Trd, 258577.167, 112
Trd, 258577.550, 140
Trd, 258577.683, 121
Trd, 258577.900, 122
Trd, 258578.167, 136
Trd, 258578.217, 134
Trd, 258578.300, 121
Trd, 258578.317, 111
Trd, 258578.450, 140
Trd, 258579.050, 133
Trd, 258579.217, 132
Trd, 258579.233, 118
Trd, 258579.417, 119
Trd, 258579.450, 118
Trd, 258579.633, 115
Trd, 258580.550, 134
Trd, 258580.567, 135
Trd, 258580.900, 124
Trd, 258581.000, 115
Trd, 258581.067, 111
Trd, 258581.317, 102
Trd, 258581.333, 95
Trd, 258581.633, 90
Trd, 258582.050, 137
Trd, 258582.150, 136
Trd, 258582.350, 97
Trd, 258582.367, 96
Trd, 258583.333, 140
Trd, 258583.367, 128
Trd, 258583.417, 125
Trd, 258583.517, 124
Trd, 258583.683, 129
Trd, 258584.183, 130
Trd, 258584.317, 127
Trd, 258584.333, 124
Trd, 258584.617, 105
Trd, 258585.600, 138
Trd, 258585.667, 131
Trd, 258586.133, 140
Trd, 258586.200, 130
Trd, 258586.600, 125
Trd, 258586.700, 124
Trd, 258586.717, 124
Trd, 258587.450, 139
Trd, 258587.667, 140
Trd, 258588.000, 124
Trd, 258588.200, 137
Trd, 258588.467, 137
Trd, 258588.983, 122
Trd, 258589.033, 120
Trd, 258589.250, 125
Trd, 258589.633, 102
Trd, 258589.683, 101
Trd, 258590.133, 116
Trd, 258590.200, 99
Trd, 258590.217, 82
Trd, 258590.267, 118
Trd, 258590.433, 86
Trd, 258590.783, 130
Trd, 258590.917, 109
Trd, 258591.350, 111
Trd, 258591.783, 127
Trd, 258591.917, 105
Trd, 258592.367, 93
Trd, 258592.450, 109
Trd, 258592.517, 129
Trd, 258592.850, 91
Trd, 258592.917, 134
Trd, 258593.417, 100
Trd, 258593.833, 116
Trd, 258593.850, 113
Trd, 258594.000, 117
Trd, 258594.017, 119
Trd, 258594.117, 108
Trd, 258594.300, 99
Trd, 258595.083, 109
Trd, 258595.200, 104
Trd, 258595.433, 110
Trd, 258595.450, 99
Trd, 258596.217, 106
Trd, 258596.433, 100
Trd, 258596.483, 99
Trd, 258596.800, 124
Trd, 258597.183, 96
Trd, 258597.350, 93
Trd, 258597.400, 125
Trd, 258597.683, 106
Trd, 258598.050, 104
Trd, 258598.083, 93
Trd, 258598.167, 92
Trd, 258598.317, 97
Trd, 258598.433, 127
Trd, 258598.783, 140
Trd, 258598.983, 139
Trd, 258599.333, 121
Trd, 258599.700, 121
Trd, 258599.767, 139
Trd, 258600.033, 128
Trd, 258600.083, 120
Trd, 258600.150, 127
Trd, 258601.183, 107
Trd, 258601.583, 133
Trd, 258602.567, 132
Trd, 258602.633, 129
Trd, 258602.800, 121
Trd, 258602.850, 123
Trd, 258602.983, 122
Trd, 258603.083, 115
Trd, 258603.117, 126
Trd, 258603.217, 133
Trd, 258603.817, 136
Trd, 258603.917, 129
Trd, 258604.867, 128
Trd, 258605.283, 135
Trd, 258605.383, 127
Trd, 258606.267, 131
Trd, 258606.300, 136
Trd, 258606.500, 106
Trd, 258607.400, 138
Trd, 258607.417, 137
Trd, 258607.850, 138
Trd, 258608.050, 132
Trd, 258608.150, 120
Trd, 258608.317, 103
Trd, 258608.583, 97
Trd, 258608.867, 138
Trd, 258608.900, 101
Trd, 258609.133, 80
Trd, 258609.183, 80
Trd, 258609.333, 94
Trd, 258609.767, 114
Trd, 258610.367, 111
Trd, 258611.267, 129
Trd, 258611.450, 130
Trd, 258611.500, 132
Trd, 258611.767, 132
Trd, 258612.100, 133
Trd, 258612.317, 128
Trd, 258612.600, 128
Trd, 258612.767, 123
Trd, 258613.217, 132
Trd, 258613.383, 117
Trd, 258613.550, 117
Trd, 258613.600, 116
Trd, 258613.633, 112
Trd, 258613.733, 120
Trd, 258613.817, 134
Trd, 258614.000, 131
Trd, 258614.017, 106
Trd, 258614.067, 100
Trd, 258614.250, 97
Trd, 258614.750, 95
Trd, 258614.883, 137
Trd, 258615.117, 140
Trd, 258615.267, 111
Trd, 258615.417, 120
Trd, 258615.700, 104
Trd, 258615.800, 84
Trd, 258615.833, 72
Trd, 258616.417, 66
Trd, 258616.433, 76
Trd, 258617.267, 134
Trd, 258617.333, 136
Trd, 258617.650, 132
Trd, 258617.767, 118
Trd, 258617.917, 136
Trd, 258617.950, 117
Trd, 258618.050, 139
Trd, 258618.667, 139
Trd, 258618.883, 97
Trd, 258619.350, 140
Trd, 258619.517, 132
Trd, 258619.833, 138
Trd, 258619.983, 124
Trd, 258620.383, 116
Trd, 258620.917, 113
Trd, 258621.117, 133
Trd, 258621.217, 113
Trd, 258621.383, 139
Trd, 258621.533, 113
Trd, 258621.783, 102
Trd, 258622.233, 135
Trd, 258622.283, 134
Trd, 258622.367, 115
Trd, 258622.583, 121
Trd, 258622.883, 117
Trd, 258623.450, 120
Trd, 258623.617, 120
Trd, 258623.733, 121
Trd, 258624.033, 111
Trd, 258624.117, 132
Trd, 258624.217, 134
Trd, 258624.467, 131
Trd, 258624.683, 127
Trd, 258624.717, 118
Trd, 258624.950, 115
Trd, 258625.117, 116
Trd, 258625.217, 108
Trd, 258625.950, 118
Trd, 258626.167, 120
Trd, 258626.350, 117
Trd, 258626.467, 112
Trd, 258626.483, 139
Trd, 258626.817, 139
Trd, 258626.967, 137
Trd, 258627.050, 134
Trd, 258627.333, 132
Trd, 258627.583, 107
Trd, 258627.933, 109
Trd, 258628.267, 119
Trd, 258628.867, 116
Trd, 258629.000, 131
Trd, 258629.217, 115
Trd, 258629.567, 114
Trd, 258629.600, 110
Trd, 258630.183, 140
Trd, 258630.367, 140
Trd, 258630.483, 140
Trd, 258630.883, 139
Trd, 258631.000, 134
Trd, 258631.067, 139
Trd, 258631.217, 128
Trd, 258631.283, 122
Trd, 258631.433, 115
Trd, 258631.517, 113
Trd, 258631.717, 106
Trd, 258632.550, 111
Trd, 258632.617, 124
Trd, 258632.850, 111
Trd, 258633.383, 129
Trd, 258633.500, 106
Trd, 258633.767, 120
Trd, 258634.000, 121
Trd, 258634.300, 127
Trd, 258634.550, 107
Trd, 258634.733, 137
Trd, 258634.950, 125
Trd, 258635.367, 134
Trd, 258635.550, 131
Trd, 258635.700, 116
Trd, 258635.817, 112
Trd, 258635.850, 101
Trd, 258636.050, 110
Trd, 258636.750, 111
Trd, 258636.950, 107
Trd, 258637.050, 108
Trd, 258637.550, 129
Trd, 258637.717, 110
Trd, 258637.883, 110
Trd, 258637.900, 107
Trd, 258638.200, 127
Trd, 258639.067, 116
Trd, 258639.100, 117
Trd, 258639.433, 118
Trd, 258639.483, 127
Trd, 258640.300, 108
Trd, 258640.483, 116
Trd, 258640.500, 102
Trd, 258640.567, 93
Trd, 258640.900, 102
Trd, 258641.250, 91
Trd, 258641.583, 108
Trd, 258641.650, 115
Trd, 258641.767, 127
Trd, 258641.967, 136
Trd, 258642.033, 113
Trd, 258642.450, 133
Trd, 258642.833, 137
Trd, 258642.867, 132
Trd, 258643.183, 128
Trd, 258643.317, 117
Trd, 258643.333, 106
Trd, 258643.600, 113
Trd, 258643.767, 121
Trd, 258644.033, 116
Trd, 258644.550, 139
Trd, 258645.167, 136
Trd, 258645.533, 122
Trd, 258646.067, 140
Trd, 258646.567, 139
Trd, 258646.717, 128
Trd, 258646.750, 120
Trd, 258647.033, 140
Trd, 258647.100, 116
Trd, 258647.150, 118
Trd, 258647.167, 114
Trd, 258647.350, 129
Trd, 258647.483, 110
Trd, 258647.850, 99
Trd, 258648.300, 127
Trd, 258648.350, 131
Trd, 258649.467, 128
Trd, 258649.533, 125
Trd, 258649.850, 114
Trd, 258650.167, 113
Trd, 258650.183, 113
Trd, 258650.333, 112
Trd, 258650.350, 98
Trd, 258650.417, 92
Trd, 258650.617, 109
Trd, 258650.833, 131
Trd, 258651.117, 139
Trd, 258651.383, 136
Trd, 258651.567, 135
Trd, 258651.717, 96
Trd, 258651.817, 94
Trd, 258651.950, 89
Trd, 258652.083, 129
Trd, 258652.333, 109
Trd, 258652.650, 116
Trd, 258653.800, 128
Trd, 258654.250, 118
Trd, 258654.567, 115
Trd, 258655.250, 136
Trd, 258655.317, 135
Trd, 258655.450, 129
Trd, 258655.683, 125
Trd, 258655.867, 128
Trd, 258656.233, 136
Trd, 258656.383, 138
Trd, 258656.617, 133
Trd, 258656.683, 130
Trd, 258656.700, 121
Trd, 258657.083, 140
Trd, 258657.117, 131
Trd, 258657.450, 122
Trd, 258657.483, 118
Trd, 258658.000, 109
Trd, 258658.233, 129
Trd, 258658.533, 133
Trd, 258658.950, 99
Trd, 258659.117, 133
Trd, 258659.133, 103
Trd, 258659.233, 117
Trd, 258659.500, 130
Trd, 258659.750, 114
Trd, 258659.850, 134
Trd, 258660.017, 99
Trd, 258660.300, 101
Trd, 258660.317, 135
Trd, 258660.617, 90
Trd, 258661.333, 117
Trd, 258661.500, 101
Trd, 258661.533, 89
Trd, 258661.700, 119
Trd, 258661.883, 94
Trd, 258662.083, 89
Trd, 258662.117, 91
Trd, 258662.233, 136
Trd, 258662.467, 114
Trd, 258662.683, 129
Trd, 258663.417, 135
Trd, 258663.567, 134
Trd, 258663.633, 134
Trd, 258663.933, 133
Trd, 258664.633, 132
Trd, 258664.883, 123
Trd, 258665.217, 140
Trd, 258665.250, 139
Trd, 258665.400, 139
Trd, 258665.500, 133
Trd, 258665.833, 134
Trd, 258665.917, 125
Trd, 258666.017, 113
Trd, 258666.850, 132
Trd, 258667.183, 136
Trd, 258667.783, 136
Trd, 258668.217, 133
Trd, 258668.267, 139
Trd, 258668.350, 132
Trd, 258668.667, 130
Trd, 258668.900, 139
Trd, 258668.983, 138
Trd, 258669.883, 137
Trd, 258670.500, 126
Trd, 258670.733, 137
Trd, 258670.900, 120
Trd, 258670.967, 119
Trd, 258671.050, 129
Trd, 258671.067, 116
Trd, 258671.717, 140
Trd, 258671.750, 140
Trd, 258671.867, 130
Trd, 258672.233, 114
Trd, 258672.300, 117
Trd, 258672.467, 140
Trd, 258672.683, 91
Trd, 258672.800, 91
Trd, 258673.400, 119
Trd, 258674.017, 132
Trd, 258674.183, 118
Trd, 258674.300, 118
Trd, 258674.417, 115
Trd, 258674.483, 112
Trd, 258674.517, 133
Trd, 258674.600, 102
Trd, 258674.733, 136
Trd, 258675.383, 107
Trd, 258675.433, 103
Trd, 258675.850, 108
Trd, 258676.117, 109
Trd, 258676.483, 121
Trd, 258676.567, 103
Trd, 258677.217, 138
Trd, 258677.433, 137
Trd, 258677.450, 119
Trd, 258677.550, 124
Trd, 258677.633, 118
Trd, 258677.883, 139
Trd, 258678.383, 132
Trd, 258678.600, 118
Trd, 258678.617, 117
Trd, 258678.800, 109
Trd, 258678.967, 128
Trd, 258679.417, 123
Trd, 258679.833, 140
Trd, 258680.017, 135
Trd, 258680.400, 130
Trd, 258680.483, 128
Trd, 258680.617, 119
Trd, 258680.650, 109
Trd, 258680.900, 99
Trd, 258681.667, 137
Trd, 258681.950, 136
Trd, 258682.250, 112
Trd, 258682.417, 101
Trd, 258682.817, 97
Trd, 258683.233, 113
Trd, 258683.267, 114
Trd, 258683.367, 125
Trd, 258683.650, 119
Trd, 258683.833, 140
Trd, 258683.967, 127
Trd, 258684.150, 126
Trd, 258684.383, 114
Trd, 258684.400, 101
Trd, 258684.767, 103
Trd, 258685.117, 140
Trd, 258685.183, 139
Trd, 258685.367, 129
Trd, 258685.450, 128
Trd, 258685.833, 130
Trd, 258686.283, 138
Trd, 258686.433, 136
Trd, 258686.733, 137
Trd, 258686.850, 128
Trd, 258686.883, 116
Trd, 258686.933, 110
Trd, 258687.083, 109
Trd, 258688.017, 118
Trd, 258688.233, 117
Trd, 258688.283, 115
Trd, 258688.483, 125
Trd, 258688.567, 106
Trd, 258689.567, 130
Trd, 258689.617, 133
Trd, 258689.717, 134
Trd, 258689.817, 129
Trd, 258689.967, 115
Trd, 258690.483, 115
Trd, 258690.950, 113
Trd, 258690.967, 110
Trd, 258691.383, 109
Trd, 258691.600, 108
Trd, 258691.900, 105
Trd, 258691.917, 97
Trd, 258692.217, 108
Trd, 258692.717, 116
Trd, 258693.017, 111
Trd, 258693.283, 103
Trd, 258693.400, 97
Trd, 258693.417, 92
Trd, 258693.433, 98
Trd, 258693.600, 136
Trd, 258693.767, 138
Trd, 258693.883, 81
Trd, 258694.367, 140
Trd, 258694.667, 94
Trd, 258694.783, 108
Trd, 258695.083, 130
Trd, 258695.883, 117
Trd, 258695.933, 132
Trd, 258696.150, 126
Trd, 258696.317, 111
Trd, 258696.450, 140
Trd, 258697.267, 128
Trd, 258697.417, 127
Trd, 258697.583, 135
Trd, 258697.983, 129
Trd, 258698.133, 127
Trd, 258698.300, 128
Trd, 258698.450, 127
Trd, 258698.667, 135
Trd, 258698.883, 126
Trd, 258698.950, 118
Trd, 258699.283, 101
Trd, 258699.350, 112
Trd, 258699.500, 120
Trd, 258699.850, 101
Trd, 258700.267, 114
Trd, 258700.283, 108
Trd, 258701.083, 137
Trd, 258701.233, 122
Trd, 258701.433, 126
Trd, 258701.767, 136
Trd, 258702.167, 122
Trd, 258702.350, 118
Trd, 258702.617, 132
Trd, 258702.667, 120
Trd, 258702.733, 117
Trd, 258703.183, 124
Trd, 258703.667, 124
Trd, 258703.767, 116
Trd, 258704.100, 110
Trd, 258704.150, 110
Trd, 258704.183, 96
Trd, 258704.800, 122
Trd, 258704.967, 123
Trd, 258705.267, 117
Trd, 258705.567, 116
Trd, 258705.600, 125
Trd, 258705.683, 115
Trd, 258705.783, 100
Trd, 258706.583, 89
Trd, 258707.250, 137
Trd, 258707.433, 121
Trd, 258707.633, 117
Trd, 258708.467, 137
Trd, 258708.650, 119
Trd, 258708.750, 120
Trd, 258708.983, 109
Trd, 258709.133, 120
Trd, 258709.150, 105
Trd, 258709.300, 137
Trd, 258709.567, 109
Trd, 258709.617, 107
Trd, 258709.700, 103
Trd, 258709.733, 98
Trd, 258710.117, 116
Trd, 258710.233, 116
Trd, 258710.417, 114
Trd, 258710.567, 123
Trd, 258710.767, 125
Trd, 258711.300, 120
Trd, 258711.383, 125
Trd, 258711.650, 101
Trd, 258711.783, 97
Trd, 258711.800, 92
Trd, 258711.983, 102
Trd, 258712.350, 127
Trd, 258712.800, 127
Trd, 258712.850, 125
Trd, 258712.883, 124
Trd, 258712.950, 129
Trd, 258713.267, 120
Trd, 258713.500, 125
Trd, 258713.867, 100
Trd, 258714.267, 138
Trd, 258714.317, 80
Trd, 258715.250, 140
Trd, 258715.283, 133
Trd, 258715.817, 118
Trd, 258715.933, 96
Trd, 258716.033, 113
Trd, 258716.250, 97
Trd, 258716.367, 95
Trd, 258716.467, 130
Trd, 258717.300, 114
Trd, 258717.367, 113
Trd, 258717.467, 112
Trd, 258717.617, 121
Trd, 258717.817, 112
Trd, 258717.950, 111
Trd, 258718.367, 111
Trd, 258718.550, 115
Trd, 258718.700, 107
Trd, 258719.333, 114
Trd, 258719.450, 116
Trd, 258719.700, 117
Trd, 258720.000, 123
Trd, 258720.300, 127
Trd, 258720.617, 126
Trd, 258720.733, 137
Trd, 258721.450, 124
Trd, 258721.667, 121
Trd, 258721.767, 110
Trd, 258721.833, 108
Trd, 258721.933, 115
Trd, 258722.300, 140
Trd, 258722.333, 140
Trd, 258722.733, 111
Trd, 258723.117, 108
Trd, 258723.433, 107
Trd, 258723.617, 105
Trd, 258723.767, 91
Trd, 258723.917, 106
Trd, 258724.167, 92
Trd, 258724.283, 97
Trd, 258724.517, 90
Trd, 258724.833, 101
Trd, 258724.967, 102
Trd, 258724.983, 117
Trd, 258725.217, 81
Trd, 258725.583, 136
Trd, 258725.700, 140
Trd, 258725.783, 91
Trd, 258726.083, 125
Trd, 258726.550, 124
Trd, 258726.767, 120
Trd, 258726.900, 119
Trd, 258727.083, 131
Trd, 258727.500, 127
Trd, 258727.550, 122
Trd, 258727.717, 117
Trd, 258728.267, 123
Trd, 258728.733, 116
Trd, 258728.783, 133
Trd, 258728.883, 138
Trd, 258729.217, 122
Trd, 258729.250, 118
Trd, 258729.267, 115
Trd, 258729.650, 139
Trd, 258729.800, 134
Trd, 258730.300, 111
Trd, 258730.917, 127
Trd, 258731.050, 99
Trd, 258731.100, 99
Trd, 258731.167, 98
Trd, 258731.233, 126
Trd, 258731.467, 93
Trd, 258731.683, 97
Trd, 258731.700, 96
Trd, 258732.067, 91
Trd, 258732.183, 123
Trd, 258732.283, 114
Trd, 258732.400, 132
Trd, 258732.917, 93
Trd, 258732.933, 130
Trd, 258733.083, 110
Trd, 258733.450, 105
Trd, 258733.633, 92
Trd, 258733.683, 133
Trd, 258734.133, 134
Trd, 258735.000, 132
Trd, 258735.017, 116
Trd, 258735.250, 113
Trd, 258735.700, 113
Trd, 258735.733, 99
Trd, 258736.167, 96
Trd, 258736.233, 95
Trd, 258736.400, 106
Trd, 258736.567, 118
Trd, 258736.883, 140
Trd, 258737.183, 132
Trd, 258737.200, 100
Trd, 258737.750, 140
Trd, 258737.867, 120
Trd, 258738.067, 131
Trd, 258738.600, 119
Trd, 258738.933, 118
Trd, 258739.083, 115
Trd, 258739.317, 123
Trd, 258739.333, 109
Trd, 258739.767, 133
Trd, 258741.167, 127
Trd, 258741.417, 136
Trd, 258741.433, 135
Trd, 258741.617, 134
Trd, 258741.733, 134
Trd, 258741.950, 127
Trd, 258742.167, 124
Trd, 258742.183, 123
Trd, 258742.650, 132
Trd, 258742.733, 123
Trd, 258742.783, 136
Trd, 258742.950, 118
Trd, 258743.083, 116
Trd, 258743.217, 109
Trd, 258743.300, 107
Trd, 258743.650, 107
Trd, 258743.767, 110
Trd, 258744.433, 118
Trd, 258744.500, 87
Trd, 258744.567, 80
Trd, 258744.650, 121
Trd, 258744.733, 93
Trd, 258744.850, 74
Trd, 258745.017, 64
Trd, 258745.050, 84
Trd, 258745.233, 129
Trd, 258745.567, 85
Trd, 258745.650, 86
Trd, 258746.317, 109
Trd, 258746.400, 110
Trd, 258746.600, 112
Trd, 258746.617, 113
Trd, 258747.733, 113
Trd, 258748.383, 121
Trd, 258748.600, 140
Trd, 258748.783, 131
Trd, 258749.317, 132
Trd, 258749.617, 131
Trd, 258749.683, 130
Trd, 258749.767, 125
Trd, 258749.850, 121
Trd, 258750.017, 140
Trd, 258750.150, 139
Trd, 258750.533, 132
Trd, 258750.767, 128
Trd, 258750.967, 125
Trd, 258751.000, 122
Trd, 258751.633, 110
Trd, 258752.150, 122
Trd, 258752.367, 124
Trd, 258752.450, 123
Trd, 258752.533, 113
Trd, 258753.017, 120
Trd, 258753.083, 120
Trd, 258753.233, 111
Trd, 258753.283, 109
Trd, 258753.350, 100
Trd, 258753.433, 122
Trd, 258753.633, 107
Trd, 258754.450, 140
Trd, 258754.867, 129
Trd, 258755.133, 125
Trd, 258755.517, 134
Trd, 258755.717, 116
Trd, 258755.917, 117
Trd, 258756.017, 139
Trd, 258756.100, 115
Trd, 258756.583, 113
Trd, 258756.967, 140
Trd, 258756.983, 138
Trd, 258757.100, 132
Trd, 258757.400, 119
Trd, 258757.433, 113
Trd, 258757.667, 134
Trd, 258758.000, 133
Trd, 258758.233, 133
Trd, 258758.600, 125
Trd, 258758.883, 114
Trd, 258758.983, 97
Trd, 258759.167, 131
Trd, 258759.183, 122
Trd, 258759.333, 94
Trd, 258759.350, 100
Trd, 258759.483, 99
Trd, 258759.567, 115
Trd, 258760.150, 123
Trd, 258760.217, 132
Trd, 258760.783, 136
Trd, 258760.833, 122
Trd, 258761.267, 126
Trd, 258761.350, 133
Trd, 258761.833, 124
Trd, 258761.867, 124
Trd, 258762.267, 125
Trd, 258762.483, 115
Trd, 258762.550, 126
Trd, 258762.850, 112
Trd, 258763.033, 112
Trd, 258763.433, 126
Trd, 258763.633, 103
Trd, 258763.733, 97
Trd, 258763.750, 86
Trd, 258764.200, 132
Trd, 258764.333, 131
Trd, 258764.867, 125
Trd, 258764.900, 132
Trd, 258765.067, 114
Trd, 258765.133, 110
Trd, 258765.200, 105
Trd, 258765.850, 137
Trd, 258766.017, 118
Trd, 258766.050, 128
Trd, 258766.350, 140
Trd, 258766.383, 136
Trd, 258766.483, 110
Trd, 258766.783, 136
Trd, 258766.800, 115
Trd, 258767.333, 97
Trd, 258768.000, 124
Trd, 258768.267, 102
Trd, 258768.550, 129
Trd, 258768.783, 120
Trd, 258769.333, 119
Trd, 258769.533, 119
Trd, 258769.567, 128
Trd, 258769.800, 126
Trd, 258770.400, 117
Trd, 258770.450, 109
Trd, 258770.583, 113
Trd, 258770.933, 107
Trd, 258771.383, 99
Trd, 258771.617, 96
Trd, 258771.683, 96
Trd, 258771.867, 94
Trd, 258772.433, 99
Trd, 258772.733, 96
Trd, 258772.800, 102
Trd, 258773.150, 95
Trd, 258773.267, 95
Trd, 258773.483, 110
Trd, 258773.500, 101
Trd, 258773.533, 93
Trd, 258773.633, 114
Trd, 258773.850, 86
Trd, 258773.933, 128
Trd, 258774.050, 129
Trd, 258774.083, 71
Trd, 258774.717, 140
Trd, 258774.800, 138
Trd, 258775.000, 133
Trd, 258775.217, 137
Trd, 258776.317, 140
Trd, 258776.367, 136
Trd, 258776.733, 127
Trd, 258776.767, 127
Trd, 258776.900, 132
Trd, 258777.100, 106
Trd, 258777.200, 103
Trd, 258777.233, 90
Trd, 258777.667, 133
Trd, 258777.683, 120
Trd, 258777.933, 100
Trd, 258778.367, 109
Trd, 258778.417, 106
Trd, 258778.583, 90
Trd, 258778.667, 131
Trd, 258778.883, 90
Trd, 258779.350, 128
Trd, 258779.367, 90
Trd, 258780.000, 106
Trd, 258780.067, 89
Trd, 258780.133, 88
Trd, 258780.233, 85
Trd, 258780.367, 130
Trd, 258780.850, 92
Trd, 258780.883, 84
Trd, 258780.933, 97
Trd, 258781.000, 82
Trd, 258781.017, 105
Trd, 258781.567, 80
Trd, 258781.667, 71
Trd, 258781.700, 89
Trd, 258781.717, 67
Trd, 258781.867, 68
Trd, 258782.217, 123
Trd, 258782.883, 135
Trd, 258783.317, 140
Trd, 258784.200, 103
Trd, 258784.350, 108
Trd, 258784.400, 118
Trd, 258784.900, 134
Trd, 258785.033, 118
Trd, 258785.300, 139
Trd, 258786.033, 119
Trd, 258786.283, 120
Trd, 258786.700, 128
Trd, 258786.800, 118
Trd, 258786.917, 129
Trd, 258786.950, 115
Trd, 258787.367, 128
Trd, 258787.633, 139
Trd, 258787.683, 140
Trd, 258787.950, 139
Trd, 258787.983, 134
Trd, 258788.067, 127
Trd, 258788.550, 118
Trd, 258788.567, 117
Trd, 258788.950, 115
Trd, 258789.567, 133
Trd, 258790.050, 130
Trd, 258790.650, 137
Trd, 258790.983, 140
Trd, 258791.017, 136
Trd, 258791.400, 131
Trd, 258791.417, 130
Trd, 258791.883, 132
Trd, 258792.300, 133
Trd, 258792.383, 132
Trd, 258792.533, 125
Trd, 258792.583, 117
Trd, 258793.167, 130
Trd, 258793.267, 103
Trd, 258793.367, 102
Trd, 258793.450, 97
Trd, 258793.483, 138
Trd, 258793.667, 127
Trd, 258794.033, 137
Trd, 258794.467, 119
Trd, 258794.783, 117
Trd, 258794.950, 112
Trd, 258795.133, 98
Trd, 258795.867, 102
Trd, 258796.300, 117
Trd, 258796.517, 118
Trd, 258796.767, 109
Trd, 258796.983, 136
Trd, 258797.150, 137
Trd, 258797.233, 121
Trd, 258797.250, 108
Trd, 258797.600, 121
Trd, 258797.767, 101
Trd, 258798.050, 120
Trd, 258798.100, 99
Trd, 258798.183, 113
Trd, 258798.317, 128
Trd, 258798.383, 95
Trd, 258798.467, 93
Trd, 258799.133, 137
Trd, 258799.233, 136
Trd, 258800.500, 132
Trd, 258800.517, 131
Trd, 258800.717, 137
Trd, 258801.150, 118
Trd, 258801.200, 115
Trd, 258801.250, 111
Trd, 258801.517, 109
Trd, 258801.717, 114
Trd, 258801.750, 95
Trd, 258802.317, 140
Trd, 258803.133, 140
Trd, 258803.267, 139
Trd, 258803.300, 138
Trd, 258803.467, 135
Trd, 258803.633, 134
Trd, 258803.833, 120
Trd, 258803.917, 117
Trd, 258803.967, 109
Trd, 258804.083, 109
Trd, 258804.117, 106
Trd, 258804.883, 103
Trd, 258805.533, 135
Trd, 258805.600, 130
Trd, 258805.717, 112
Trd, 258806.233, 93
Trd, 258806.467, 117
Trd, 258806.533, 119
Trd, 258806.650, 115
Trd, 258806.750, 121
Trd, 258807.433, 140
Trd, 258807.850, 140
Trd, 258807.967, 139
Trd, 258808.183, 134
Trd, 258808.467, 140
Trd, 258808.567, 138
Trd, 258808.683, 137
Trd, 258808.717, 136
Trd, 258809.100, 136
Trd, 258809.417, 129
Trd, 258809.533, 128
Trd, 258809.567, 121
Trd, 258809.900, 134
Trd, 258810.033, 126
Trd, 258810.667, 136
Trd, 258810.700, 115
Trd, 258810.983, 112
Trd, 258811.083, 108
Trd, 258811.933, 138
Trd, 258811.950, 133
Trd, 258812.083, 126
Trd, 258812.100, 123
Trd, 258812.683, 140
Trd, 258812.767, 121
Trd, 258812.817, 120
Trd, 258813.033, 140
Trd, 258813.100, 118
Trd, 258813.950, 140
Trd, 258814.117, 140
Trd, 258814.250, 137
Trd, 258814.533, 132
Trd, 258814.650, 113
Trd, 258814.700, 113
Trd, 258814.900, 125
Trd, 258815.350, 133
Trd, 258815.700, 124
Trd, 258816.033, 134
Trd, 258816.500, 120
Trd, 258816.600, 122
Trd, 258816.767, 120
Trd, 258816.883, 105
Trd, 258817.167, 94
Trd, 258817.617, 116
Trd, 258817.800, 110
Trd, 258818.117, 132
Trd, 258818.150, 110
Trd, 258818.367, 109
Trd, 258818.417, 111
Trd, 258818.433, 78
Trd, 258818.567, 111
Trd, 258818.700, 83
Trd, 258819.200, 94
Trd, 258819.317, 99
Trd, 258819.433, 84
Trd, 258819.633, 122
Trd, 258819.700, 125
Trd, 258819.967, 125
Trd, 258820.000, 116
Trd, 258820.500, 114
Trd, 258820.633, 82
Trd, 258820.917, 108
Trd, 258820.983, 99
Trd, 258822.083, 133
Trd, 258822.483, 138
Trd, 258822.550, 125
Trd, 258822.733, 133
Trd, 258823.317, 134
Trd, 258823.667, 139
Trd, 258823.767, 124
Trd, 258823.867, 131
Trd, 258824.017, 138
Trd, 258824.067, 120
Trd, 258824.183, 122
Trd, 258824.317, 132
Trd, 258824.517, 139
Trd, 258824.667, 118
Trd, 258824.800, 99
Trd, 258824.883, 97
Trd, 258824.983, 96
Trd, 258825.683, 94
Trd, 258825.750, 89
Trd, 258825.783, 95
Trd, 258826.083, 90
Trd, 258826.383, 83
Trd, 258826.750, 80
Trd, 258826.783, 112
Trd, 258826.833, 116
Trd, 258827.150, 92
Trd, 258827.267, 130
Trd, 258828.133, 113
Trd, 258828.267, 111
Trd, 258828.750, 111
Trd, 258829.350, 110
Trd, 258829.450, 104
Trd, 258829.817, 110
Trd, 258829.883, 115
Trd, 258830.100, 107
Trd, 258830.267, 120
Trd, 258830.900, 118
Trd, 258831.450, 137
Trd, 258831.717, 116
Trd, 258831.733, 103
Trd, 258831.867, 138
Trd, 258832.183, 99
Trd, 258832.550, 98
Trd, 258832.917, 107
Trd, 258833.083, 131
Trd, 258833.167, 135
Trd, 258833.183, 123
Trd, 258833.517, 103
Trd, 258833.567, 114
Trd, 258833.633, 96
Trd, 258833.783, 89
Trd, 258833.883, 88
Trd, 258834.067, 87
Trd, 258834.383, 137
Trd, 258834.583, 114
Trd, 258834.617, 121
Trd, 258835.000, 140
Trd, 258835.967, 115
Trd, 258836.283, 128
Trd, 258836.317, 118
Trd, 258836.600, 135
Trd, 258836.717, 131
Trd, 258836.933, 128
Trd, 258837.167, 140
Trd, 258837.600, 127
Trd, 258838.017, 104
Trd, 258838.067, 112
Trd, 258838.200, 93
Trd, 258838.233, 105
Trd, 258838.817, 89
Trd, 258838.833, 86
Trd, 258838.933, 112
Trd, 258838.967, 105
Trd, 258839.533, 75
Trd, 258840.017, 95
Trd, 258840.467, 108
Trd, 258841.217, 100
Trd, 258841.367, 131
Trd, 258841.750, 104
Trd, 258842.133, 103
Trd, 258842.333, 110
Trd, 258842.350, 133
Trd, 258842.367, 108
Trd, 258842.633, 119
Trd, 258842.917, 105
Trd, 258843.533, 132
Trd, 258843.683, 131
Trd, 258843.850, 119
Trd, 258843.933, 139
Trd, 258843.983, 97
Trd, 258844.267, 108
Trd, 258844.750, 108
Trd, 258844.783, 130
Trd, 258845.167, 131
Trd, 258845.283, 129
Trd, 258845.417, 139
Trd, 258845.683, 124
Trd, 258845.850, 140
Trd, 258845.950, 108
Trd, 258846.383, 106
Trd, 258846.583, 111
Trd, 258846.633, 110
Trd, 258847.183, 129
Trd, 258847.267, 108
Trd, 258847.517, 128
Trd, 258847.550, 117
Trd, 258847.567, 105
Trd, 258847.700, 95
Trd, 258847.717, 93
Trd, 258848.017, 103
Trd, 258848.733, 99
Trd, 258848.833, 99
Trd, 258849.400, 115
Trd, 258849.433, 102
Trd, 258849.517, 124
Trd, 258849.583, 77
Trd, 258849.667, 132
Trd, 258849.800, 75
Trd, 258850.200, 106
Trd, 258850.367, 107
Trd, 258851.067, 138
Trd, 258851.633, 134
Trd, 258851.900, 137
Trd, 258851.950, 128
Trd, 258852.133, 137
Trd, 258852.183, 121
Trd, 258852.433, 111
Trd, 258852.567, 98
Trd, 258852.633, 76
Trd, 258852.817, 90
Trd, 258853.267, 93
Trd, 258853.350, 116
Trd, 258853.533, 136
Trd, 258853.600, 110
Trd, 258853.833, 124
Trd, 258854.067, 93
Trd, 258854.400, 94
Trd, 258854.700, 122
Trd, 258854.900, 94
Trd, 258855.033, 93
Trd, 258855.133, 81
Trd, 258855.150, 123
Trd, 258855.400, 121
Trd, 258855.633, 94
Trd, 258855.983, 82
Trd, 258856.017, 81
Trd, 258856.317, 92
Trd, 258856.367, 93
Trd, 258856.550, 87
Trd, 258856.683, 85
Trd, 258856.967, 76
Trd, 258857.033, 78
Trd, 258857.800, 134
Trd, 258857.867, 127
Trd, 258857.950, 130
Trd, 258858.000, 114
Trd, 258858.333, 111
Trd, 258858.783, 107
Trd, 258859.200, 102
Trd, 258859.317, 86
Trd, 258859.500, 84
Trd, 258859.633, 68
Trd, 258860.017, 98
Trd, 258860.183, 97
Trd, 258860.467, 70
Trd, 258860.517, 102
Trd, 258860.767, 66
Trd, 258860.883, 94
Trd, 258861.017, 103
Trd, 258861.367, 79
Trd, 258861.433, 72
Trd, 258861.517, 83
Trd, 258862.133, 67
Trd, 258862.317, 113
Trd, 258862.483, 87
Trd, 258863.267, 102
Trd, 258863.333, 90
Trd, 258863.633, 89
Trd, 258863.850, 103
Trd, 258863.917, 88
Trd, 258863.983, 102
Trd, 258864.017, 103
Trd, 258864.083, 134
Trd, 258864.333, 78
Trd, 258864.433, 84
Trd, 258864.700, 106
Trd, 258865.083, 105
Trd, 258865.183, 97
Trd, 258865.233, 88
Trd, 258865.367, 81
Trd, 258865.733, 125
Trd, 258865.933, 127
Trd, 258865.950, 92
Trd, 258866.117, 131
Trd, 258867.050, 102
Trd, 258867.067, 101
Trd, 258867.150, 104
Trd, 258867.317, 93
Trd, 258867.650, 112
Trd, 258867.667, 129
Trd, 258867.700, 103
Trd, 258868.917, 121
Trd, 258869.417, 138
Trd, 258869.733, 126
Trd, 258869.933, 117
Trd, 258870.067, 133
Trd, 258870.267, 116
Trd, 258870.667, 127
Trd, 258871.200, 126
Trd, 258871.400, 137
Trd, 258871.533, 126
Trd, 258871.883, 132
Trd, 258871.983, 131
Trd, 258872.817, 138
Trd, 258873.000, 133
Trd, 258873.150, 132
Trd, 258873.317, 140
Trd, 258873.533, 130
Trd, 258873.650, 124
Trd, 258873.850, 130
Trd, 258874.083, 130
Trd, 258874.533, 127
Trd, 258874.617, 126
Trd, 258874.767, 117
Trd, 258874.800, 113
Trd, 258874.817, 130
Trd, 258875.017, 113
Trd, 258875.250, 124
Trd, 258875.883, 140
Trd, 258875.933, 113
Trd, 258876.217, 110
Trd, 258876.400, 112
Trd, 258876.817, 104
Trd, 258877.167, 134
Trd, 258877.183, 104
Trd, 258877.200, 100
Trd, 258877.317, 108
Trd, 258878.100, 135
Trd, 258878.167, 103
Trd, 258878.350, 111
Trd, 258878.533, 104
Trd, 258879.083, 83
Trd, 258879.233, 80
Trd, 258879.733, 100
Trd, 258879.750, 123
Trd, 258880.350, 128
Trd, 258880.450, 129
Trd, 258880.467, 106
Trd, 258880.817, 98
Trd, 258881.183, 96
Trd, 258881.200, 95
Trd, 258881.300, 110
Trd, 258881.400, 125
Trd, 258881.867, 108
Trd, 258882.067, 104
Trd, 258882.567, 106
Trd, 258882.833, 114
Trd, 258883.067, 123
Trd, 258883.183, 101
Trd, 258883.383, 101
Trd, 258883.800, 100
Trd, 258883.817, 111
Trd, 258883.933, 113
Trd, 258883.950, 113
Trd, 258884.083, 123
Trd, 258884.150, 126
Trd, 258884.817, 116
Trd, 258885.133, 135
Trd, 258885.333, 134
Trd, 258885.650, 117
Trd, 258886.033, 108
Trd, 258886.100, 108
Trd, 258886.117, 134
Trd, 258886.133, 136
Trd, 258886.783, 105
Trd, 258886.883, 103
Trd, 258887.933, 140
Trd, 258888.067, 127
Trd, 258888.433, 137
Trd, 258888.900, 117
Trd, 258889.300, 119
Trd, 258889.400, 118
Trd, 258889.667, 102
Trd, 258889.817, 122
Trd, 258890.083, 122
Trd, 258890.550, 139
Trd, 258890.917, 133
Trd, 258891.017, 139
Trd, 258891.067, 132
Trd, 258891.950, 138
Trd, 258892.067, 132
Trd, 258892.233, 138
Trd, 258892.600, 139
Trd, 258892.733, 138
Trd, 258892.850, 136
Trd, 258893.433, 131
Trd, 258893.583, 128
Trd, 258893.917, 127
Trd, 258894.283, 137
Trd, 258894.517, 122
Trd, 258895.183, 132
Trd, 258895.483, 130
Trd, 258895.767, 128
Trd, 258895.783, 128
Trd, 258896.517, 132
Trd, 258896.617, 118
Trd, 258896.750, 115
Trd, 258896.767, 114
Trd, 258896.817, 111
Trd, 258896.917, 132
Trd, 258897.267, 117
Trd, 258898.283, 96
Trd, 258898.333, 127
Trd, 258898.383, 88
Trd, 258898.433, 134
Trd, 258898.483, 86
Trd, 258898.500, 83
Trd, 258898.717, 75
Trd, 258899.150, 128
Trd, 258899.600, 133
Trd, 258899.950, 135
Trd, 258900.133, 124
Trd, 258900.333, 126
Trd, 258900.417, 135
Trd, 258900.783, 124
Trd, 258900.850, 120
Trd, 258900.967, 109
Trd, 258901.833, 136
Trd, 258902.617, 131
Trd, 258902.950, 139
Trd, 258903.500, 134
Trd, 258903.517, 131
Trd, 258903.567, 125
Trd, 258903.667, 112
Trd, 258903.850, 99
Trd, 258904.117, 118
Trd, 258904.350, 114
Trd, 258904.483, 109
Trd, 258904.567, 107
Trd, 258905.617, 137
Trd, 258905.867, 137
Trd, 258906.333, 136
Trd, 258906.517, 134
Trd, 258906.667, 138
Trd, 258906.700, 131
Trd, 258906.733, 128
Trd, 258907.033, 120
Trd, 258907.533, 134
Trd, 258907.550, 113
Trd, 258908.100, 136
Trd, 258908.117, 103
Trd, 258908.533, 119
Trd, 258908.567, 118
Trd, 258909.500, 136
Trd, 258909.683, 125
Trd, 258909.767, 119
Trd, 258910.417, 116
Trd, 258910.483, 117
Trd, 258910.500, 116
Trd, 258910.583, 105
Trd, 258910.600, 104
Trd, 258910.717, 114
Trd, 258910.917, 100
Trd, 258911.167, 136
Trd, 258911.817, 124
Trd, 258912.167, 120
Trd, 258912.483, 128
Trd, 258912.733, 133
Trd, 258912.750, 115
Trd, 258913.050, 121
Trd, 258913.133, 137
Trd, 258913.217, 111
Trd, 258913.467, 101
Trd, 258913.850, 105
Trd, 258913.917, 101
Trd, 258914.083, 104
Trd, 258914.383, 98
Trd, 258914.683, 129
Trd, 258914.750, 122
Trd, 258914.917, 109
Trd, 258915.050, 108
Trd, 258915.183, 84
Trd, 258915.583, 95
Trd, 258915.667, 125
Trd, 258915.967, 99
Trd, 258916.017, 103
Trd, 258916.117, 95
Trd, 258916.350, 120
Trd, 258916.917, 133
Trd, 258917.117, 125
Trd, 258917.833, 126
Trd, 258917.900, 125
Trd, 258917.950, 123
Trd, 258918.067, 134
Trd, 258918.217, 118
Trd, 258918.383, 109
Trd, 258918.700, 108
Trd, 258918.767, 112
Trd, 258918.817, 107
Trd, 258919.117, 134
Trd, 258919.367, 132
Trd, 258919.533, 115
Trd, 258919.733, 139
Trd, 258919.750, 108
Trd, 258920.367, 133
Trd, 258920.600, 125
Trd, 258920.900, 106
Trd, 258921.017, 112
Trd, 258921.417, 140
Trd, 258921.433, 140
Trd, 258921.967, 118
Trd, 258922.117, 111
Trd, 258922.200, 125
Trd, 258922.450, 139
Trd, 258922.600, 130
Trd, 258922.767, 130
Trd, 258922.883, 137
Trd, 258923.517, 117
Trd, 258923.617, 115
Trd, 258923.650, 114
Trd, 258923.767, 99
Trd, 258924.350, 99
Trd, 258924.433, 110
Trd, 258924.533, 87
Trd, 258924.633, 134
Trd, 258924.767, 121
Trd, 258924.800, 83
Trd, 258924.917, 75
Trd, 258925.467, 137
Trd, 258926.000, 136
Trd, 258926.317, 135
Trd, 258926.417, 139
Trd, 258926.517, 130
Trd, 258926.600, 112
Trd, 258927.233, 134
Trd, 258927.517, 138
Trd, 258927.583, 127
Trd, 258927.650, 125
Trd, 258927.717, 124
Trd, 258927.833, 111
Trd, 258927.917, 95
Trd, 258928.500, 113
Trd, 258928.733, 114
Trd, 258928.767, 115
Trd, 258929.350, 91
Trd, 258929.550, 113
Trd, 258929.617, 116
Trd, 258929.683, 119
Trd, 258930.083, 138
Trd, 258930.483, 137
Trd, 258930.517, 104
Trd, 258930.550, 89
Trd, 258931.150, 89
Trd, 258931.467, 136
Trd, 258931.617, 125
Trd, 258931.783, 137
Trd, 258931.833, 134
Trd, 258932.200, 140
Trd, 258932.550, 129
Trd, 258932.650, 100
Trd, 258933.583, 129
Trd, 258933.983, 115
Trd, 258934.083, 102
Trd, 258934.150, 95
Trd, 258934.700, 131
Trd, 258935.450, 109
Trd, 258935.850, 112
Trd, 258936.000, 107
Trd, 258936.067, 122
Trd, 258936.083, 95
Trd, 258936.433, 115
Trd, 258936.683, 111
Trd, 258936.700, 103
Trd, 258936.717, 82
Trd, 258936.850, 105
Trd, 258937.467, 99
Trd, 258937.483, 85
Trd, 258938.350, 138
Trd, 258938.367, 137
Trd, 258938.400, 135
Trd, 258938.567, 136
Trd, 258938.733, 129
Trd, 258938.800, 131
Trd, 258939.250, 122
Trd, 258939.400, 139
Trd, 258939.800, 140
Trd, 258939.917, 135
Trd, 258940.400, 123
Trd, 258940.783, 133
Trd, 258941.800, 121
Trd, 258941.817, 119
Trd, 258941.900, 132
Trd, 258942.183, 125
Trd, 258942.283, 118
Trd, 258942.317, 111
Trd, 258942.483, 106
Trd, 258942.583, 94
Trd, 258942.667, 134
Trd, 258942.683, 90
Trd, 258942.983, 135
Trd, 258943.083, 110
Trd, 258943.650, 94
Trd, 258943.767, 111
Trd, 258943.800, 94
Trd, 258943.883, 136
Trd, 258944.067, 93
Trd, 258944.567, 129
Trd, 258944.683, 93
Trd, 258944.900, 112
Trd, 258945.150, 112
Trd, 258945.183, 103
Trd, 258945.883, 123
Trd, 258946.167, 137
Trd, 258946.483, 137
Trd, 258946.550, 125
Trd, 258947.233, 121
Trd, 258947.517, 119
Trd, 258947.650, 118
Trd, 258947.933, 133
Trd, 258947.967, 117
Trd, 258948.067, 114
Trd, 258948.083, 99
Trd, 258948.333, 99
Trd, 258948.667, 133
Trd, 258948.817, 110
Trd, 258949.083, 111
Trd, 258949.200, 112
Trd, 258949.400, 118
Trd, 258949.767, 121
Trd, 258949.883, 106
Trd, 258949.900, 138
Trd, 258949.933, 104
Trd, 258950.400, 100
Trd, 258950.467, 111
Trd, 258950.633, 96
Trd, 258950.750, 116
Trd, 258950.833, 87
Trd, 258950.883, 119
Trd, 258950.917, 87
Trd, 258951.500, 129
Trd, 258951.900, 122
Trd, 258952.067, 109
Trd, 258952.150, 101
Trd, 258952.333, 87
Trd, 258952.450, 85
Trd, 258952.867, 86
Trd, 258953.083, 85
Trd, 258953.167, 114
Trd, 258953.300, 122
Trd, 258953.617, 138
Trd, 258954.150, 140
Trd, 258954.400, 132
Trd, 258954.717, 114
Trd, 258954.850, 120
Trd, 258955.133, 100
Trd, 258955.667, 136
Trd, 258955.817, 113
Trd, 258955.867, 100
Trd, 258956.167, 133
Trd, 258956.283, 93
Trd, 258956.583, 102
Trd, 258956.717, 130
Trd, 258956.817, 92
Trd, 258956.833, 92
Trd, 258956.983, 92
Trd, 258957.200, 132
Trd, 258957.950, 137
Trd, 258958.017, 113
Trd, 258958.333, 112
Trd, 258958.383, 108
Trd, 258958.767, 97
Trd, 258958.817, 108
Trd, 258959.000, 103
Trd, 258959.233, 109
Trd, 258959.300, 95
Trd, 258959.383, 132
Trd, 258959.517, 102
Trd, 258959.583, 93
Trd, 258959.733, 102
Trd, 258960.000, 100
Trd, 258960.033, 93
Trd, 258960.117, 107
Trd, 258960.850, 121
Trd, 258961.133, 125
Trd, 258961.167, 116
Trd, 258961.400, 95
Trd, 258961.900, 87
Trd, 258961.983, 128
Trd, 258962.100, 139
Trd, 258962.833, 130
Trd, 258962.917, 131
Trd, 258962.967, 112
Trd, 258963.083, 122
Trd, 258963.317, 105
Trd, 258963.383, 121
Trd, 258963.450, 86
Trd, 258964.033, 120
Trd, 258964.133, 112
Trd, 258964.233, 112
Trd, 258964.717, 126
Trd, 258964.733, 130
Trd, 258964.750, 112
Trd, 258965.083, 132
Trd, 258965.183, 114
Trd, 258965.333, 114
Trd, 258965.533, 104
Trd, 258965.733, 102
Trd, 258965.783, 86
Trd, 258965.883, 81
Trd, 258966.150, 115
Trd, 258966.383, 74
Trd, 258966.567, 74
Trd, 258967.100, 134
Trd, 258967.783, 73
Trd, 258967.967, 60
Trd, 258968.317, 110
Trd, 258968.517, 111
Trd, 258968.617, 112
Trd, 258968.883, 112
Trd, 258969.067, 109
Trd, 258969.100, 108
Trd, 258969.283, 89
Trd, 258969.367, 87
Trd, 258969.517, 132
Trd, 258970.067, 122
Trd, 258970.167, 121
Trd, 258971.400, 123
Trd, 258971.550, 101
Trd, 258971.700, 129
Trd, 258971.767, 128
Trd, 258971.833, 96
Trd, 258972.083, 130
Trd, 258972.700, 129
Trd, 258972.750, 135
Trd, 258972.783, 125
Trd, 258973.283, 140
Trd, 258973.450, 139
Trd, 258974.350, 138
Trd, 258974.383, 137
Trd, 258974.450, 133
Trd, 258974.583, 109
Trd, 258974.833, 113
Trd, 258974.967, 107
Trd, 258975.100, 103
Trd, 258975.350, 101
Trd, 258975.483, 100
Trd, 258975.650, 101
Trd, 258975.717, 124
Trd, 258975.783, 116
Trd, 258976.850, 133
Trd, 258977.000, 132
Trd, 258977.083, 123
Trd, 258977.667, 140
Trd, 258977.767, 138
Trd, 258977.900, 137
Trd, 258978.367, 130
Trd, 258978.483, 113
Trd, 258978.933, 137
Trd, 258979.050, 109
Trd, 258979.600, 113
Trd, 258979.683, 128
Trd, 258979.933, 130
Trd, 258980.067, 129
Trd, 258980.183, 140
Trd, 258980.300, 127
Trd, 258980.550, 130
Trd, 258980.900, 120
Trd, 258980.933, 106
Trd, 258981.567, 113
Trd, 258981.683, 113
Trd, 258981.700, 107
Trd, 258982.150, 137
Trd, 258982.717, 137
Trd, 258983.067, 136
Trd, 258983.350, 117
Trd, 258983.683, 132
Trd, 258984.150, 136
Trd, 258984.667, 136
Trd, 258984.783, 130
Trd, 258984.883, 121
Trd, 258985.217, 133
Trd, 258985.450, 129
Trd, 258985.700, 130
Trd, 258985.983, 132
Trd, 258986.083, 129
Trd, 258986.267, 131
Trd, 258986.450, 129
Trd, 258986.783, 116
Trd, 258987.033, 133
Trd, 258987.067, 129
Trd, 258987.200, 125
Trd, 258987.217, 94
Trd, 258987.350, 100
Trd, 258988.450, 97
Trd, 258988.750, 118
Trd, 258989.300, 120
Trd, 258989.317, 110
Trd, 258989.433, 99
Trd, 258989.533, 124
Trd, 258989.767, 106
Trd, 258989.883, 94
Trd, 258989.900, 92
Trd, 258990.083, 91
Trd, 258990.167, 89
Trd, 258990.383, 95
Trd, 258990.950, 102
Trd, 258990.967, 127
Trd, 258990.983, 95
Trd, 258991.100, 88
Trd, 258991.400, 65
Trd, 258991.433, 119
Trd, 258991.833, 132
Trd, 258991.983, 135
Trd, 258992.467, 138
Trd, 258992.650, 135
Trd, 258992.733, 133
Trd, 258992.933, 130
Trd, 258993.133, 129
Trd, 258993.150, 128
Trd, 258993.967, 107
Trd, 258994.000, 109
Trd, 258994.517, 120
Trd, 258994.750, 113
Trd, 258994.767, 101
Trd, 258994.783, 129
Trd, 258994.967, 126
Trd, 258995.200, 127
Trd, 258995.500, 126
Trd, 258995.800, 140
Trd, 258995.917, 124
Trd, 258996.967, 129
Trd, 258997.017, 124
Trd, 258997.033, 131
Trd, 258997.150, 106
Trd, 258997.250, 99
Trd, 258997.433, 112
Trd, 258997.967, 116
Trd, 258998.150, 105
Trd, 258998.267, 97
Trd, 258998.417, 98
Trd, 258998.700, 133
Trd, 258998.800, 127
Trd, 258998.850, 97
Trd, 258999.383, 125
Trd, 258999.483, 105
Trd, 258999.733, 116
Trd, 258999.750, 93
Trd, 258999.800, 99
Trd, 258999.933, 128
Trd, 259000.183, 136
Trd, 259000.633, 126
Trd, 259000.767, 125
Trd, 259001.100, 129
Trd, 259001.117, 115
Trd, 259001.150, 114
Trd, 259001.300, 102
Trd, 259001.417, 131
Trd, 259001.833, 127
Trd, 259002.183, 111
Trd, 259002.583, 108
Trd, 259002.683, 133
Trd, 259003.133, 133
Trd, 259003.167, 115
Trd, 259003.250, 110
Trd, 259003.600, 123
Trd, 259003.817, 92
Trd, 259004.083, 133
Trd, 259004.350, 134
Trd, 259004.450, 121
Trd, 259004.517, 126
Trd, 259005.067, 112
Trd, 259005.383, 135
Trd, 259005.483, 115
Trd, 259005.767, 123
Trd, 259006.033, 123
Trd, 259006.133, 133
Trd, 259006.333, 120
Trd, 259007.317, 124
Trd, 259007.550, 122
Trd, 259007.883, 123
Trd, 259008.000, 122
Trd, 259008.167, 120
Trd, 259008.300, 119
Trd, 259008.317, 118
Trd, 259008.550, 107
Trd, 259008.667, 139
Trd, 259008.783, 107
Trd, 259009.050, 128
Trd, 259009.083, 129
Trd, 259009.667, 140
Trd, 259009.700, 134
Trd, 259009.717, 106
Trd, 259009.783, 100
Trd, 259010.683, 139
Trd, 259010.767, 133
Trd, 259010.950, 132
Trd, 259011.000, 132
Trd, 259011.150, 140
Trd, 259011.683, 128
Trd, 259011.967, 110
Trd, 259012.400, 108
Trd, 259013.017, 119
Trd, 259013.050, 108
Trd, 259013.117, 105
Trd, 259013.600, 104
Trd, 259013.667, 119
Trd, 259013.717, 121
Trd, 259013.817, 103
Trd, 259014.367, 120
Trd, 259014.583, 123
Trd, 259014.900, 136
Trd, 259014.950, 107
Trd, 259015.050, 109
Trd, 259015.250, 105
Trd, 259015.350, 130
Trd, 259015.383, 125
Trd, 259015.750, 130
Trd, 259016.500, 138
Trd, 259016.517, 133
Trd, 259016.667, 122
Trd, 259016.933, 114
Trd, 259017.033, 130
Trd, 259017.333, 115
Trd, 259017.433, 108
Trd, 259017.483, 106
Trd, 259017.767, 120
Trd, 259017.883, 102
Trd, 259018.000, 97
Trd, 259018.100, 113
Trd, 259018.150, 99
Trd, 259018.567, 125
Trd, 259018.867, 105
Trd, 259019.333, 124
Trd, 259019.867, 126
Trd, 259020.150, 123
Trd, 259020.650, 122
Trd, 259020.800, 123
Trd, 259021.200, 122
Trd, 259021.567, 128
Trd, 259021.733, 122
Trd, 259021.933, 111
Trd, 259022.100, 139
Trd, 259022.150, 136
Trd, 259022.467, 126
Trd, 259023.033, 122
Trd, 259023.100, 121
Trd, 259023.767, 116
Trd, 259023.967, 114
Trd, 259024.083, 114
Trd, 259024.200, 109
Trd, 259024.333, 115
Trd, 259024.500, 103
Trd, 259024.617, 98
Trd, 259025.150, 140
Trd, 259025.317, 136
Trd, 259025.667, 140
Trd, 259025.850, 138
Trd, 259025.983, 117
Trd, 259026.083, 114
Trd, 259026.317, 121
Trd, 259026.600, 130
Trd, 259026.733, 108
Trd, 259027.083, 96
Trd, 259027.533, 91
Trd, 259027.850, 128
Trd, 259027.950, 133
Trd, 259028.117, 109
Trd, 259028.400, 117
Trd, 259028.467, 132
Trd, 259028.733, 134
Trd, 259028.950, 125
Trd, 259029.000, 96
Trd, 259029.367, 95
Trd, 259029.567, 100
Trd, 259030.050, 98
Trd, 259030.300, 136
Trd, 259030.700, 136
Trd, 259031.150, 111
Trd, 259031.417, 107
Trd, 259031.467, 106
Trd, 259031.500, 103
Trd, 259032.167, 139
Trd, 259032.550, 138
Trd, 259032.567, 137
Trd, 259032.883, 139
Trd, 259033.100, 110
Trd, 259033.367, 109
Trd, 259034.000, 128
Trd, 259034.417, 138
Trd, 259034.817, 137
Trd, 259035.133, 130
Trd, 259035.183, 125
Trd, 259035.633, 125
Trd, 259036.050, 140
Trd, 259036.267, 139
Trd, 259036.717, 140
Trd, 259036.950, 140
Trd, 259037.050, 138
Trd, 259037.100, 136
Trd, 259037.283, 134
Trd, 259037.683, 134
Trd, 259037.867, 132
Trd, 259037.933, 123
Trd, 259038.083, 135
Trd, 259038.283, 133
Trd, 259038.400, 108
Trd, 259038.583, 110
Trd, 259038.883, 106
Trd, 259039.400, 118
Trd, 259040.150, 131
Trd, 259040.250, 105
Trd, 259040.850, 113
Trd, 259040.867, 112
Trd, 259040.900, 128
Trd, 259041.017, 102
Trd, 259041.050, 129
Trd, 259041.217, 127
Trd, 259041.433, 113
Trd, 259041.750, 123
Trd, 259041.867, 130
Trd, 259042.117, 114
Trd, 259042.333, 113
Trd, 259042.433, 95
Trd, 259042.617, 114
Trd, 259042.733, 68
Trd, 259042.750, 83
Trd, 259042.767, 121
Trd, 259042.900, 89
Trd, 259043.283, 95
Trd, 259044.100, 140
Trd, 259044.750, 140
Trd, 259045.000, 109
Trd, 259045.217, 123
Trd, 259045.350, 134
Trd, 259045.450, 108
Trd, 259045.917, 111
Trd, 259045.933, 107
Trd, 259046.233, 129
Trd, 259046.350, 124
Trd, 259046.383, 115
Trd, 259046.583, 108
Trd, 259046.733, 106
Trd, 259046.867, 117
Trd, 259047.317, 104
Trd, 259047.383, 103
Trd, 259047.417, 94
Trd, 259047.617, 125
Trd, 259047.750, 121
Trd, 259047.900, 123
Trd, 259048.383, 105
Trd, 259048.633, 92
Trd, 259048.683, 134
Trd, 259048.883, 94
Trd, 259049.700, 131
Trd, 259049.783, 113
Trd, 259049.950, 130
Trd, 259050.967, 121
Trd, 259051.200, 102
Trd, 259051.667, 121
Trd, 259051.833, 120
Trd, 259052.250, 139
Trd, 259052.517, 140
Trd, 259052.700, 135
Trd, 259053.200, 124
Trd, 259053.283, 106
Trd, 259053.350, 96
Trd, 259053.367, 94
Trd, 259053.517, 82
Trd, 259053.633, 96
Trd, 259054.367, 140
Trd, 259054.400, 131
Trd, 259055.050, 125
Trd, 259055.483, 122
Trd, 259055.633, 123
Trd, 259056.083, 136
Trd, 259056.200, 104
Trd, 259056.217, 100
Trd, 259056.467, 112
Trd, 259056.667, 109
Trd, 259056.833, 99
Trd, 259057.067, 119
Trd, 259057.500, 102
Trd, 259057.917, 99
Trd, 259058.117, 116
Trd, 259058.500, 117
Trd, 259058.833, 103
Trd, 259059.033, 119
Trd, 259059.150, 104
Trd, 259059.417, 119
Trd, 259059.433, 90
Trd, 259059.467, 80
Trd, 259059.600, 127
Trd, 259060.467, 135
Trd, 259060.483, 125
Trd, 259060.583, 120
Trd, 259061.000, 120
Trd, 259061.033, 116
Trd, 259061.467, 123
Trd, 259061.967, 131
Trd, 259062.350, 124
Trd, 259062.383, 111
Trd, 259062.517, 128
Trd, 259062.533, 138
Trd, 259062.933, 122
Trd, 259063.300, 118
Trd, 259063.583, 109
Trd, 259063.650, 108
Trd, 259064.033, 109
Trd, 259064.167, 105
Trd, 259064.283, 99
Trd, 259064.467, 98
Trd, 259064.717, 118
Trd, 259064.750, 98
Trd, 259065.167, 106
Trd, 259065.983, 139
Trd, 259066.183, 120
Trd, 259066.550, 118
Trd, 259066.800, 113
Trd, 259066.850, 112
Trd, 259066.883, 112
Trd, 259066.917, 104
Trd, 259066.983, 117
Trd, 259067.167, 91
Trd, 259067.200, 91
Trd, 259067.233, 95
Trd, 259067.633, 117
Trd, 259067.683, 116
Trd, 259067.883, 104
Trd, 259068.183, 83
Trd, 259068.300, 119
Trd, 259068.483, 105
Trd, 259068.567, 98
Trd, 259068.767, 120
Trd, 259068.783, 121
Trd, 259068.850, 89
Trd, 259069.250, 106
Trd, 259070.267, 110
Trd, 259070.333, 109
Trd, 259070.533, 91
Trd, 259070.783, 91
Trd, 259070.967, 83
Trd, 259071.450, 82
Trd, 259071.500, 80
Trd, 259071.533, 125
Trd, 259071.633, 68
Trd, 259072.133, 135
Trd, 259073.200, 131
Trd, 259073.533, 105
Trd, 259073.733, 98
Trd, 259074.183, 130
Trd, 259074.533, 131
Trd, 259074.550, 130
Trd, 259074.567, 110
Trd, 259074.767, 105
Trd, 259074.817, 96
Trd, 259074.833, 90
Trd, 259074.850, 111
Trd, 259074.917, 85
Trd, 259074.933, 112
Trd, 259075.433, 133
Trd, 259075.683, 138
Trd, 259076.000, 129
Trd, 259076.233, 128
Trd, 259076.250, 120
Trd, 259076.550, 102
Trd, 259076.683, 97
Trd, 259077.017, 125
Trd, 259077.250, 118
Trd, 259077.500, 94
Trd, 259077.717, 104
Trd, 259078.017, 93
Trd, 259078.100, 91
Trd, 259078.167, 79
Trd, 259078.417, 78
Trd, 259078.483, 83
Trd, 259078.717, 138
Trd, 259078.800, 73
Trd, 259079.167, 125
Trd, 259079.300, 133
Trd, 259079.517, 131
Trd, 259080.233, 99
Trd, 259080.433, 103
Trd, 259080.500, 103
Trd, 259080.533, 104
Trd, 259080.800, 96
Trd, 259081.150, 109
Trd, 259081.367, 95
Trd, 259081.717, 100
Trd, 259081.867, 83
Trd, 259082.183, 90
Trd, 259082.267, 120
Trd, 259082.967, 61
Trd, 259083.067, 60
Trd, 259083.183, 62
Trd, 259083.867, 121
Trd, 259083.967, 121
Trd, 259084.050, 129
Trd, 259084.067, 127
Trd, 259084.083, 117
Trd, 259084.183, 108
Trd, 259084.500, 112
Trd, 259084.633, 85
Trd, 259084.717, 98
Trd, 259085.050, 80
Trd, 259085.667, 140
Trd, 259085.700, 117
Trd, 259085.950, 115
Trd, 259087.017, 117
Trd, 259087.033, 134
Trd, 259087.200, 114
Trd, 259087.683, 140
Trd, 259087.783, 111
Trd, 259088.550, 139
Trd, 259088.683, 124
Trd, 259088.967, 125
Trd, 259089.033, 120
Trd, 259089.200, 125
Trd, 259089.717, 140
Trd, 259089.983, 129
Trd, 259090.017, 99
Trd, 259090.817, 135
Trd, 259090.933, 134
Trd, 259091.000, 130
Trd, 259091.300, 128
Trd, 259091.333, 127
Trd, 259091.750, 123
Trd, 259091.950, 129
Trd, 259092.117, 122
Trd, 259092.133, 121
Trd, 259092.417, 124
Trd, 259092.800, 127
Trd, 259092.883, 128
Trd, 259093.050, 122
Trd, 259093.683, 118
Trd, 259093.783, 117
Trd, 259094.433, 130
Trd, 259094.483, 131
Trd, 259094.783, 126
Trd, 259095.383, 137
Trd, 259095.583, 122
Trd, 259095.833, 117
Trd, 259095.900, 132
Trd, 259096.017, 116
Trd, 259096.267, 111
Trd, 259096.383, 108
Trd, 259096.900, 113
Trd, 259097.267, 109
Trd, 259097.483, 127
Trd, 259097.933, 109
Trd, 259098.500, 134
Trd, 259099.100, 129
Trd, 259099.600, 124
Trd, 259099.750, 135
Trd, 259099.800, 124
Trd, 259100.483, 135
Trd, 259100.517, 131
Trd, 259100.783, 116
Trd, 259100.800, 109
Trd, 259100.833, 140
Trd, 259101.183, 113
Trd, 259101.417, 126
Trd, 259102.167, 140
Trd, 259102.500, 139
Trd, 259102.633, 118
Trd, 259102.800, 127
Trd, 259103.100, 130
Trd, 259103.133, 126
Trd, 259103.283, 138
Trd, 259103.383, 125
Trd, 259103.467, 135
Trd, 259103.500, 139
Trd, 259103.800, 128
Trd, 259104.517, 139
Trd, 259104.717, 138
Trd, 259104.767, 137
Trd, 259104.983, 133
Trd, 259105.133, 132
Trd, 259105.533, 131
Trd, 259105.833, 111
Trd, 259106.233, 139
Trd, 259106.467, 137
Trd, 259106.633, 132
Trd, 259106.800, 117
Trd, 259107.383, 111
Trd, 259107.517, 111
Trd, 259107.583, 121
Trd, 259108.267, 131
Trd, 259108.650, 129
Trd, 259109.100, 122
Trd, 259109.267, 120
Trd, 259109.617, 131
Trd, 259109.700, 127
Trd, 259109.717, 132
Trd, 259109.850, 133
Trd, 259109.883, 136
Trd, 259109.950, 124
Trd, 259110.067, 102
Trd, 259110.583, 103
Trd, 259110.650, 127
Trd, 259111.383, 135
Trd, 259111.400, 133
Trd, 259111.583, 121
Trd, 259112.183, 138
Trd, 259112.333, 139
Trd, 259112.583, 120
Trd, 259112.683, 117
Trd, 259113.233, 126
Trd, 259113.283, 131
Trd, 259113.367, 122
Trd, 259113.783, 122
Trd, 259114.150, 113
Trd, 259114.283, 133
Trd, 259114.667, 107
Trd, 259114.833, 106
Trd, 259114.917, 105
Trd, 259114.983, 134
Trd, 259115.233, 130
Trd, 259115.600, 120
Trd, 259116.317, 120
Trd, 259116.750, 131
Trd, 259116.967, 135
Trd, 259117.050, 129
Trd, 259117.067, 128
Trd, 259117.117, 125
Trd, 259117.250, 135
Trd, 259117.600, 135
Trd, 259118.500, 135
Trd, 259118.550, 134
Trd, 259118.667, 134
Trd, 259118.933, 130
Trd, 259119.000, 127
Trd, 259119.467, 101
Trd, 259119.633, 122
Trd, 259119.700, 108
Trd, 259120.200, 140
Trd, 259120.400, 99
Trd, 259120.567, 103
Trd, 259120.667, 90
Trd, 259120.967, 89
Trd, 259121.150, 104
Trd, 259121.317, 123
Trd, 259121.667, 109
Trd, 259122.083, 136
Trd, 259122.183, 123
Trd, 259122.400, 121
Trd, 259122.533, 125
Trd, 259122.667, 135
Trd, 259122.750, 134
Trd, 259123.067, 115
Trd, 259123.267, 137
Trd, 259123.483, 114
Trd, 259123.633, 128
Trd, 259124.033, 123
Trd, 259124.217, 106
Trd, 259124.233, 100
Trd, 259124.667, 114
Trd, 259124.767, 93
Trd, 259124.833, 84
Trd, 259125.200, 122
Trd, 259126.200, 117
Trd, 259126.450, 123
Trd, 259127.250, 121
Trd, 259127.383, 120
Trd, 259127.517, 117
Trd, 259127.533, 124
Trd, 259127.667, 130
Trd, 259128.017, 126
Trd, 259128.067, 129
Trd, 259128.150, 132
Trd, 259128.167, 131
Trd, 259128.783, 137
Trd, 259129.133, 114
Trd, 259129.267, 88
Trd, 259129.350, 78
Trd, 259129.867, 121
Trd, 259129.883, 119
Trd, 259129.917, 114
Trd, 259129.933, 114
Trd, 259130.150, 96
Trd, 259130.267, 126
Trd, 259130.383, 88
Trd, 259130.750, 98
Trd, 259131.167, 118
Trd, 259131.250, 131
Trd, 259132.283, 131
Trd, 259132.333, 124
Trd, 259132.483, 120
Trd, 259132.650, 120
Trd, 259132.767, 120
Trd, 259133.433, 115
Trd, 259133.550, 130
Trd, 259133.817, 114
Trd, 259133.867, 109
Trd, 259133.967, 130
Trd, 259134.167, 95
Trd, 259134.450, 94
Trd, 259134.767, 118
Trd, 259134.883, 114
Trd, 259135.117, 132
Trd, 259135.317, 131
Trd, 259135.583, 120
Trd, 259135.917, 121
Trd, 259136.033, 124
Trd, 259136.300, 130
Trd, 259136.600, 128
Trd, 259136.767, 114
Trd, 259137.350, 131
Trd, 259137.383, 128
Trd, 259137.450, 120
Trd, 259137.683, 140
Trd, 259138.150, 139
Trd, 259138.200, 138
Trd, 259138.417, 123
Trd, 259138.867, 126
Trd, 259138.883, 123
Trd, 259138.933, 118
Trd, 259139.067, 128
Trd, 259139.300, 117
Trd, 259139.417, 116
Trd, 259139.433, 130
Trd, 259139.483, 84
Trd, 259139.833, 103
Trd, 259140.483, 116
Trd, 259140.617, 96
Trd, 259140.867, 95
Trd, 259141.050, 129
Trd, 259141.533, 95
Trd, 259141.700, 93
Trd, 259141.967, 116
Trd, 259142.617, 117
Trd, 259142.850, 75
Trd, 259142.983, 84
Trd, 259143.367, 131
Trd, 259143.817, 123
Trd, 259144.617, 139
Trd, 259144.683, 129
Trd, 259144.867, 119
Trd, 259145.733, 139
Trd, 259145.883, 123
Trd, 259146.117, 132
Trd, 259146.133, 118
Trd, 259146.250, 117
Trd, 259146.383, 107
Trd, 259146.667, 107
Trd, 259147.017, 111
Trd, 259147.200, 111
Trd, 259147.233, 106
Trd, 259147.400, 122
Trd, 259147.467, 104
Trd, 259147.500, 125
Trd, 259147.800, 94
Trd, 259148.033, 140
Trd, 259148.367, 126
Trd, 259148.800, 99
Trd, 259148.850, 103
Trd, 259149.117, 117
Trd, 259149.283, 98
Trd, 259149.300, 96
Trd, 259149.433, 122
Trd, 259149.533, 123
Trd, 259149.567, 120
Trd, 259149.900, 119
Trd, 259149.983, 115
Trd, 259150.200, 123
Trd, 259150.450, 97
Trd, 259150.567, 95
Trd, 259150.650, 106
Trd, 259151.067, 102
Trd, 259151.300, 95
Trd, 259151.650, 114
Trd, 259151.683, 108
Trd, 259151.817, 97
Trd, 259151.917, 92
Trd, 259152.233, 115
Trd, 259152.983, 107
Trd, 259153.217, 99
Trd, 259153.250, 127
Trd, 259153.417, 138
Trd, 259153.717, 138
Trd, 259153.733, 120
Trd, 259154.000, 101
Trd, 259154.133, 98
Trd, 259154.200, 84
Trd, 259154.233, 101
Trd, 259154.417, 105
Trd, 259154.467, 105
Trd, 259154.867, 71
Trd, 259155.117, 66
Trd, 259155.783, 132
Trd, 259156.517, 105
Trd, 259156.533, 104
Trd, 259156.667, 130
Trd, 259156.933, 115
Trd, 259157.083, 117
Trd, 259157.383, 114
Trd, 259157.867, 118
Trd, 259157.900, 113
Trd, 259157.950, 130
Trd, 259158.267, 116
Trd, 259158.283, 116
Trd, 259158.350, 109
Trd, 259158.583, 114
Trd, 259158.900, 94
Trd, 259159.000, 117
Trd, 259159.983, 111
Trd, 259160.100, 121
Trd, 259160.667, 114
Trd, 259160.917, 127
Trd, 259161.317, 131
Trd, 259161.383, 119
Trd, 259162.317, 140
Trd, 259162.400, 139
Trd, 259162.767, 119
Trd, 259163.200, 119
Trd, 259163.250, 101
Trd, 259163.533, 98
Trd, 259163.850, 124
Trd, 259163.967, 131
Trd, 259164.117, 117
Trd, 259164.317, 119
Trd, 259164.450, 132
Trd, 259164.483, 109
Trd, 259164.583, 95
Trd, 259164.633, 93
Trd, 259164.883, 133
Trd, 259164.933, 81
Trd, 259165.250, 128
Trd, 259165.383, 127
Trd, 259165.467, 113
Trd, 259165.833, 138
Trd, 259166.467, 108
Trd, 259166.533, 109
Trd, 259166.567, 111
Trd, 259166.650, 92
Trd, 259166.733, 125
Trd, 259167.117, 100
Trd, 259167.317, 137
Trd, 259167.483, 140
Trd, 259167.533, 114
Trd, 259168.050, 107
Trd, 259168.333, 118
Trd, 259168.567, 126
Trd, 259169.217, 124
Trd, 259169.333, 140
Trd, 259169.467, 123
Trd, 259169.900, 139
Trd, 259169.967, 139
Trd, 259170.567, 134
Trd, 259170.667, 119
Trd, 259171.083, 133
Trd, 259171.150, 122
Trd, 259171.433, 137
Trd, 259171.467, 122
Trd, 259171.483, 115
Trd, 259171.533, 114
Trd, 259171.617, 132
Trd, 259171.900, 113
Trd, 259172.117, 98
Trd, 259172.600, 124
Trd, 259172.683, 124
Trd, 259173.267, 119
Trd, 259173.633, 103
Trd, 259173.800, 122
Trd, 259173.883, 108
Trd, 259174.033, 107
Trd, 259174.083, 101
Trd, 259174.467, 108
Trd, 259174.800, 111
Trd, 259174.967, 98
Trd, 259175.500, 100
Trd, 259175.600, 90
Trd, 259175.650, 128
Trd, 259176.033, 127
Trd, 259176.167, 135
Trd, 259176.200, 140
Trd, 259176.850, 140
Trd, 259176.950, 132
Trd, 259177.200, 121
Trd, 259177.600, 101
Trd, 259177.733, 102
Trd, 259177.817, 108
Trd, 259177.883, 109
Trd, 259178.033, 128
Trd, 259178.333, 126
Trd, 259179.017, 115
Trd, 259179.367, 139
Trd, 259179.467, 138
Trd, 259179.817, 140
Trd, 259179.850, 136
Trd, 259179.950, 136
Trd, 259180.100, 125
Trd, 259180.417, 136
Trd, 259180.717, 135
Trd, 259180.733, 126
Trd, 259181.383, 125
Trd, 259181.467, 129
Trd, 259181.517, 130
Trd, 259182.000, 124
Trd, 259182.033, 129
Trd, 259182.700, 112
Trd, 259182.767, 111
Trd, 259183.133, 109
Trd, 259183.367, 124
Trd, 259183.733, 105
Trd, 259183.950, 137
Trd, 259184.217, 135
Trd, 259184.283, 130
Trd, 259184.367, 103
Trd, 259184.817, 89
Trd, 259184.983, 88
Trd, 259185.317, 85
Trd, 259185.350, 93
Trd, 259185.833, 110
Trd, 259186.067, 103
Trd, 259186.100, 120
Trd, 259186.217, 102
Trd, 259186.400, 94
Trd, 259186.700, 90
Trd, 259187.217, 125
Trd, 259187.350, 94
Trd, 259187.733, 123
Trd, 259187.800, 130
Trd, 259188.200, 114
Trd, 259188.383, 119
Trd, 259188.683, 137
Trd, 259188.783, 134
Trd, 259189.500, 129
Trd, 259189.850, 129
Trd, 259190.250, 128
Trd, 259190.317, 122
Trd, 259190.517, 131
Trd, 259190.650, 118
Trd, 259191.100, 110
Trd, 259191.150, 121
Trd, 259191.333, 121
Trd, 259191.417, 107
Trd, 259191.433, 92
Trd, 259191.550, 89
Trd, 259191.733, 81
Trd, 259191.800, 83
Trd, 259191.950, 103
Trd, 259192.467, 117
Trd, 259192.517, 128
Trd, 259192.617, 109
Trd, 259192.933, 133
Trd, 259193.000, 134
Trd, 259193.533, 133
Trd, 259193.817, 114
Trd, 259194.000, 94
Trd, 259194.183, 86
Trd, 259194.517, 82
Trd, 259194.550, 84
Trd, 259195.400, 137
Trd, 259196.517, 138
Trd, 259196.633, 137
Trd, 259196.700, 137
Trd, 259196.733, 132
Trd, 259197.267, 139
Trd, 259197.383, 109
Trd, 259197.417, 115
Trd, 259197.567, 129
Trd, 259197.617, 108
Trd, 259197.800, 107
Trd, 259197.967, 103
Trd, 259198.183, 105
Trd, 259198.317, 106
Trd, 259198.850, 119
Trd, 259199.067, 128
Trd, 259199.867, 96
