Trd, 258597.417, 140
Trd, 258597.550, 139
Trd, 258598.100, 140
Trd, 258598.667, 140
Trd, 258599.000, 140
Trd, 258599.467, 140
Trd, 258599.683, 140
Trd, 258599.767, 140
Trd, 258599.883, 140
Trd, 258600.017, 138
Trd, 258600.200, 137
Trd, 258600.217, 136
Trd, 258600.900, 138
Trd, 258600.967, 120
Trd, 258601.150, 130
Trd, 258601.217, 118
Trd, 258601.250, 115
Trd, 258601.483, 109
Trd, 258601.600, 135
Trd, 258601.850, 138
Trd, 258601.867, 103
Trd, 258602.000, 103
Trd, 258602.133, 101
Trd, 258602.583, 83
Trd, 258603.583, 140
Trd, 258603.650, 140
Trd, 258603.667, 140
Trd, 258603.917, 140
Trd, 258604.250, 140
Trd, 258604.283, 140
Trd, 258604.400, 140
Trd, 258604.500, 135
Trd, 258604.617, 140
Trd, 258605.100, 135
Trd, 258605.117, 134
Trd, 258605.467, 134
Trd, 258605.567, 133
Trd, 258605.583, 140
Trd, 258605.750, 140
Trd, 258606.367, 133
Trd, 258606.550, 123
Trd, 258606.733, 123
Trd, 258606.850, 122
Trd, 258606.933, 117
Trd, 258606.950, 112
Trd, 258607.033, 110
Trd, 258607.733, 140
Trd, 258607.833, 139
Trd, 258608.100, 127
Trd, 258608.333, 115
Trd, 258608.583, 129
Trd, 258609.050, 138
Trd, 258609.667, 140
Trd, 258610.033, 140
Trd, 258610.183, 140
Trd, 258610.250, 139
Trd, 258610.533, 138
Trd, 258610.550, 140
Trd, 258611.217, 109
Trd, 258611.383, 138
Trd, 258611.450, 109
Trd, 258611.567, 120
Trd, 258611.650, 119
Trd, 258611.867, 139
Trd, 258612.300, 140
Trd, 258612.350, 139
Trd, 258612.550, 140
Trd, 258612.650, 140
Trd, 258612.767, 139
Trd, 258612.900, 138
Trd, 258613.067, 122
Trd, 258613.333, 115
Trd, 258613.483, 138
Trd, 258613.567, 113
Trd, 258613.767, 138
Trd, 258614.167, 140
Trd, 258614.283, 86
Trd, 258614.417, 135
Trd, 258615.150, 138
Trd, 258615.417, 135
Trd, 258615.533, 134
Trd, 258615.550, 133
Trd, 258615.633, 132
Trd, 258615.783, 130
Trd, 258615.833, 136
Trd, 258616.100, 103
Trd, 258616.183, 135
Trd, 258616.267, 126
Trd, 258616.283, 89
Trd, 258616.433, 136
Trd, 258616.467, 86
Trd, 258616.550, 84
Trd, 258616.650, 83
Trd, 258616.717, 82
Trd, 258616.850, 72
Trd, 258616.933, 138
Trd, 258617.917, 87
Trd, 258617.950, 93
Trd, 258618.050, 86
Trd, 258618.983, 60
Trd, 258619.300, 71
Trd, 258619.367, 71
Trd, 258619.683, 60
Trd, 258619.700, 67
Trd, 258619.900, 64
Trd, 258620.283, 60
Trd, 258620.333, 61
Trd, 258620.600, 62
Trd, 258620.783, 60
Trd, 258620.850, 61
Trd, 258621.350, 60
Trd, 258621.367, 60
Trd, 258621.400, 60
Trd, 258621.517, 63
Trd, 258621.550, 62
Trd, 258621.733, 67
Trd, 258622.300, 67
Trd, 258622.317, 61
Trd, 258622.433, 68
Trd, 258622.500, 78
Trd, 258622.733, 62
Trd, 258622.783, 81
Trd, 258622.850, 111
Trd, 258622.867, 132
Trd, 258623.267, 90
Trd, 258623.483, 121
Trd, 258623.600, 120
Trd, 258624.350, 140
Trd, 258624.617, 140
Trd, 258625.000, 140
Trd, 258625.100, 139
Trd, 258626.000, 137
Trd, 258626.050, 136
Trd, 258626.067, 118
Trd, 258626.267, 93
Trd, 258626.300, 82
Trd, 258626.567, 89
Trd, 258626.700, 91
Trd, 258626.717, 91
Trd, 258626.850, 90
Trd, 258626.933, 88
Trd, 258627.167, 90
Trd, 258627.200, 91
Trd, 258627.250, 88
Trd, 258627.283, 92
Trd, 258627.533, 140
Trd, 258627.583, 87
Trd, 258627.917, 74
Trd, 258628.367, 109
Trd, 258628.433, 110
Trd, 258628.633, 84
Trd, 258628.750, 109
Trd, 258628.767, 113
Trd, 258628.900, 130
Trd, 258628.967, 81
Trd, 258629.200, 80
Trd, 258629.417, 67
Trd, 258629.917, 120
Trd, 258629.983, 83
Trd, 258630.050, 82
Trd, 258630.283, 133
Trd, 258630.300, 63
Trd, 258630.333, 134
Trd, 258630.367, 62
Trd, 258630.650, 120
Trd, 258630.767, 138
Trd, 258631.050, 139
Trd, 258631.417, 139
Trd, 258631.517, 139
Trd, 258631.783, 139
Trd, 258632.217, 139
Trd, 258632.283, 139
Trd, 258632.467, 140
Trd, 258632.733, 140
Trd, 258632.950, 137
Trd, 258633.133, 126
Trd, 258633.767, 132
Trd, 258633.850, 123
Trd, 258634.017, 122
Trd, 258634.317, 138
Trd, 258634.683, 126
Trd, 258634.717, 112
Trd, 258634.950, 139
Trd, 258635.183, 138
Trd, 258635.350, 139
Trd, 258635.483, 140
Trd, 258635.617, 136
Trd, 258635.833, 126
Trd, 258636.250, 125
Trd, 258636.600, 125
Trd, 258636.650, 123
Trd, 258637.167, 140
Trd, 258637.383, 140
Trd, 258637.517, 140
Trd, 258638.450, 140
Trd, 258638.467, 140
Trd, 258638.500, 139
Trd, 258638.783, 136
Trd, 258639.183, 106
Trd, 258639.400, 101
Trd, 258639.467, 89
Trd, 258639.567, 132
Trd, 258639.883, 63
Trd, 258640.400, 72
Trd, 258640.467, 131
Trd, 258640.583, 63
Trd, 258640.617, 62
Trd, 258641.167, 63
Trd, 258641.350, 63
Trd, 258641.450, 64
Trd, 258641.517, 67
Trd, 258641.533, 68
Trd, 258641.550, 62
Trd, 258641.650, 73
Trd, 258641.833, 61
Trd, 258642.100, 60
Trd, 258642.250, 64
Trd, 258642.283, 77
Trd, 258642.483, 81
Trd, 258642.650, 133
Trd, 258643.150, 140
Trd, 258643.350, 140
Trd, 258643.683, 138
Trd, 258644.800, 140
Trd, 258644.833, 140
Trd, 258644.850, 140
Trd, 258645.167, 140
Trd, 258645.300, 140
Trd, 258645.700, 140
Trd, 258645.733, 140
Trd, 258645.883, 138
Trd, 258646.150, 137
Trd, 258646.200, 136
Trd, 258646.283, 134
Trd, 258646.517, 133
Trd, 258646.633, 130
Trd, 258646.950, 128
Trd, 258646.967, 120
Trd, 258647.117, 103
Trd, 258647.533, 138
Trd, 258647.650, 124
Trd, 258647.733, 101
Trd, 258647.767, 140
Trd, 258648.117, 104
Trd, 258648.550, 139
Trd, 258648.783, 131
Trd, 258648.917, 122
Trd, 258649.083, 100
Trd, 258649.350, 135
Trd, 258649.500, 136
Trd, 258650.217, 91
Trd, 258650.300, 115
Trd, 258650.667, 137
Trd, 258650.700, 138
Trd, 258650.850, 136
Trd, 258650.917, 123
Trd, 258650.950, 109
Trd, 258650.983, 140
Trd, 258651.117, 103
Trd, 258651.867, 140
Trd, 258651.933, 140
Trd, 258651.950, 140
Trd, 258652.183, 140
Trd, 258652.317, 140
Trd, 258652.600, 132
Trd, 258652.650, 103
Trd, 258652.917, 138
Trd, 258653.233, 101
Trd, 258653.383, 133
Trd, 258653.683, 111
Trd, 258653.717, 98
Trd, 258653.883, 90
Trd, 258654.050, 137
Trd, 258654.267, 83
Trd, 258654.367, 122
Trd, 258654.517, 105
Trd, 258655.133, 60
Trd, 258655.233, 60
Trd, 258655.767, 71
Trd, 258655.867, 60
Trd, 258656.067, 69
Trd, 258656.117, 70
Trd, 258656.167, 86
Trd, 258656.183, 90
Trd, 258656.300, 92
Trd, 258656.717, 61
Trd, 258657.050, 60
Trd, 258657.183, 61
Trd, 258657.400, 61
Trd, 258657.417, 65
Trd, 258657.833, 65
Trd, 258658.050, 66
Trd, 258658.133, 67
Trd, 258658.617, 73
Trd, 258659.017, 64
Trd, 258659.117, 65
Trd, 258659.167, 63
Trd, 258659.233, 66
Trd, 258659.650, 99
Trd, 258659.683, 120
Trd, 258659.733, 90
Trd, 258659.850, 90
Trd, 258660.083, 115
Trd, 258660.150, 114
Trd, 258660.200, 110
Trd, 258661.000, 140
Trd, 258661.167, 140
Trd, 258661.217, 139
Trd, 258661.367, 123
Trd, 258661.583, 117
Trd, 258661.767, 109
Trd, 258661.850, 114
Trd, 258661.967, 88
Trd, 258662.067, 102
Trd, 258662.567, 140
Trd, 258662.900, 118
Trd, 258662.950, 117
Trd, 258663.083, 98
Trd, 258663.100, 68
Trd, 258663.317, 116
Trd, 258663.400, 108
Trd, 258663.883, 140
Trd, 258664.650, 136
Trd, 258664.983, 133
Trd, 258665.150, 129
Trd, 258665.200, 128
Trd, 258665.383, 107
Trd, 258665.917, 129
Trd, 258665.983, 130
Trd, 258666.183, 131
Trd, 258666.250, 116
Trd, 258666.550, 132
Trd, 258666.600, 117
Trd, 258666.700, 116
Trd, 258666.817, 132
Trd, 258666.867, 128
Trd, 258667.317, 140
Trd, 258667.333, 140
Trd, 258668.183, 140
Trd, 258668.217, 140
Trd, 258668.600, 140
Trd, 258669.250, 140
Trd, 258669.400, 140
Trd, 258669.700, 140
Trd, 258670.200, 140
Trd, 258670.317, 140
Trd, 258670.983, 140
Trd, 258671.183, 140
Trd, 258671.350, 140
Trd, 258672.150, 140
Trd, 258672.333, 140
Trd, 258672.417, 140
Trd, 258672.500, 140
Trd, 258672.550, 138
Trd, 258672.567, 138
Trd, 258672.967, 132
Trd, 258673.050, 131
Trd, 258673.200, 140
Trd, 258673.283, 139
Trd, 258673.400, 140
Trd, 258673.467, 137
Trd, 258673.550, 139
Trd, 258673.817, 137
Trd, 258674.017, 139
Trd, 258674.583, 133
Trd, 258674.617, 130
Trd, 258674.667, 136
Trd, 258674.850, 115
Trd, 258675.433, 120
Trd, 258675.767, 117
Trd, 258675.850, 115
Trd, 258675.983, 112
Trd, 258676.400, 112
Trd, 258676.567, 115
Trd, 258676.600, 96
Trd, 258676.767, 114
Trd, 258676.800, 92
Trd, 258676.817, 120
Trd, 258676.867, 121
Trd, 258676.900, 124
Trd, 258676.983, 88
Trd, 258677.233, 85
Trd, 258677.767, 106
Trd, 258677.800, 95
Trd, 258678.317, 140
Trd, 258678.450, 140
Trd, 258678.500, 140
Trd, 258678.633, 122
Trd, 258678.933, 121
Trd, 258679.233, 120
Trd, 258679.400, 119
Trd, 258679.583, 126
Trd, 258679.833, 126
Trd, 258680.700, 140
Trd, 258680.933, 140
Trd, 258681.600, 140
Trd, 258681.733, 140
Trd, 258681.917, 140
Trd, 258681.950, 140
Trd, 258682.133, 140
Trd, 258682.367, 140
Trd, 258682.767, 140
Trd, 258683.100, 140
Trd, 258683.533, 140
Trd, 258683.883, 140
Trd, 258684.200, 140
Trd, 258684.400, 140
Trd, 258684.467, 134
Trd, 258684.500, 131
Trd, 258684.667, 138
Trd, 258684.717, 106
Trd, 258684.867, 105
Trd, 258684.883, 140
Trd, 258685.017, 119
Trd, 258685.100, 140
Trd, 258685.183, 90
Trd, 258685.233, 68
Trd, 258685.500, 62
Trd, 258685.617, 64
Trd, 258685.667, 65
Trd, 258685.883, 60
Trd, 258686.000, 60
Trd, 258686.183, 65
Trd, 258686.317, 60
Trd, 258686.650, 60
Trd, 258686.917, 60
Trd, 258687.033, 60
Trd, 258687.300, 61
Trd, 258687.600, 64
Trd, 258688.083, 61
Trd, 258688.600, 100
Trd, 258688.633, 99
Trd, 258688.650, 131
Trd, 258688.700, 133
Trd, 258688.950, 134
Trd, 258689.133, 66
Trd, 258689.700, 89
Trd, 258689.917, 70
Trd, 258690.000, 63
Trd, 258691.183, 140
Trd, 258691.400, 140
Trd, 258691.917, 140
Trd, 258692.283, 140
Trd, 258692.517, 140
Trd, 258692.650, 140
Trd, 258692.700, 140
Trd, 258692.817, 140
Trd, 258692.833, 140
Trd, 258693.050, 140
Trd, 258693.100, 139
Trd, 258693.117, 138
Trd, 258693.183, 137
Trd, 258693.283, 136
Trd, 258693.650, 134
Trd, 258693.950, 140
Trd, 258693.967, 139
Trd, 258694.483, 140
Trd, 258694.533, 140
Trd, 258694.817, 140
Trd, 258694.833, 140
Trd, 258694.883, 138
Trd, 258695.083, 127
Trd, 258695.550, 139
Trd, 258695.717, 128
Trd, 258696.467, 125
Trd, 258696.633, 121
Trd, 258696.900, 120
Trd, 258696.950, 105
Trd, 258696.967, 129
Trd, 258697.233, 104
Trd, 258697.250, 105
Trd, 258697.650, 119
Trd, 258697.683, 117
Trd, 258697.833, 105
Trd, 258697.867, 95
Trd, 258697.917, 127
Trd, 258698.067, 127
Trd, 258698.383, 93
Trd, 258698.967, 103
Trd, 258699.033, 93
Trd, 258699.183, 92
Trd, 258699.350, 118
Trd, 258699.817, 91
Trd, 258699.833, 118
Trd, 258699.867, 119
Trd, 258699.917, 88
Trd, 258700.167, 87
Trd, 258700.217, 84
Trd, 258700.300, 68
Trd, 258700.467, 65
Trd, 258700.633, 64
Trd, 258700.883, 108
Trd, 258701.150, 63
Trd, 258701.183, 62
Trd, 258701.567, 62
Trd, 258701.833, 63
Trd, 258701.917, 64
Trd, 258702.017, 62
Trd, 258703.067, 60
Trd, 258703.300, 60
Trd, 258703.350, 60
Trd, 258703.617, 60
Trd, 258703.767, 60
Trd, 258703.867, 63
Trd, 258704.450, 62
Trd, 258704.467, 63
Trd, 258704.483, 81
Trd, 258704.683, 82
Trd, 258704.850, 116
Trd, 258705.133, 140
Trd, 258705.167, 139
Trd, 258705.283, 139
Trd, 258705.917, 140
Trd, 258706.083, 140
Trd, 258706.367, 140
Trd, 258706.617, 140
Trd, 258706.917, 140
Trd, 258706.983, 137
Trd, 258707.033, 126
Trd, 258707.067, 100
Trd, 258707.233, 140
Trd, 258707.583, 140
Trd, 258707.800, 140
Trd, 258708.100, 140
Trd, 258708.567, 128
Trd, 258708.717, 118
Trd, 258708.767, 112
Trd, 258709.033, 105
Trd, 258709.100, 103
Trd, 258709.250, 91
Trd, 258709.617, 130
Trd, 258709.683, 131
Trd, 258709.733, 82
Trd, 258710.183, 121
Trd, 258710.417, 106
Trd, 258710.517, 127
Trd, 258710.600, 73
Trd, 258710.683, 127
Trd, 258711.133, 61
Trd, 258711.467, 62
Trd, 258711.500, 66
Trd, 258711.917, 79
Trd, 258711.950, 80
Trd, 258712.133, 128
Trd, 258712.667, 132
Trd, 258712.700, 139
Trd, 258712.817, 132
Trd, 258713.167, 134
Trd, 258713.233, 133
Trd, 258713.783, 134
Trd, 258713.917, 131
Trd, 258714.200, 135
Trd, 258714.250, 128
Trd, 258714.300, 139
Trd, 258714.350, 132
Trd, 258714.517, 127
Trd, 258714.550, 125
Trd, 258714.950, 139
Trd, 258715.283, 140
Trd, 258716.083, 140
Trd, 258716.300, 140
Trd, 258716.917, 140
Trd, 258716.933, 140
Trd, 258717.017, 139
Trd, 258717.083, 139
Trd, 258717.600, 140
Trd, 258717.700, 140
Trd, 258718.033, 125
Trd, 258718.233, 124
Trd, 258718.350, 123
Trd, 258718.583, 133
Trd, 258718.633, 116
Trd, 258718.783, 132
Trd, 258718.867, 118
Trd, 258719.250, 103
Trd, 258719.267, 137
Trd, 258719.767, 125
Trd, 258719.850, 112
Trd, 258719.867, 86
Trd, 258719.983, 103
Trd, 258720.117, 68
Trd, 258720.267, 68
Trd, 258720.400, 68
Trd, 258720.467, 66
Trd, 258720.517, 69
Trd, 258721.017, 60
Trd, 258721.283, 62
Trd, 258721.350, 64
Trd, 258721.400, 65
Trd, 258721.500, 60
Trd, 258722.350, 63
Trd, 258722.433, 64
Trd, 258722.567, 60
Trd, 258722.683, 65
Trd, 258723.150, 65
Trd, 258723.333, 66
Trd, 258723.683, 67
Trd, 258723.783, 75
Trd, 258724.100, 93
Trd, 258724.183, 92
Trd, 258724.250, 91
Trd, 258724.267, 106
Trd, 258724.417, 98
Trd, 258724.567, 126
Trd, 258724.683, 94
Trd, 258724.800, 94
Trd, 258725.267, 125
Trd, 258725.383, 140
Trd, 258726.100, 140
Trd, 258726.667, 140
Trd, 258726.850, 140
Trd, 258727.117, 140
Trd, 258727.167, 140
Trd, 258727.450, 140
Trd, 258727.500, 140
Trd, 258727.850, 139
Trd, 258728.200, 138
Trd, 258728.267, 137
Trd, 258728.583, 127
Trd, 258728.717, 126
Trd, 258728.817, 122
Trd, 258728.900, 129
Trd, 258728.983, 115
Trd, 258729.017, 106
Trd, 258729.267, 130
Trd, 258729.300, 129
Trd, 258729.717, 122
Trd, 258729.800, 130
Trd, 258730.200, 130
Trd, 258730.250, 131
Trd, 258730.267, 102
Trd, 258730.850, 81
Trd, 258731.000, 101
Trd, 258731.217, 65
Trd, 258731.383, 64
Trd, 258731.417, 63
Trd, 258731.767, 87
Trd, 258731.883, 85
Trd, 258732.050, 134
Trd, 258732.317, 61
Trd, 258732.517, 108
Trd, 258732.900, 115
Trd, 258733.033, 96
Trd, 258733.267, 132
Trd, 258733.367, 106
Trd, 258733.417, 99
Trd, 258733.550, 134
Trd, 258733.967, 95
Trd, 258734.050, 135
Trd, 258734.133, 92
Trd, 258734.167, 78
Trd, 258734.650, 113
Trd, 258734.683, 113
Trd, 258734.833, 112
Trd, 258735.200, 139
Trd, 258735.217, 138
Trd, 258735.467, 122
Trd, 258735.633, 114
Trd, 258735.767, 111
Trd, 258735.850, 92
Trd, 258736.317, 119
Trd, 258736.450, 85
Trd, 258736.583, 62
Trd, 258736.817, 117
Trd, 258737.050, 119
Trd, 258737.217, 107
Trd, 258737.417, 120
Trd, 258737.567, 140
Trd, 258737.817, 140
Trd, 258737.833, 140
Trd, 258738.300, 140
Trd, 258738.733, 140
Trd, 258738.750, 140
Trd, 258739.167, 140
Trd, 258739.250, 139
Trd, 258739.317, 138
Trd, 258739.367, 69
Trd, 258739.550, 64
Trd, 258739.767, 63
Trd, 258739.850, 65
Trd, 258739.983, 65
Trd, 258740.000, 66
Trd, 258740.167, 67
Trd, 258740.833, 139
Trd, 258741.100, 140
Trd, 258741.200, 138
Trd, 258741.217, 107
Trd, 258741.617, 65
Trd, 258742.067, 139
Trd, 258742.117, 109
Trd, 258742.633, 139
Trd, 258742.767, 139
Trd, 258742.950, 132
Trd, 258743.283, 139
Trd, 258743.383, 133
Trd, 258743.767, 140
Trd, 258744.050, 135
Trd, 258744.500, 136
Trd, 258744.667, 137
Trd, 258744.683, 136
Trd, 258744.833, 136
Trd, 258745.283, 139
Trd, 258745.533, 139
Trd, 258745.983, 137
Trd, 258746.300, 138
Trd, 258746.317, 137
Trd, 258746.717, 139
Trd, 258746.733, 136
Trd, 258746.883, 140
Trd, 258746.983, 139
Trd, 258747.067, 136
Trd, 258747.467, 139
Trd, 258747.567, 140
Trd, 258747.700, 140
Trd, 258747.767, 129
Trd, 258747.800, 128
Trd, 258748.733, 129
Trd, 258749.017, 132
Trd, 258749.050, 133
Trd, 258749.100, 134
Trd, 258749.383, 130
Trd, 258749.700, 134
Trd, 258749.833, 111
Trd, 258750.000, 98
Trd, 258750.333, 130
Trd, 258750.583, 129
Trd, 258750.600, 96
Trd, 258750.633, 95
Trd, 258751.400, 126
Trd, 258751.483, 82
Trd, 258751.917, 140
Trd, 258752.517, 140
Trd, 258752.583, 140
Trd, 258752.650, 140
Trd, 258752.950, 139
Trd, 258753.183, 137
Trd, 258753.250, 136
Trd, 258753.417, 129
Trd, 258753.450, 138
Trd, 258753.533, 102
Trd, 258753.667, 88
Trd, 258753.850, 88
Trd, 258754.033, 107
Trd, 258754.317, 132
Trd, 258754.333, 138
Trd, 258754.367, 106
Trd, 258754.533, 140
Trd, 258754.617, 139
Trd, 258754.650, 128
Trd, 258754.867, 113
Trd, 258755.100, 140
Trd, 258755.250, 140
Trd, 258755.350, 140
Trd, 258755.433, 140
Trd, 258755.500, 138
Trd, 258755.700, 83
Trd, 258755.817, 94
Trd, 258756.517, 80
Trd, 258757.167, 138
Trd, 258757.867, 106
Trd, 258757.917, 105
Trd, 258758.167, 124
Trd, 258758.550, 109
Trd, 258758.600, 117
Trd, 258758.717, 103
Trd, 258758.750, 118
Trd, 258758.817, 119
Trd, 258758.900, 74
Trd, 258758.983, 63
Trd, 258759.767, 111
Trd, 258759.850, 62
Trd, 258759.950, 119
Trd, 258760.283, 94
Trd, 258760.333, 87
Trd, 258760.600, 117
Trd, 258760.867, 106
Trd, 258761.033, 114
Trd, 258761.050, 78
Trd, 258761.100, 70
Trd, 258761.250, 63
Trd, 258761.483, 106
Trd, 258761.783, 118
Trd, 258761.867, 113
Trd, 258761.917, 113
Trd, 258762.117, 111
Trd, 258762.300, 110
Trd, 258762.383, 127
Trd, 258762.833, 121
Trd, 258763.083, 115
Trd, 258763.183, 121
Trd, 258763.317, 122
Trd, 258763.633, 112
Trd, 258763.650, 127
Trd, 258763.700, 108
Trd, 258763.800, 105
Trd, 258764.000, 139
Trd, 258764.300, 133
Trd, 258764.383, 139
Trd, 258764.450, 133
Trd, 258764.483, 133
Trd, 258764.550, 131
Trd, 258764.917, 92
Trd, 258765.267, 78
Trd, 258765.433, 139
Trd, 258765.583, 69
Trd, 258766.067, 115
Trd, 258766.117, 116
Trd, 258766.200, 117
Trd, 258766.717, 92
Trd, 258767.317, 115
Trd, 258767.433, 104
Trd, 258767.617, 118
Trd, 258767.867, 116
Trd, 258767.983, 122
Trd, 258768.067, 112
Trd, 258768.483, 123
Trd, 258768.617, 134
Trd, 258768.683, 88
Trd, 258768.700, 87
Trd, 258768.717, 79
Trd, 258768.850, 69
Trd, 258769.217, 63
Trd, 258769.800, 62
Trd, 258769.883, 63
Trd, 258770.050, 60
Trd, 258770.283, 60
Trd, 258770.333, 78
Trd, 258770.450, 69
Trd, 258770.683, 110
Trd, 258770.817, 82
Trd, 258771.033, 140
Trd, 258771.317, 140
Trd, 258771.750, 140
Trd, 258772.200, 140
Trd, 258772.383, 140
Trd, 258772.517, 139
Trd, 258772.617, 117
Trd, 258773.150, 110
Trd, 258773.300, 126
Trd, 258773.383, 111
Trd, 258773.417, 109
Trd, 258773.483, 140
Trd, 258773.533, 140
Trd, 258773.550, 139
Trd, 258773.567, 133
Trd, 258774.400, 134
Trd, 258774.550, 140
Trd, 258775.367, 140
Trd, 258775.633, 140
Trd, 258775.650, 109
Trd, 258775.750, 132
Trd, 258776.000, 99
Trd, 258776.817, 140
Trd, 258777.267, 140
Trd, 258777.433, 140
Trd, 258777.633, 140
Trd, 258777.717, 140
Trd, 258777.767, 140
Trd, 258777.833, 139
Trd, 258778.217, 138
Trd, 258778.233, 115
Trd, 258778.550, 132
Trd, 258778.600, 131
Trd, 258778.667, 98
Trd, 258778.750, 139
Trd, 258778.783, 97
Trd, 258778.933, 97
Trd, 258779.233, 119
Trd, 258779.817, 132
Trd, 258780.033, 122
Trd, 258780.050, 135
Trd, 258780.167, 139
Trd, 258781.150, 140
Trd, 258781.400, 140
Trd, 258781.650, 140
Trd, 258781.733, 140
Trd, 258781.783, 140
Trd, 258781.850, 139
Trd, 258782.317, 137
Trd, 258782.783, 132
Trd, 258782.933, 128
Trd, 258783.133, 131
Trd, 258783.450, 124
Trd, 258783.550, 122
Trd, 258783.600, 110
Trd, 258783.817, 125
Trd, 258783.900, 108
Trd, 258783.967, 118
Trd, 258784.183, 123
Trd, 258784.333, 125
Trd, 258784.367, 129
Trd, 258784.383, 130
Trd, 258784.483, 106
Trd, 258785.050, 140
Trd, 258785.083, 110
Trd, 258786.200, 121
Trd, 258786.283, 112
Trd, 258786.533, 139
Trd, 258786.650, 113
Trd, 258786.700, 112
Trd, 258787.217, 139
Trd, 258787.333, 123
Trd, 258787.383, 132
Trd, 258787.683, 140
Trd, 258787.783, 140
Trd, 258788.017, 140
Trd, 258788.050, 140
Trd, 258788.200, 140
Trd, 258788.300, 139
Trd, 258788.483, 122
Trd, 258788.583, 139
Trd, 258788.700, 106
Trd, 258788.733, 103
Trd, 258789.083, 136
Trd, 258789.167, 99
Trd, 258789.383, 136
Trd, 258789.683, 131
Trd, 258789.850, 136
Trd, 258789.933, 131
Trd, 258790.200, 136
Trd, 258790.317, 126
Trd, 258790.700, 139
Trd, 258790.733, 112
Trd, 258791.017, 115
Trd, 258791.217, 114
Trd, 258791.850, 135
Trd, 258791.950, 111
Trd, 258792.017, 140
Trd, 258792.033, 120
Trd, 258792.383, 109
Trd, 258792.400, 108
Trd, 258793.150, 118
Trd, 258793.183, 125
Trd, 258793.233, 125
Trd, 258793.250, 97
Trd, 258793.717, 126
Trd, 258793.750, 127
Trd, 258794.167, 95
Trd, 258794.217, 94
Trd, 258794.567, 119
Trd, 258794.633, 118
Trd, 258794.933, 63
Trd, 258795.117, 60
Trd, 258795.383, 60
Trd, 258795.667, 60
Trd, 258795.700, 61
Trd, 258795.833, 62
Trd, 258796.083, 62
Trd, 258796.133, 61
Trd, 258796.200, 60
Trd, 258796.233, 66
Trd, 258796.250, 68
Trd, 258796.383, 61
Trd, 258796.783, 60
Trd, 258796.933, 61
Trd, 258796.967, 62
Trd, 258797.217, 62
Trd, 258797.500, 93
Trd, 258797.650, 93
Trd, 258797.783, 94
Trd, 258798.350, 138
Trd, 258798.467, 138
Trd, 258798.717, 138
Trd, 258798.867, 115
Trd, 258799.250, 111
Trd, 258799.400, 139
Trd, 258799.433, 138
Trd, 258800.017, 140
Trd, 258800.033, 138
Trd, 258800.567, 140
Trd, 258800.800, 140
Trd, 258800.817, 139
Trd, 258801.467, 139
Trd, 258801.983, 130
Trd, 258802.100, 119
Trd, 258802.750, 117
Trd, 258802.867, 133
Trd, 258803.267, 118
Trd, 258803.467, 117
Trd, 258803.500, 116
Trd, 258803.633, 115
Trd, 258803.717, 129
Trd, 258803.733, 130
Trd, 258803.800, 114
Trd, 258803.967, 112
Trd, 258804.017, 128
Trd, 258804.033, 113
Trd, 258804.050, 111
Trd, 258804.067, 109
Trd, 258804.267, 101
Trd, 258804.433, 129
Trd, 258804.467, 136
Trd, 258804.633, 138
Trd, 258804.783, 104
Trd, 258805.017, 76
Trd, 258805.050, 75
Trd, 258805.100, 93
Trd, 258805.400, 74
Trd, 258805.667, 61
Trd, 258806.100, 60
Trd, 258806.150, 60
Trd, 258806.183, 61
Trd, 258806.883, 60
Trd, 258806.900, 60
Trd, 258806.950, 61
Trd, 258806.967, 65
Trd, 258807.500, 103
Trd, 258807.650, 105
Trd, 258807.733, 67
Trd, 258808.633, 119
Trd, 258808.933, 120
Trd, 258809.300, 140
Trd, 258809.583, 140
Trd, 258809.717, 140
Trd, 258809.783, 140
Trd, 258809.867, 138
Trd, 258810.200, 138
Trd, 258810.300, 137
Trd, 258811.050, 137
Trd, 258811.250, 136
Trd, 258811.483, 136
Trd, 258811.683, 139
Trd, 258811.900, 140
Trd, 258812.200, 140
Trd, 258812.550, 140
Trd, 258812.650, 140
Trd, 258812.933, 140
Trd, 258813.050, 140
Trd, 258813.467, 140
Trd, 258813.667, 140
Trd, 258814.917, 140
Trd, 258815.500, 140
Trd, 258815.550, 140
Trd, 258815.633, 140
Trd, 258815.933, 139
Trd, 258816.050, 138
Trd, 258816.150, 138
Trd, 258816.417, 139
Trd, 258816.467, 136
Trd, 258816.600, 129
Trd, 258816.950, 116
Trd, 258816.983, 115
Trd, 258817.000, 111
Trd, 258817.433, 122
Trd, 258817.483, 122
Trd, 258817.567, 124
Trd, 258817.617, 125
Trd, 258817.750, 130
Trd, 258818.117, 137
Trd, 258818.250, 136
Trd, 258818.400, 127
Trd, 258818.850, 131
Trd, 258818.867, 137
Trd, 258818.900, 138
Trd, 258819.117, 130
Trd, 258819.133, 129
Trd, 258819.167, 121
Trd, 258819.217, 110
Trd, 258819.333, 95
Trd, 258819.850, 93
Trd, 258820.017, 86
Trd, 258820.117, 66
Trd, 258820.283, 63
Trd, 258820.333, 65
Trd, 258820.400, 134
Trd, 258821.117, 140
Trd, 258821.450, 140
Trd, 258821.583, 139
Trd, 258821.650, 140
Trd, 258821.800, 140
Trd, 258822.450, 140
Trd, 258822.683, 140
Trd, 258822.883, 140
Trd, 258822.933, 139
Trd, 258823.267, 139
Trd, 258823.367, 137
Trd, 258823.583, 132
Trd, 258824.100, 125
Trd, 258824.150, 122
Trd, 258824.650, 98
Trd, 258824.667, 97
Trd, 258824.900, 129
Trd, 258825.667, 111
Trd, 258825.717, 128
Trd, 258825.867, 109
Trd, 258825.900, 127
Trd, 258826.133, 128
Trd, 258826.183, 93
Trd, 258826.233, 73
Trd, 258826.283, 128
Trd, 258826.467, 86
Trd, 258826.617, 117
Trd, 258826.733, 112
Trd, 258827.000, 139
Trd, 258827.217, 138
Trd, 258827.300, 137
Trd, 258827.767, 134
Trd, 258827.950, 133
Trd, 258828.233, 138
Trd, 258828.433, 132
Trd, 258828.733, 130
Trd, 258828.867, 129
Trd, 258829.617, 128
Trd, 258829.800, 127
Trd, 258829.817, 120
Trd, 258829.900, 132
Trd, 258830.033, 73
Trd, 258830.217, 61
Trd, 258830.633, 140
Trd, 258830.650, 140
Trd, 258830.700, 140
Trd, 258830.767, 140
Trd, 258831.567, 140
Trd, 258831.600, 140
Trd, 258831.700, 138
Trd, 258832.533, 140
Trd, 258832.667, 132
Trd, 258832.767, 110
Trd, 258832.883, 104
Trd, 258832.967, 130
Trd, 258833.550, 139
Trd, 258833.750, 105
Trd, 258834.000, 138
Trd, 258835.000, 135
Trd, 258835.067, 138
Trd, 258835.083, 134
Trd, 258835.100, 139
Trd, 258835.267, 131
Trd, 258835.550, 118
Trd, 258835.783, 102
Trd, 258836.150, 135
Trd, 258836.183, 134
Trd, 258836.417, 133
Trd, 258836.433, 94
Trd, 258836.650, 134
Trd, 258836.883, 94
Trd, 258836.967, 135
Trd, 258837.467, 133
Trd, 258837.567, 126
Trd, 258837.650, 91
Trd, 258837.767, 128
Trd, 258837.900, 121
Trd, 258838.250, 120
Trd, 258838.583, 134
Trd, 258839.183, 140
Trd, 258839.500, 140
Trd, 258839.717, 140
Trd, 258839.733, 139
Trd, 258839.983, 140
Trd, 258840.067, 138
Trd, 258840.233, 133
Trd, 258840.433, 115
Trd, 258840.717, 93
Trd, 258840.883, 92
Trd, 258841.100, 84
Trd, 258841.233, 134
Trd, 258841.633, 140
Trd, 258841.683, 115
Trd, 258842.217, 139
Trd, 258842.633, 139
Trd, 258842.700, 138
Trd, 258843.617, 139
Trd, 258843.800, 140
Trd, 258843.867, 127
Trd, 258844.167, 138
Trd, 258844.183, 126
Trd, 258844.267, 125
Trd, 258844.433, 118
Trd, 258844.533, 117
Trd, 258844.767, 136
Trd, 258844.833, 137
Trd, 258845.183, 136
Trd, 258845.267, 129
Trd, 258845.283, 107
Trd, 258845.367, 96
Trd, 258845.433, 134
Trd, 258846.067, 119
Trd, 258846.300, 130
Trd, 258846.817, 130
Trd, 258847.250, 140
Trd, 258847.267, 118
Trd, 258847.283, 106
Trd, 258847.667, 140
Trd, 258847.700, 140
Trd, 258847.983, 137
Trd, 258848.150, 140
Trd, 258848.183, 140
Trd, 258848.433, 140
Trd, 258848.517, 140
Trd, 258848.933, 140
Trd, 258849.200, 140
Trd, 258849.350, 140
Trd, 258849.383, 140
Trd, 258849.517, 128
Trd, 258849.967, 139
Trd, 258850.150, 113
Trd, 258850.333, 128
Trd, 258850.467, 111
Trd, 258850.550, 96
Trd, 258850.617, 94
Trd, 258850.717, 87
Trd, 258850.800, 91
Trd, 258851.250, 133
Trd, 258851.517, 140
Trd, 258851.983, 140
Trd, 258852.350, 134
Trd, 258852.400, 131
Trd, 258852.567, 120
Trd, 258852.583, 115
Trd, 258853.017, 107
Trd, 258853.183, 121
Trd, 258853.283, 108
Trd, 258853.483, 104
Trd, 258853.733, 120
Trd, 258853.867, 119
Trd, 258854.117, 63
Trd, 258854.400, 82
Trd, 258854.433, 66
Trd, 258854.583, 99
Trd, 258854.967, 60
Trd, 258855.033, 61
Trd, 258855.167, 71
Trd, 258855.300, 92
Trd, 258855.433, 100
Trd, 258855.650, 103
Trd, 258856.717, 140
Trd, 258857.083, 140
Trd, 258857.300, 140
Trd, 258857.350, 140
Trd, 258857.600, 140
Trd, 258857.867, 140
Trd, 258858.117, 140
Trd, 258858.267, 140
Trd, 258858.283, 140
Trd, 258858.317, 140
Trd, 258858.483, 138
Trd, 258858.933, 119
Trd, 258859.100, 119
Trd, 258859.400, 118
Trd, 258859.650, 129
Trd, 258859.867, 102
Trd, 258860.083, 139
Trd, 258860.167, 107
Trd, 258860.400, 136
Trd, 258860.533, 101
Trd, 258860.800, 125
Trd, 258860.933, 88
Trd, 258860.950, 134
Trd, 258861.150, 133
Trd, 258862.133, 114
Trd, 258862.433, 136
Trd, 258862.717, 124
Trd, 258862.783, 137
Trd, 258863.317, 95
Trd, 258863.483, 110
Trd, 258863.633, 140
Trd, 258863.650, 98
Trd, 258863.750, 97
Trd, 258864.000, 99
Trd, 258864.183, 100
Trd, 258864.467, 140
Trd, 258864.533, 140
Trd, 258865.150, 138
Trd, 258865.700, 140
Trd, 258865.983, 135
Trd, 258866.400, 133
Trd, 258866.667, 140
Trd, 258866.683, 139
Trd, 258866.700, 132
Trd, 258867.200, 136
Trd, 258867.233, 130
Trd, 258867.633, 107
Trd, 258867.667, 106
Trd, 258867.700, 104
Trd, 258868.183, 140
Trd, 258868.200, 139
Trd, 258868.283, 118
Trd, 258868.467, 120
Trd, 258868.600, 111
Trd, 258869.000, 132
Trd, 258869.050, 117
Trd, 258869.183, 116
Trd, 258869.333, 136
Trd, 258869.483, 125
Trd, 258869.500, 124
Trd, 258869.850, 119
Trd, 258869.967, 97
Trd, 258870.400, 105
Trd, 258870.417, 95
Trd, 258870.533, 136
Trd, 258870.733, 125
Trd, 258870.800, 137
Trd, 258870.817, 101
Trd, 258870.833, 100
Trd, 258871.267, 140
Trd, 258871.383, 96
Trd, 258871.633, 140
Trd, 258871.683, 130
Trd, 258872.583, 131
Trd, 258872.767, 129
Trd, 258873.317, 140
Trd, 258873.733, 140
Trd, 258874.050, 140
Trd, 258874.267, 140
Trd, 258875.633, 140
Trd, 258875.800, 140
Trd, 258876.550, 140
Trd, 258876.617, 140
Trd, 258876.750, 140
Trd, 258877.383, 140
Trd, 258877.567, 140
Trd, 258877.650, 140
Trd, 258877.733, 140
Trd, 258877.783, 140
Trd, 258878.067, 140
Trd, 258878.250, 140
Trd, 258878.367, 140
Trd, 258878.750, 140
Trd, 258878.833, 140
Trd, 258878.917, 138
Trd, 258879.250, 137
Trd, 258879.317, 130
Trd, 258879.650, 129
Trd, 258879.750, 127
Trd, 258879.800, 117
Trd, 258879.917, 136
Trd, 258880.033, 115
Trd, 258880.350, 96
Trd, 258880.433, 95
Trd, 258880.667, 140
Trd, 258880.867, 137
Trd, 258881.467, 117
Trd, 258881.567, 116
Trd, 258881.633, 104
Trd, 258881.717, 104
Trd, 258881.817, 140
Trd, 258882.117, 109
Trd, 258882.183, 103
Trd, 258882.267, 115
Trd, 258882.383, 139
Trd, 258882.450, 103
Trd, 258882.533, 96
Trd, 258882.567, 80
Trd, 258882.733, 138
Trd, 258882.817, 135
Trd, 258883.117, 122
Trd, 258883.583, 98
Trd, 258883.600, 97
Trd, 258883.650, 96
Trd, 258883.717, 135
Trd, 258884.167, 129
Trd, 258884.200, 126
Trd, 258884.933, 134
Trd, 258885.167, 136
Trd, 258885.417, 140
Trd, 258885.583, 103
Trd, 258885.800, 105
Trd, 258886.300, 140
Trd, 258886.650, 140
Trd, 258886.850, 140
Trd, 258887.200, 140
Trd, 258887.317, 139
Trd, 258887.417, 136
Trd, 258887.583, 135
Trd, 258887.867, 140
Trd, 258888.250, 139
Trd, 258888.333, 136
Trd, 258888.417, 137
Trd, 258888.600, 136
Trd, 258888.617, 132
Trd, 258888.667, 131
Trd, 258888.683, 127
Trd, 258889.000, 121
Trd, 258889.233, 129
Trd, 258889.267, 134
Trd, 258889.383, 120
Trd, 258889.500, 117
Trd, 258889.533, 113
Trd, 258889.567, 95
Trd, 258889.633, 70
Trd, 258889.667, 135
Trd, 258890.433, 85
Trd, 258890.583, 125
Trd, 258890.883, 84
Trd, 258891.217, 128
Trd, 258891.467, 83
Trd, 258891.517, 81
Trd, 258892.000, 127
Trd, 258892.083, 89
Trd, 258892.100, 61
Trd, 258892.583, 73
Trd, 258892.750, 74
Trd, 258892.983, 63
Trd, 258893.050, 62
Trd, 258893.500, 60
Trd, 258893.533, 60
Trd, 258893.550, 62
Trd, 258893.817, 62
Trd, 258894.500, 60
Trd, 258894.733, 69
Trd, 258894.850, 71
Trd, 258894.917, 60
Trd, 258895.150, 60
Trd, 258895.250, 74
Trd, 258895.600, 140
Trd, 258895.683, 140
Trd, 258895.767, 140
Trd, 258895.867, 140
Trd, 258896.100, 140
Trd, 258896.350, 140
Trd, 258896.883, 140
Trd, 258896.983, 140
Trd, 258897.483, 140
Trd, 258897.783, 140
Trd, 258898.333, 140
Trd, 258898.483, 140
Trd, 258898.633, 140
Trd, 258898.933, 140
Trd, 258898.983, 140
Trd, 258899.067, 140
Trd, 258899.783, 140
Trd, 258899.900, 140
Trd, 258900.000, 140
Trd, 258900.017, 140
Trd, 258900.100, 140
Trd, 258900.500, 139
Trd, 258900.517, 137
Trd, 258900.600, 122
Trd, 258900.800, 118
Trd, 258901.183, 135
Trd, 258901.300, 134
Trd, 258901.333, 140
Trd, 258901.783, 136
Trd, 258902.267, 116
Trd, 258902.417, 80
Trd, 258902.467, 131
Trd, 258903.450, 140
Trd, 258903.550, 140
Trd, 258903.633, 140
Trd, 258903.917, 140
Trd, 258904.033, 140
Trd, 258904.067, 139
Trd, 258904.550, 140
Trd, 258905.267, 140
Trd, 258905.433, 140
Trd, 258905.750, 140
Trd, 258905.783, 139
Trd, 258906.017, 140
Trd, 258906.100, 140
Trd, 258906.150, 138
Trd, 258906.500, 137
Trd, 258906.783, 124
Trd, 258906.800, 121
Trd, 258906.833, 120
Trd, 258907.183, 118
Trd, 258907.550, 117
Trd, 258907.717, 123
Trd, 258907.733, 125
Trd, 258907.833, 109
Trd, 258907.850, 127
Trd, 258907.867, 97
Trd, 258908.450, 128
Trd, 258908.867, 125
Trd, 258908.933, 126
Trd, 258909.017, 123
Trd, 258909.117, 121
Trd, 258909.167, 88
Trd, 258909.367, 113
Trd, 258909.750, 123
Trd, 258909.800, 84
Trd, 258909.917, 84
Trd, 258910.483, 103
Trd, 258910.700, 126
Trd, 258910.933, 104
Trd, 258911.083, 60
Trd, 258911.250, 62
Trd, 258911.650, 66
Trd, 258912.167, 61
Trd, 258912.433, 67
Trd, 258912.550, 67
Trd, 258912.600, 68
Trd, 258912.717, 95
Trd, 258912.817, 110
Trd, 258913.250, 117
Trd, 258913.583, 65
Trd, 258913.700, 66
Trd, 258913.950, 68
Trd, 258914.133, 66
Trd, 258914.183, 63
Trd, 258914.267, 62
Trd, 258914.367, 60
Trd, 258915.200, 61
Trd, 258915.350, 60
Trd, 258915.383, 60
Trd, 258915.417, 61
Trd, 258915.533, 61
Trd, 258915.717, 60
Trd, 258916.050, 60
Trd, 258916.400, 60
Trd, 258916.533, 61
Trd, 258916.550, 64
Trd, 258916.883, 62
Trd, 258917.167, 64
Trd, 258917.567, 64
Trd, 258917.833, 62
Trd, 258917.867, 70
Trd, 258918.117, 64
Trd, 258918.133, 79
Trd, 258918.417, 60
Trd, 258918.600, 82
Trd, 258918.650, 83
Trd, 258918.933, 60
Trd, 258919.017, 108
Trd, 258919.167, 61
Trd, 258919.383, 64
Trd, 258919.550, 105
Trd, 258919.883, 60
Trd, 258920.150, 60
Trd, 258920.617, 60
Trd, 258920.683, 60
Trd, 258920.850, 61
Trd, 258920.917, 60
Trd, 258920.967, 61
Trd, 258921.350, 79
Trd, 258921.417, 75
Trd, 258921.433, 74
Trd, 258921.950, 102
Trd, 258921.983, 101
Trd, 258922.017, 91
Trd, 258922.600, 140
Trd, 258922.700, 140
Trd, 258922.750, 139
Trd, 258922.900, 122
Trd, 258922.983, 121
Trd, 258923.267, 117
Trd, 258923.400, 117
Trd, 258923.567, 115
Trd, 258923.933, 99
Trd, 258924.133, 136
Trd, 258924.900, 140
Trd, 258925.100, 140
Trd, 258925.667, 140
Trd, 258925.783, 139
Trd, 258925.883, 138
Trd, 258925.917, 124
Trd, 258926.600, 134
Trd, 258926.633, 107
Trd, 258926.717, 84
Trd, 258926.850, 135
Trd, 258926.983, 113
Trd, 258927.050, 136
Trd, 258927.183, 135
Trd, 258927.350, 131
Trd, 258928.017, 140
Trd, 258928.133, 140
Trd, 258928.233, 139
Trd, 258928.667, 134
Trd, 258929.000, 140
Trd, 258929.233, 140
Trd, 258929.250, 125
Trd, 258929.450, 124
Trd, 258929.467, 124
Trd, 258930.083, 140
Trd, 258930.450, 140
Trd, 258931.017, 140
Trd, 258931.333, 140
Trd, 258931.367, 140
Trd, 258931.517, 140
Trd, 258931.583, 139
Trd, 258931.800, 137
Trd, 258931.933, 137
Trd, 258932.117, 138
Trd, 258932.150, 137
Trd, 258932.167, 137
Trd, 258932.400, 140
Trd, 258932.567, 136
Trd, 258932.867, 118
Trd, 258932.933, 118
Trd, 258932.950, 87
Trd, 258933.583, 140
Trd, 258933.733, 140
Trd, 258934.017, 133
Trd, 258935.000, 118
Trd, 258935.050, 132
Trd, 258935.083, 133
Trd, 258935.283, 128
Trd, 258935.300, 107
Trd, 258935.867, 108
Trd, 258936.367, 117
Trd, 258936.733, 116
Trd, 258936.800, 84
Trd, 258937.100, 78
Trd, 258937.333, 124
Trd, 258937.600, 129
Trd, 258937.683, 123
Trd, 258937.733, 130
Trd, 258938.033, 122
Trd, 258938.067, 109
Trd, 258938.100, 98
Trd, 258938.233, 131
Trd, 258938.467, 131
Trd, 258938.650, 122
Trd, 258938.883, 131
Trd, 258939.000, 105
Trd, 258939.133, 132
Trd, 258939.150, 105
Trd, 258939.300, 137
Trd, 258939.433, 92
Trd, 258939.783, 139
Trd, 258939.800, 92
Trd, 258939.933, 85
Trd, 258940.000, 101
Trd, 258940.133, 81
Trd, 258940.317, 80
Trd, 258940.350, 102
Trd, 258940.433, 132
Trd, 258941.600, 140
Trd, 258941.750, 140
Trd, 258941.800, 140
Trd, 258941.983, 140
Trd, 258942.150, 120
Trd, 258942.250, 105
Trd, 258942.283, 78
Trd, 258943.017, 60
Trd, 258943.083, 60
Trd, 258943.583, 60
Trd, 258943.983, 60
Trd, 258944.067, 60
Trd, 258944.167, 61
Trd, 258944.233, 61
Trd, 258944.400, 62
Trd, 258944.433, 65
Trd, 258944.517, 72
Trd, 258944.867, 62
Trd, 258945.033, 62
Trd, 258945.167, 62
Trd, 258945.217, 63
Trd, 258945.267, 64
Trd, 258945.300, 67
Trd, 258945.533, 60
Trd, 258945.583, 68
Trd, 258946.267, 140
Trd, 258946.417, 140
Trd, 258946.700, 140
Trd, 258947.300, 140
Trd, 258947.383, 140
Trd, 258947.650, 140
Trd, 258947.833, 140
Trd, 258948.317, 140
Trd, 258948.367, 140
Trd, 258949.050, 140
Trd, 258949.117, 140
Trd, 258949.333, 140
Trd, 258950.250, 140
Trd, 258950.267, 138
Trd, 258950.383, 137
Trd, 258950.417, 131
Trd, 258950.467, 95
Trd, 258951.000, 60
Trd, 258951.117, 60
Trd, 258951.333, 60
Trd, 258951.650, 60
Trd, 258951.850, 60
Trd, 258952.083, 60
Trd, 258952.167, 60
Trd, 258952.500, 60
Trd, 258952.517, 60
Trd, 258952.567, 61
Trd, 258952.700, 63
Trd, 258952.967, 62
Trd, 258953.117, 62
Trd, 258953.317, 64
Trd, 258953.383, 65
Trd, 258953.417, 80
Trd, 258953.783, 140
Trd, 258953.883, 140
Trd, 258954.667, 140
Trd, 258954.750, 140
Trd, 258954.933, 140
Trd, 258954.983, 140
Trd, 258955.267, 140
Trd, 258955.467, 140
Trd, 258955.533, 140
Trd, 258955.967, 138
Trd, 258957.133, 140
Trd, 258957.333, 140
Trd, 258957.667, 140
Trd, 258957.733, 140
Trd, 258957.983, 140
Trd, 258958.167, 139
Trd, 258958.200, 137
Trd, 258958.217, 124
Trd, 258958.867, 138
Trd, 258959.100, 126
Trd, 258959.333, 135
Trd, 258959.350, 118
Trd, 258959.650, 120
Trd, 258959.733, 134
Trd, 258960.133, 133
Trd, 258960.500, 131
Trd, 258960.517, 129
Trd, 258960.550, 128
Trd, 258960.750, 132
Trd, 258960.817, 128
Trd, 258960.900, 126
Trd, 258960.933, 123
Trd, 258961.333, 125
Trd, 258961.617, 134
Trd, 258961.750, 125
Trd, 258961.850, 135
Trd, 258962.500, 140
Trd, 258963.000, 140
Trd, 258963.250, 140
Trd, 258963.267, 140
Trd, 258963.417, 124
Trd, 258963.500, 107
Trd, 258963.667, 140
Trd, 258963.783, 140
Trd, 258963.833, 106
Trd, 258964.050, 138
Trd, 258964.183, 103
Trd, 258964.217, 100
Trd, 258964.650, 117
Trd, 258964.700, 68
Trd, 258964.767, 132
Trd, 258965.117, 133
Trd, 258965.217, 114
Trd, 258965.233, 133
Trd, 258965.417, 123
Trd, 258965.467, 135
Trd, 258965.667, 139
Trd, 258965.950, 123
Trd, 258966.300, 138
Trd, 258966.983, 112
Trd, 258967.050, 112
Trd, 258967.200, 112
Trd, 258967.250, 111
Trd, 258967.433, 133
Trd, 258967.917, 127
Trd, 258968.067, 125
Trd, 258968.083, 107
Trd, 258968.133, 95
Trd, 258968.467, 77
Trd, 258968.533, 76
Trd, 258968.583, 74
Trd, 258968.733, 60
Trd, 258969.300, 63
Trd, 258969.600, 60
Trd, 258969.800, 140
Trd, 258970.050, 140
Trd, 258970.150, 139
Trd, 258970.417, 140
Trd, 258970.467, 139
Trd, 258971.000, 138
Trd, 258971.117, 124
Trd, 258971.317, 137
Trd, 258971.917, 140
Trd, 258972.000, 137
Trd, 258972.050, 136
Trd, 258972.083, 122
Trd, 258972.283, 109
Trd, 258972.417, 84
Trd, 258972.567, 112
Trd, 258972.633, 129
Trd, 258972.800, 65
Trd, 258973.417, 138
Trd, 258973.517, 113
Trd, 258974.117, 140
Trd, 258974.433, 140
Trd, 258974.450, 139
Trd, 258974.600, 134
Trd, 258974.967, 138
Trd, 258975.033, 138
Trd, 258975.167, 137
Trd, 258975.267, 136
Trd, 258975.517, 99
Trd, 258975.750, 129
Trd, 258975.783, 117
Trd, 258975.900, 116
Trd, 258976.317, 82
Trd, 258976.333, 129
Trd, 258976.717, 120
Trd, 258976.783, 124
Trd, 258976.917, 126
Trd, 258977.067, 129
Trd, 258977.500, 65
Trd, 258977.700, 133
Trd, 258977.967, 139
Trd, 258978.267, 140
Trd, 258979.233, 140
Trd, 258979.300, 140
Trd, 258979.450, 140
Trd, 258979.550, 140
Trd, 258979.667, 136
Trd, 258979.783, 127
Trd, 258980.133, 139
Trd, 258980.233, 139
Trd, 258980.267, 110
Trd, 258980.417, 133
Trd, 258980.583, 110
Trd, 258980.617, 134
Trd, 258980.633, 109
Trd, 258980.817, 109
Trd, 258981.033, 103
Trd, 258981.083, 102
Trd, 258981.233, 82
Trd, 258981.333, 82
Trd, 258981.617, 136
Trd, 258981.850, 131
Trd, 258982.133, 130
Trd, 258982.150, 108
Trd, 258982.433, 128
Trd, 258982.733, 128
Trd, 258983.383, 129
Trd, 258983.900, 133
Trd, 258983.933, 140
Trd, 258984.033, 132
Trd, 258984.500, 140
Trd, 258984.583, 140
Trd, 258984.817, 140
Trd, 258985.067, 140
Trd, 258985.267, 136
Trd, 258985.617, 140
Trd, 258986.833, 140
Trd, 258987.000, 139
Trd, 258987.283, 139
Trd, 258987.683, 138
Trd, 258987.883, 128
Trd, 258988.050, 135
Trd, 258988.383, 129
Trd, 258988.467, 126
Trd, 258988.483, 121
Trd, 258988.633, 117
Trd, 258988.667, 116
Trd, 258988.800, 92
Trd, 258988.817, 91
Trd, 258989.217, 93
Trd, 258989.483, 115
Trd, 258989.567, 101
Trd, 258989.600, 99
Trd, 258989.650, 132
Trd, 258989.900, 61
Trd, 258990.183, 69
Trd, 258990.517, 60
Trd, 258990.617, 60
Trd, 258990.700, 60
Trd, 258990.950, 60
Trd, 258991.417, 62
Trd, 258991.500, 64
Trd, 258991.550, 65
Trd, 258991.783, 82
Trd, 258991.833, 83
Trd, 258992.217, 62
Trd, 258992.350, 63
Trd, 258992.617, 79
Trd, 258992.967, 95
Trd, 258993.050, 94
Trd, 258993.100, 133
Trd, 258993.617, 72
Trd, 258994.117, 140
Trd, 258994.200, 139
Trd, 258994.550, 139
Trd, 258994.733, 140
Trd, 258994.867, 140
Trd, 258995.283, 140
Trd, 258995.450, 139
Trd, 258995.633, 139
Trd, 258995.717, 139
Trd, 258995.783, 135
Trd, 258995.833, 128
Trd, 258995.967, 124
Trd, 258996.983, 140
Trd, 258997.500, 140
Trd, 258997.533, 140
Trd, 258998.367, 140
Trd, 258998.417, 140
Trd, 258998.467, 140
Trd, 258999.000, 140
Trd, 258999.050, 140
Trd, 258999.367, 140
Trd, 258999.500, 139
Trd, 258999.683, 140
Trd, 258999.717, 140
Trd, 258999.767, 133
Trd, 259000.167, 119
Trd, 259000.200, 140
Trd, 259000.417, 128
Trd, 259000.467, 139
Trd, 259001.083, 137
Trd, 259001.250, 136
Trd, 259001.533, 132
Trd, 259001.950, 130
Trd, 259002.183, 131
Trd, 259002.233, 131
Trd, 259002.417, 128
Trd, 259002.600, 128
Trd, 259002.950, 130
Trd, 259003.483, 131
Trd, 259003.500, 133
Trd, 259004.167, 140
Trd, 259004.300, 140
Trd, 259004.400, 139
Trd, 259004.517, 120
Trd, 259004.650, 139
Trd, 259004.683, 104
Trd, 259004.700, 85
Trd, 259004.867, 133
Trd, 259004.900, 93
Trd, 259005.217, 93
Trd, 259005.417, 92
Trd, 259005.733, 93
Trd, 259006.050, 87
Trd, 259006.267, 86
Trd, 259006.917, 138
Trd, 259007.583, 131
Trd, 259007.783, 111
Trd, 259007.883, 107
Trd, 259007.900, 139
Trd, 259008.033, 126
Trd, 259008.317, 139
Trd, 259008.483, 131
Trd, 259008.800, 140
Trd, 259008.817, 139
Trd, 259008.900, 126
Trd, 259009.000, 115
Trd, 259009.350, 107
Trd, 259009.417, 107
Trd, 259009.500, 140
Trd, 259009.717, 136
Trd, 259010.117, 130
Trd, 259010.567, 130
Trd, 259010.600, 132
Trd, 259010.650, 129
Trd, 259010.750, 98
Trd, 259011.017, 131
Trd, 259011.067, 132
Trd, 259011.267, 108
Trd, 259011.583, 132
Trd, 259011.600, 110
Trd, 259011.767, 109
Trd, 259011.867, 106
Trd, 259011.900, 97
Trd, 259011.933, 133
Trd, 259012.117, 96
Trd, 259012.867, 98
Trd, 259013.250, 104
Trd, 259013.600, 106
Trd, 259013.967, 127
Trd, 259014.217, 120
Trd, 259014.233, 119
Trd, 259014.750, 121
Trd, 259014.933, 139
Trd, 259014.950, 126
Trd, 259015.483, 140
Trd, 259015.550, 140
Trd, 259015.567, 139
Trd, 259015.667, 139
Trd, 259015.783, 132
Trd, 259016.017, 130
Trd, 259016.067, 129
Trd, 259016.283, 107
Trd, 259016.517, 118
Trd, 259016.533, 117
Trd, 259016.550, 116
Trd, 259016.650, 108
Trd, 259016.667, 99
Trd, 259017.117, 107
Trd, 259017.133, 104
Trd, 259017.250, 90
Trd, 259017.650, 90
Trd, 259017.683, 109
Trd, 259018.017, 140
Trd, 259018.300, 140
Trd, 259018.683, 140
Trd, 259018.833, 140
Trd, 259019.433, 140
Trd, 259019.850, 140
Trd, 259020.067, 140
Trd, 259020.183, 140
Trd, 259020.467, 137
Trd, 259020.550, 139
Trd, 259020.933, 105
Trd, 259020.967, 140
Trd, 259021.350, 109
Trd, 259021.500, 138
Trd, 259021.850, 125
Trd, 259021.917, 110
Trd, 259022.000, 138
Trd, 259022.233, 109
Trd, 259022.250, 107
Trd, 259023.117, 140
Trd, 259023.533, 140
Trd, 259023.817, 139
Trd, 259023.833, 138
Trd, 259024.417, 119
Trd, 259024.467, 117
Trd, 259024.683, 134
Trd, 259024.800, 137
Trd, 259024.833, 137
Trd, 259024.950, 136
Trd, 259024.967, 136
Trd, 259025.383, 138
Trd, 259025.433, 127
Trd, 259025.667, 137
Trd, 259025.750, 127
Trd, 259025.883, 137
Trd, 259026.283, 126
Trd, 259026.617, 134
Trd, 259026.833, 117
Trd, 259027.567, 118
Trd, 259027.633, 128
Trd, 259027.767, 129
Trd, 259027.833, 131
Trd, 259027.900, 104
Trd, 259028.083, 102
Trd, 259028.700, 140
Trd, 259029.050, 126
Trd, 259029.433, 138
Trd, 259029.817, 139
Trd, 259030.017, 140
Trd, 259030.100, 139
Trd, 259030.283, 138
Trd, 259030.333, 138
Trd, 259030.350, 138
Trd, 259030.850, 136
Trd, 259031.017, 137
Trd, 259031.050, 136
Trd, 259031.133, 139
Trd, 259031.433, 135
Trd, 259031.617, 140
Trd, 259031.983, 134
Trd, 259032.983, 140
Trd, 259033.200, 140
Trd, 259033.317, 140
Trd, 259033.617, 139
Trd, 259033.700, 116
Trd, 259033.933, 115
Trd, 259034.200, 140
Trd, 259034.483, 140
Trd, 259034.883, 140
Trd, 259034.983, 139
Trd, 259035.167, 137
Trd, 259035.383, 113
Trd, 259035.667, 111
Trd, 259035.683, 110
Trd, 259035.767, 102
Trd, 259035.800, 98
Trd, 259035.850, 137
Trd, 259035.933, 137
Trd, 259036.067, 102
Trd, 259036.417, 98
Trd, 259036.583, 139
Trd, 259036.617, 95
Trd, 259036.667, 93
Trd, 259036.750, 82
Trd, 259037.050, 136
Trd, 259037.233, 138
Trd, 259037.617, 138
Trd, 259037.917, 139
Trd, 259037.950, 140
Trd, 259038.633, 137
Trd, 259038.717, 135
Trd, 259039.267, 117
Trd, 259039.717, 140
Trd, 259039.783, 140
Trd, 259039.967, 140
Trd, 259040.167, 140
Trd, 259040.617, 140
Trd, 259040.717, 140
Trd, 259040.983, 136
Trd, 259041.267, 139
Trd, 259041.383, 94
Trd, 259041.550, 91
Trd, 259042.033, 114
Trd, 259042.067, 90
Trd, 259042.200, 137
Trd, 259042.333, 136
Trd, 259042.817, 134
Trd, 259043.083, 96
Trd, 259043.383, 135
Trd, 259043.417, 136
Trd, 259044.083, 131
Trd, 259044.250, 97
Trd, 259044.317, 131
Trd, 259044.350, 93
Trd, 259044.367, 132
Trd, 259044.433, 89
Trd, 259044.683, 102
Trd, 259044.767, 101
Trd, 259045.000, 89
Trd, 259045.100, 87
Trd, 259045.150, 97
Trd, 259045.200, 86
Trd, 259045.333, 111
Trd, 259045.567, 140
Trd, 259046.000, 140
Trd, 259046.217, 140
Trd, 259046.500, 140
Trd, 259046.517, 140
Trd, 259047.583, 140
Trd, 259047.717, 139
Trd, 259048.817, 140
Trd, 259049.283, 140
Trd, 259049.450, 140
Trd, 259049.550, 140
Trd, 259049.617, 140
Trd, 259049.900, 139
Trd, 259049.933, 138
Trd, 259049.967, 137
Trd, 259050.067, 131
Trd, 259050.100, 131
Trd, 259050.233, 140
Trd, 259050.433, 130
Trd, 259050.483, 110
Trd, 259050.617, 128
Trd, 259050.683, 107
Trd, 259051.517, 138
Trd, 259051.533, 137
Trd, 259051.667, 92
Trd, 259051.750, 118
Trd, 259051.783, 92
Trd, 259052.100, 133
Trd, 259052.433, 113
Trd, 259053.650, 127
Trd, 259053.667, 123
Trd, 259053.700, 105
Trd, 259053.717, 94
Trd, 259053.750, 87
Trd, 259053.900, 127
Trd, 259054.000, 80
Trd, 259054.200, 130
Trd, 259054.317, 111
Trd, 259054.350, 131
Trd, 259054.700, 81
Trd, 259054.933, 116
Trd, 259055.117, 133
Trd, 259055.267, 139
Trd, 259055.717, 140
Trd, 259055.817, 90
Trd, 259056.133, 117
Trd, 259056.150, 118
Trd, 259056.200, 90
Trd, 259056.933, 140
Trd, 259057.833, 140
Trd, 259057.917, 140
Trd, 259057.967, 140
Trd, 259058.333, 140
Trd, 259058.433, 140
Trd, 259058.917, 140
Trd, 259059.133, 140
Trd, 259059.167, 139
Trd, 259059.383, 128
Trd, 259059.567, 137
Trd, 259059.667, 125
Trd, 259059.800, 124
Trd, 259059.850, 102
Trd, 259059.983, 138
Trd, 259060.017, 93
Trd, 259060.417, 140
Trd, 259060.500, 105
Trd, 259060.567, 91
Trd, 259061.167, 139
Trd, 259061.633, 129
Trd, 259061.850, 127
Trd, 259061.883, 126
Trd, 259062.133, 126
Trd, 259062.533, 130
Trd, 259062.800, 140
Trd, 259062.933, 135
Trd, 259063.000, 126
Trd, 259063.267, 140
Trd, 259063.400, 138
Trd, 259063.500, 140
Trd, 259064.400, 138
Trd, 259064.417, 139
Trd, 259064.667, 139
Trd, 259064.733, 122
Trd, 259064.850, 120
Trd, 259065.033, 91
Trd, 259065.150, 90
Trd, 259065.500, 124
Trd, 259065.533, 132
Trd, 259065.817, 138
Trd, 259065.967, 140
Trd, 259066.150, 121
Trd, 259066.233, 109
Trd, 259066.450, 139
Trd, 259066.583, 108
Trd, 259066.667, 108
Trd, 259066.950, 81
Trd, 259067.167, 80
Trd, 259067.633, 134
Trd, 259067.883, 115
Trd, 259068.300, 136
Trd, 259068.417, 136
Trd, 259068.750, 116
Trd, 259068.767, 137
Trd, 259068.783, 115
Trd, 259068.933, 113
Trd, 259069.367, 127
Trd, 259069.533, 108
Trd, 259069.583, 124
Trd, 259069.700, 108
Trd, 259070.000, 130
Trd, 259070.683, 107
Trd, 259070.850, 139
Trd, 259071.000, 128
Trd, 259071.050, 108
Trd, 259071.333, 117
Trd, 259071.350, 118
Trd, 259071.383, 114
Trd, 259071.700, 118
Trd, 259071.833, 119
Trd, 259071.900, 114
Trd, 259072.033, 113
Trd, 259072.200, 94
Trd, 259072.417, 129
Trd, 259072.883, 93
Trd, 259072.900, 129
Trd, 259072.933, 89
Trd, 259073.317, 129
Trd, 259073.583, 129
Trd, 259073.667, 85
Trd, 259073.767, 61
Trd, 259073.850, 62
Trd, 259074.383, 92
Trd, 259074.400, 128
Trd, 259074.533, 130
Trd, 259074.683, 137
Trd, 259074.983, 137
Trd, 259075.033, 93
Trd, 259075.417, 140
Trd, 259075.467, 140
Trd, 259075.667, 140
Trd, 259075.850, 140
Trd, 259075.967, 140
Trd, 259076.150, 138
Trd, 259076.267, 121
Trd, 259077.533, 140
Trd, 259077.617, 139
Trd, 259078.317, 139
Trd, 259078.500, 136
Trd, 259078.567, 132
Trd, 259078.633, 130
Trd, 259078.650, 116
Trd, 259079.133, 131
Trd, 259079.150, 130
Trd, 259079.333, 128
Trd, 259079.350, 134
Trd, 259079.517, 127
Trd, 259079.600, 111
Trd, 259080.250, 108
Trd, 259080.283, 127
Trd, 259080.300, 107
Trd, 259080.600, 109
Trd, 259080.667, 99
Trd, 259080.717, 132
Trd, 259080.950, 123
Trd, 259081.050, 133
Trd, 259081.100, 103
Trd, 259081.400, 95
Trd, 259081.600, 94
Trd, 259081.717, 129
Trd, 259081.733, 132
Trd, 259082.000, 93
Trd, 259082.150, 127
Trd, 259082.217, 92
Trd, 259082.350, 88
Trd, 259082.533, 96
Trd, 259082.683, 127
Trd, 259082.833, 131
Trd, 259083.317, 87
Trd, 259083.517, 86
Trd, 259083.633, 122
Trd, 259084.200, 140
Trd, 259084.350, 139
Trd, 259084.583, 94
Trd, 259085.000, 140
Trd, 259085.400, 140
Trd, 259085.517, 140
Trd, 259085.567, 140
Trd, 259086.433, 122
Trd, 259086.650, 139
Trd, 259086.717, 121
Trd, 259087.133, 136
Trd, 259087.217, 127
Trd, 259087.250, 127
Trd, 259087.517, 139
Trd, 259087.650, 134
Trd, 259088.050, 125
Trd, 259088.350, 119
Trd, 259088.433, 133
Trd, 259088.467, 136
Trd, 259088.700, 116
Trd, 259089.167, 102
Trd, 259089.183, 79
Trd, 259089.600, 79
Trd, 259089.783, 85
Trd, 259089.883, 119
Trd, 259090.267, 106
Trd, 259090.333, 107
Trd, 259090.367, 117
Trd, 259090.717, 118
Trd, 259090.850, 117
Trd, 259091.017, 96
Trd, 259091.100, 103
Trd, 259091.117, 92
Trd, 259091.350, 120
Trd, 259091.817, 83
Trd, 259091.933, 81
Trd, 259092.350, 140
Trd, 259092.367, 139
Trd, 259092.383, 117
Trd, 259092.783, 140
Trd, 259093.050, 78
Trd, 259093.433, 63
Trd, 259094.417, 140
Trd, 259094.633, 140
Trd, 259094.717, 140
Trd, 259094.900, 140
Trd, 259095.000, 140
Trd, 259095.117, 138
Trd, 259095.150, 138
Trd, 259095.417, 123
Trd, 259095.617, 118
Trd, 259095.733, 117
Trd, 259095.867, 135
Trd, 259096.150, 137
Trd, 259096.183, 118
Trd, 259096.217, 117
Trd, 259097.033, 134
Trd, 259097.117, 132
Trd, 259097.217, 139
Trd, 259097.250, 131
Trd, 259097.333, 85
Trd, 259097.600, 73
Trd, 259097.767, 66
Trd, 259098.017, 107
Trd, 259098.133, 96
Trd, 259098.567, 140
Trd, 259098.850, 140
Trd, 259099.067, 114
Trd, 259099.217, 130
Trd, 259099.667, 113
Trd, 259099.733, 112
Trd, 259100.050, 122
Trd, 259100.300, 120
Trd, 259100.467, 114
Trd, 259100.633, 121
Trd, 259101.083, 124
Trd, 259101.100, 125
Trd, 259101.117, 118
Trd, 259101.433, 117
Trd, 259101.483, 115
Trd, 259101.600, 127
Trd, 259101.633, 128
Trd, 259101.800, 113
Trd, 259101.967, 99
Trd, 259102.200, 101
Trd, 259103.083, 125
Trd, 259103.350, 103
Trd, 259103.567, 113
Trd, 259103.600, 86
Trd, 259103.617, 84
Trd, 259103.683, 96
Trd, 259103.817, 77
Trd, 259103.900, 75
Trd, 259104.533, 139
Trd, 259104.700, 140
Trd, 259104.950, 140
Trd, 259105.017, 140
Trd, 259105.500, 140
Trd, 259106.317, 140
Trd, 259106.567, 140
Trd, 259106.683, 140
Trd, 259106.717, 140
Trd, 259106.917, 140
Trd, 259107.883, 140
Trd, 259107.900, 140
Trd, 259108.233, 140
Trd, 259108.650, 140
Trd, 259108.833, 140
Trd, 259108.917, 140
Trd, 259109.233, 138
Trd, 259109.300, 138
Trd, 259109.517, 138
Trd, 259109.617, 133
Trd, 259109.683, 132
Trd, 259110.500, 134
Trd, 259110.567, 134
Trd, 259110.683, 98
Trd, 259110.800, 137
Trd, 259110.983, 136
Trd, 259111.017, 122
Trd, 259111.033, 114
Trd, 259111.150, 113
Trd, 259111.233, 132
Trd, 259111.350, 100
Trd, 259111.800, 111
Trd, 259111.867, 108
Trd, 259111.983, 136
Trd, 259112.200, 137
Trd, 259112.333, 138
Trd, 259112.533, 135
Trd, 259112.567, 134
Trd, 259112.583, 132
Trd, 259112.717, 136
Trd, 259112.950, 132
Trd, 259113.350, 120
Trd, 259113.583, 106
Trd, 259113.667, 114
Trd, 259113.883, 97
Trd, 259114.617, 140
Trd, 259114.850, 140
Trd, 259114.917, 140
Trd, 259114.967, 139
Trd, 259115.050, 135
Trd, 259115.183, 122
Trd, 259115.500, 140
Trd, 259115.617, 137
Trd, 259116.167, 118
Trd, 259117.133, 140
Trd, 259117.200, 139
Trd, 259117.667, 119
Trd, 259117.950, 137
Trd, 259118.617, 115
Trd, 259118.633, 114
Trd, 259118.767, 133
Trd, 259119.183, 73
Trd, 259119.417, 130
Trd, 259119.483, 73
Trd, 259119.767, 122
Trd, 259119.850, 121
Trd, 259120.033, 132
Trd, 259120.050, 95
Trd, 259120.083, 93
Trd, 259120.233, 130
Trd, 259120.417, 88
Trd, 259120.433, 74
Trd, 259120.483, 111
Trd, 259120.717, 112
Trd, 259120.917, 126
Trd, 259121.033, 132
Trd, 259121.767, 140
Trd, 259122.083, 140
Trd, 259122.467, 140
Trd, 259122.567, 140
Trd, 259122.650, 140
Trd, 259123.117, 139
Trd, 259123.250, 130
Trd, 259123.733, 140
Trd, 259123.800, 139
Trd, 259123.900, 121
Trd, 259123.933, 105
Trd, 259124.267, 135
Trd, 259124.400, 89
Trd, 259124.433, 87
Trd, 259124.983, 87
Trd, 259125.567, 140
Trd, 259125.617, 140
Trd, 259125.650, 140
Trd, 259125.783, 133
Trd, 259125.917, 124
Trd, 259126.183, 132
Trd, 259126.267, 95
Trd, 259126.517, 137
Trd, 259126.683, 94
Trd, 259126.967, 86
Trd, 259127.267, 95
Trd, 259127.650, 131
Trd, 259127.817, 101
Trd, 259127.867, 131
Trd, 259127.917, 132
Trd, 259127.983, 137
Trd, 259128.533, 115
Trd, 259128.733, 110
Trd, 259129.000, 138
Trd, 259129.217, 110
Trd, 259129.350, 110
Trd, 259129.617, 138
Trd, 259129.950, 116
Trd, 259130.000, 109
Trd, 259130.250, 108
Trd, 259130.633, 136
Trd, 259131.050, 95
Trd, 259131.100, 94
Trd, 259131.133, 93
Trd, 259131.950, 138
Trd, 259132.250, 113
Trd, 259132.267, 121
Trd, 259132.433, 137
Trd, 259132.800, 122
Trd, 259132.833, 122
Trd, 259133.100, 121
Trd, 259133.733, 139
Trd, 259134.233, 140
Trd, 259134.400, 139
Trd, 259134.550, 137
Trd, 259134.867, 117
Trd, 259134.883, 136
Trd, 259135.017, 113
Trd, 259135.400, 104
Trd, 259135.483, 95
Trd, 259135.500, 127
Trd, 259135.533, 128
Trd, 259135.650, 94
Trd, 259135.667, 79
Trd, 259135.883, 129
Trd, 259136.033, 128
Trd, 259136.417, 140
Trd, 259136.600, 106
Trd, 259136.867, 110
Trd, 259137.050, 99
Trd, 259137.517, 132
Trd, 259137.833, 128
Trd, 259137.917, 101
Trd, 259138.183, 83
Trd, 259138.400, 65
Trd, 259138.650, 61
Trd, 259138.933, 61
Trd, 259138.967, 66
Trd, 259139.017, 70
Trd, 259139.133, 125
Trd, 259139.450, 100
Trd, 259139.617, 115
Trd, 259139.767, 60
Trd, 259140.000, 64
Trd, 259140.050, 62
Trd, 259140.517, 61
Trd, 259140.850, 64
Trd, 259140.867, 64
Trd, 259140.933, 65
Trd, 259141.067, 64
Trd, 259141.433, 102
Trd, 259141.500, 102
Trd, 259141.617, 103
Trd, 259141.633, 101
Trd, 259142.000, 102
Trd, 259142.133, 101
Trd, 259142.167, 100
Trd, 259142.200, 76
Trd, 259142.233, 103
Trd, 259142.250, 115
Trd, 259142.883, 135
Trd, 259143.367, 136
Trd, 259143.483, 136
Trd, 259143.833, 136
Trd, 259144.117, 137
Trd, 259144.383, 138
Trd, 259144.567, 137
Trd, 259144.717, 139
Trd, 259144.750, 128
Trd, 259145.167, 140
Trd, 259145.583, 106
Trd, 259145.833, 90
Trd, 259145.867, 97
Trd, 259145.983, 95
Trd, 259146.000, 98
Trd, 259146.033, 94
Trd, 259146.050, 105
Trd, 259146.100, 107
Trd, 259146.467, 131
Trd, 259147.733, 140
Trd, 259147.833, 138
Trd, 259147.950, 138
Trd, 259148.500, 140
Trd, 259148.683, 140
Trd, 259148.750, 137
Trd, 259149.183, 139
Trd, 259149.233, 136
Trd, 259149.267, 138
Trd, 259149.300, 121
Trd, 259149.550, 121
Trd, 259149.850, 140
Trd, 259150.167, 140
Trd, 259150.350, 140
Trd, 259150.867, 140
Trd, 259151.050, 140
Trd, 259151.217, 140
Trd, 259151.267, 126
Trd, 259151.450, 126
Trd, 259151.800, 125
Trd, 259152.250, 118
Trd, 259152.400, 127
Trd, 259152.567, 124
Trd, 259152.733, 109
Trd, 259153.000, 118
Trd, 259153.217, 107
Trd, 259153.317, 96
Trd, 259153.467, 117
Trd, 259153.483, 113
Trd, 259153.550, 77
Trd, 259153.833, 69
Trd, 259153.850, 117
Trd, 259153.950, 118
Trd, 259154.283, 61
Trd, 259154.517, 73
Trd, 259154.900, 106
Trd, 259154.967, 107
Trd, 259155.017, 109
Trd, 259155.450, 135
Trd, 259155.533, 120
Trd, 259155.583, 136
Trd, 259155.633, 121
Trd, 259155.750, 139
Trd, 259156.250, 122
Trd, 259156.950, 140
Trd, 259157.000, 140
Trd, 259157.083, 139
Trd, 259157.133, 136
Trd, 259157.333, 140
Trd, 259157.400, 124
Trd, 259157.533, 123
Trd, 259157.883, 116
Trd, 259158.317, 116
Trd, 259158.567, 135
Trd, 259158.600, 111
Trd, 259158.700, 135
Trd, 259158.800, 78
Trd, 259159.317, 94
Trd, 259159.667, 61
Trd, 259159.700, 62
Trd, 259160.350, 73
Trd, 259160.450, 131
Trd, 259160.800, 140
Trd, 259160.933, 140
Trd, 259161.033, 139
Trd, 259161.067, 138
Trd, 259161.483, 138
Trd, 259161.617, 138
Trd, 259161.767, 139
Trd, 259161.833, 138
Trd, 259162.383, 137
Trd, 259162.700, 138
Trd, 259162.933, 132
Trd, 259162.950, 131
Trd, 259163.533, 133
Trd, 259163.883, 134
Trd, 259164.083, 139
Trd, 259164.100, 138
Trd, 259164.217, 132
Trd, 259164.267, 131
Trd, 259164.567, 133
Trd, 259165.133, 140
Trd, 259165.217, 139
Trd, 259165.417, 134
Trd, 259165.483, 133
Trd, 259165.850, 139
Trd, 259166.200, 120
Trd, 259166.300, 118
Trd, 259166.333, 114
Trd, 259166.433, 100
Trd, 259166.467, 113
Trd, 259166.700, 134
Trd, 259166.783, 134
Trd, 259166.817, 135
Trd, 259166.917, 117
Trd, 259166.967, 116
Trd, 259167.017, 136
Trd, 259167.033, 137
Trd, 259167.400, 126
Trd, 259167.450, 97
Trd, 259167.767, 119
Trd, 259167.950, 138
Trd, 259167.983, 64
Trd, 259168.100, 64
Trd, 259168.150, 67
Trd, 259168.500, 131
Trd, 259168.883, 135
Trd, 259169.133, 135
Trd, 259169.600, 126
Trd, 259170.050, 125
Trd, 259170.450, 124
Trd, 259170.650, 133
Trd, 259170.800, 126
Trd, 259170.950, 133
Trd, 259171.067, 136
Trd, 259171.383, 126
Trd, 259171.417, 125
Trd, 259171.450, 118
Trd, 259171.917, 133
Trd, 259171.967, 135
Trd, 259172.300, 138
Trd, 259172.517, 135
Trd, 259172.717, 139
Trd, 259173.467, 135
Trd, 259173.683, 134
Trd, 259174.033, 136
Trd, 259174.100, 136
Trd, 259174.583, 137
Trd, 259174.750, 137
Trd, 259175.033, 132
Trd, 259175.117, 131
Trd, 259175.417, 105
Trd, 259175.450, 87
Trd, 259175.483, 86
Trd, 259175.617, 75
Trd, 259175.667, 71
Trd, 259175.817, 60
Trd, 259176.000, 133
Trd, 259176.167, 60
Trd, 259176.300, 91
Trd, 259176.317, 119
Trd, 259176.467, 137
Trd, 259177.733, 76
Trd, 259177.800, 97
Trd, 259177.817, 74
Trd, 259177.833, 73
Trd, 259178.033, 137
Trd, 259178.133, 138
Trd, 259178.200, 137
Trd, 259178.567, 137
Trd, 259178.633, 128
Trd, 259179.333, 94
Trd, 259179.450, 125
Trd, 259179.583, 94
Trd, 259179.767, 93
Trd, 259179.783, 90
Trd, 259179.917, 81
Trd, 259180.000, 138
Trd, 259180.233, 139
Trd, 259180.350, 133
Trd, 259180.717, 122
Trd, 259180.850, 134
Trd, 259181.050, 137
Trd, 259181.200, 134
Trd, 259181.467, 135
Trd, 259181.700, 138
Trd, 259181.883, 136
Trd, 259182.117, 140
Trd, 259182.350, 138
Trd, 259182.433, 113
Trd, 259182.517, 95
Trd, 259182.900, 140
Trd, 259183.383, 140
Trd, 259183.467, 140
Trd, 259183.517, 139
Trd, 259184.050, 140
Trd, 259184.500, 140
Trd, 259184.517, 139
Trd, 259184.683, 138
Trd, 259184.750, 135
Trd, 259186.033, 140
Trd, 259186.100, 140
Trd, 259186.300, 140
Trd, 259186.467, 140
Trd, 259187.367, 136
Trd, 259187.500, 133
Trd, 259187.633, 119
Trd, 259187.817, 135
Trd, 259187.867, 134
Trd, 259187.983, 112
Trd, 259188.300, 140
Trd, 259188.717, 139
Trd, 259188.833, 135
Trd, 259189.333, 135
Trd, 259189.500, 126
Trd, 259189.533, 135
Trd, 259189.550, 120
Trd, 259189.850, 128
Trd, 259190.167, 126
Trd, 259190.333, 132
Trd, 259190.450, 89
Trd, 259190.567, 87
Trd, 259190.750, 131
Trd, 259190.817, 134
Trd, 259190.950, 116
Trd, 259191.733, 132
Trd, 259191.933, 76
Trd, 259192.000, 136
Trd, 259192.100, 115
Trd, 259192.183, 111
Trd, 259192.217, 74
Trd, 259192.583, 99
Trd, 259192.717, 137
Trd, 259192.750, 138
Trd, 259193.150, 139
Trd, 259193.633, 112
Trd, 259193.717, 112
Trd, 259193.733, 111
Trd, 259194.067, 129
Trd, 259194.083, 86
Trd, 259194.100, 77
Trd, 259194.583, 113
Trd, 259194.700, 109
Trd, 259195.083, 62
Trd, 259195.100, 63
Trd, 259195.417, 138
Trd, 259195.850, 132
Trd, 259195.883, 130
Trd, 259195.950, 121
Trd, 259196.117, 111
Trd, 259196.183, 133
Trd, 259196.683, 133
Trd, 259196.850, 91
Trd, 259196.900, 95
Trd, 259197.100, 90
Trd, 259197.150, 134
Trd, 259197.367, 85
Trd, 259197.683, 77
Trd, 259198.233, 127
Trd, 259198.383, 118
Trd, 259198.450, 125
Trd, 259198.617, 137
Trd, 259198.633, 138
Trd, 259198.900, 135
Trd, 259199.167, 136
Trd, 259199.550, 140
Trd, 259199.633, 139
Trd, 259199.733, 139
Trd, 259199.900, 139
Trd, 259199.950, 140
