Trd, 258587.650, 122
Trd, 258587.667, 121
Trd, 258587.717, 113
Trd, 258587.733, 111
Trd, 258588.117, 124
Trd, 258588.317, 123
Trd, 258588.333, 107
Trd, 258588.400, 106
Trd, 258588.450, 105
Trd, 258588.683, 114
Trd, 258588.700, 124
Trd, 258588.833, 124
Trd, 258588.933, 124
Trd, 258589.067, 87
Trd, 258589.283, 80
Trd, 258589.767, 60
Trd, 258589.800, 60
Trd, 258590.033, 64
Trd, 258590.050, 115
Trd, 258591.300, 112
Trd, 258591.617, 118
Trd, 258591.683, 140
Trd, 258592.533, 139
Trd, 258592.700, 140
Trd, 258593.083, 129
Trd, 258593.133, 128
Trd, 258593.717, 129
Trd, 258593.983, 131
Trd, 258594.400, 140
Trd, 258594.683, 140
Trd, 258594.783, 140
Trd, 258594.967, 140
Trd, 258595.000, 128
Trd, 258595.367, 113
Trd, 258595.450, 138
Trd, 258595.467, 139
Trd, 258595.633, 122
Trd, 258595.900, 121
Trd, 258596.367, 135
Trd, 258596.500, 124
Trd, 258597.117, 118
Trd, 258597.133, 119
Trd, 258597.483, 123
Trd, 258597.517, 138
Trd, 258597.750, 130
Trd, 258597.800, 126
Trd, 258598.017, 124
Trd, 258598.067, 124
Trd, 258598.300, 126
Trd, 258598.400, 129
Trd, 258598.833, 123
Trd, 258598.983, 113
Trd, 258599.283, 128
Trd, 258599.617, 130
Trd, 258600.100, 140
Trd, 258600.117, 140
Trd, 258600.167, 138
Trd, 258600.333, 139
Trd, 258600.867, 140
Trd, 258601.000, 133
Trd, 258601.417, 134
Trd, 258601.917, 127
Trd, 258602.067, 128
Trd, 258602.083, 127
Trd, 258602.367, 126
Trd, 258602.617, 125
Trd, 258603.233, 139
Trd, 258603.800, 125
Trd, 258604.050, 135
Trd, 258604.317, 126
Trd, 258604.400, 127
Trd, 258604.550, 121
Trd, 258604.667, 127
Trd, 258604.733, 121
Trd, 258605.117, 120
Trd, 258605.217, 126
Trd, 258605.467, 120
Trd, 258605.667, 97
Trd, 258605.750, 96
Trd, 258605.767, 121
Trd, 258605.983, 77
Trd, 258606.100, 120
Trd, 258606.233, 77
Trd, 258606.283, 76
Trd, 258606.333, 74
Trd, 258606.633, 105
Trd, 258606.967, 118
Trd, 258607.033, 102
Trd, 258607.667, 103
Trd, 258607.700, 115
Trd, 258607.833, 102
Trd, 258608.083, 114
Trd, 258608.250, 101
Trd, 258608.717, 114
Trd, 258608.883, 114
Trd, 258609.033, 125
Trd, 258609.433, 117
Trd, 258610.333, 140
Trd, 258610.517, 139
Trd, 258610.883, 125
Trd, 258611.083, 124
Trd, 258611.100, 117
Trd, 258611.383, 115
Trd, 258611.917, 124
Trd, 258612.050, 117
Trd, 258612.200, 115
Trd, 258612.783, 122
Trd, 258612.883, 122
Trd, 258612.900, 123
Trd, 258613.033, 123
Trd, 258613.083, 122
Trd, 258613.283, 123
Trd, 258613.417, 122
Trd, 258613.850, 123
Trd, 258613.900, 124
Trd, 258613.967, 122
Trd, 258614.183, 121
Trd, 258614.567, 121
Trd, 258614.950, 119
Trd, 258615.233, 117
Trd, 258615.283, 120
Trd, 258615.733, 140
Trd, 258616.017, 140
Trd, 258616.200, 137
Trd, 258616.333, 136
Trd, 258616.383, 119
Trd, 258616.450, 117
Trd, 258616.467, 118
Trd, 258616.567, 123
Trd, 258616.933, 137
Trd, 258617.133, 101
Trd, 258617.550, 137
Trd, 258617.833, 131
Trd, 258617.883, 118
Trd, 258617.983, 139
Trd, 258618.217, 140
Trd, 258618.533, 139
Trd, 258618.617, 138
Trd, 258619.583, 140
Trd, 258619.600, 140
Trd, 258619.850, 129
Trd, 258620.200, 136
Trd, 258620.617, 122
Trd, 258620.650, 132
Trd, 258620.667, 121
Trd, 258620.767, 115
Trd, 258620.817, 110
Trd, 258620.850, 79
Trd, 258621.233, 90
Trd, 258621.400, 87
Trd, 258621.867, 128
Trd, 258622.000, 127
Trd, 258622.400, 100
Trd, 258622.433, 85
Trd, 258622.933, 118
Trd, 258623.283, 114
Trd, 258623.617, 115
Trd, 258623.767, 116
Trd, 258623.817, 116
Trd, 258624.033, 116
Trd, 258624.250, 113
Trd, 258624.283, 117
Trd, 258624.367, 119
Trd, 258624.567, 108
Trd, 258624.650, 103
Trd, 258624.933, 91
Trd, 258625.200, 74
Trd, 258625.350, 68
Trd, 258625.417, 85
Trd, 258625.517, 78
Trd, 258625.617, 85
Trd, 258625.883, 86
Trd, 258625.900, 105
Trd, 258626.133, 116
Trd, 258626.150, 105
Trd, 258627.650, 140
Trd, 258627.783, 139
Trd, 258627.983, 139
Trd, 258628.000, 138
Trd, 258628.050, 65
Trd, 258629.017, 140
Trd, 258629.083, 140
Trd, 258629.150, 139
Trd, 258629.250, 139
Trd, 258629.433, 138
Trd, 258629.917, 132
Trd, 258630.050, 128
Trd, 258630.417, 134
Trd, 258631.183, 131
Trd, 258631.250, 132
Trd, 258631.267, 133
Trd, 258631.400, 133
Trd, 258631.750, 131
Trd, 258631.950, 131
Trd, 258632.067, 130
Trd, 258632.100, 134
Trd, 258632.150, 127
Trd, 258632.167, 127
Trd, 258632.483, 140
Trd, 258633.483, 132
Trd, 258633.533, 132
Trd, 258633.783, 131
Trd, 258633.967, 129
Trd, 258635.167, 140
Trd, 258635.317, 140
Trd, 258635.467, 139
Trd, 258635.700, 139
Trd, 258635.733, 131
Trd, 258636.083, 130
Trd, 258636.150, 132
Trd, 258636.233, 131
Trd, 258636.367, 133
Trd, 258636.467, 132
Trd, 258637.017, 135
Trd, 258637.333, 137
Trd, 258637.433, 128
Trd, 258637.783, 129
Trd, 258637.833, 135
Trd, 258637.917, 136
Trd, 258638.017, 129
Trd, 258638.083, 134
Trd, 258638.400, 132
Trd, 258638.683, 132
Trd, 258639.183, 132
Trd, 258639.250, 133
Trd, 258639.283, 120
Trd, 258639.450, 135
Trd, 258639.517, 133
Trd, 258639.783, 133
Trd, 258639.833, 126
Trd, 258640.267, 124
Trd, 258640.467, 127
Trd, 258640.933, 125
Trd, 258641.183, 125
Trd, 258641.283, 123
Trd, 258641.383, 122
Trd, 258641.417, 122
Trd, 258641.467, 118
Trd, 258642.300, 114
Trd, 258642.317, 123
Trd, 258642.333, 113
Trd, 258642.433, 102
Trd, 258642.783, 135
Trd, 258642.967, 136
Trd, 258643.183, 139
Trd, 258643.517, 140
Trd, 258643.950, 117
Trd, 258644.050, 114
Trd, 258644.167, 96
Trd, 258645.350, 140
Trd, 258645.850, 139
Trd, 258646.000, 134
Trd, 258646.367, 133
Trd, 258646.517, 132
Trd, 258646.583, 131
Trd, 258646.633, 131
Trd, 258646.650, 130
Trd, 258646.717, 135
Trd, 258646.983, 131
Trd, 258647.400, 132
Trd, 258647.600, 132
Trd, 258647.700, 128
Trd, 258647.783, 118
Trd, 258648.317, 131
Trd, 258648.550, 128
Trd, 258648.817, 127
Trd, 258648.833, 128
Trd, 258649.083, 128
Trd, 258649.383, 128
Trd, 258649.533, 129
Trd, 258649.717, 120
Trd, 258649.767, 116
Trd, 258650.050, 113
Trd, 258650.167, 129
Trd, 258650.250, 129
Trd, 258650.550, 119
Trd, 258650.700, 120
Trd, 258650.750, 119
Trd, 258651.250, 127
Trd, 258651.617, 71
Trd, 258651.933, 97
Trd, 258652.000, 62
Trd, 258652.417, 121
Trd, 258652.650, 113
Trd, 258652.733, 112
Trd, 258652.850, 91
Trd, 258653.350, 111
Trd, 258653.550, 112
Trd, 258653.650, 113
Trd, 258653.700, 114
Trd, 258653.733, 117
Trd, 258654.133, 111
Trd, 258654.167, 110
Trd, 258654.717, 112
Trd, 258654.883, 113
Trd, 258655.100, 111
Trd, 258655.783, 112
Trd, 258655.867, 114
Trd, 258655.967, 115
Trd, 258656.050, 116
Trd, 258656.083, 111
Trd, 258656.117, 108
Trd, 258656.267, 105
Trd, 258656.367, 139
Trd, 258656.450, 95
Trd, 258656.867, 139
Trd, 258657.017, 133
Trd, 258657.267, 127
Trd, 258657.700, 100
Trd, 258657.767, 107
Trd, 258657.867, 106
Trd, 258658.017, 107
Trd, 258658.033, 108
Trd, 258658.067, 100
Trd, 258658.300, 125
Trd, 258658.333, 97
Trd, 258658.650, 122
Trd, 258658.900, 118
Trd, 258658.950, 128
Trd, 258659.417, 111
Trd, 258659.750, 124
Trd, 258659.933, 115
Trd, 258660.250, 122
Trd, 258660.500, 117
Trd, 258660.683, 117
Trd, 258660.767, 118
Trd, 258661.167, 118
Trd, 258661.200, 118
Trd, 258661.650, 119
Trd, 258661.967, 119
Trd, 258662.000, 118
Trd, 258662.283, 117
Trd, 258662.417, 114
Trd, 258662.500, 112
Trd, 258662.567, 103
Trd, 258662.683, 80
Trd, 258662.767, 118
Trd, 258662.967, 138
Trd, 258663.433, 111
Trd, 258664.083, 140
Trd, 258664.150, 140
Trd, 258664.267, 139
Trd, 258664.283, 128
Trd, 258664.567, 137
Trd, 258665.067, 130
Trd, 258665.817, 140
Trd, 258665.850, 139
Trd, 258665.950, 136
Trd, 258666.317, 134
Trd, 258666.417, 135
Trd, 258666.617, 137
Trd, 258666.783, 136
Trd, 258667.117, 136
Trd, 258667.167, 135
Trd, 258667.417, 129
Trd, 258667.750, 129
Trd, 258668.000, 130
Trd, 258668.067, 122
Trd, 258668.267, 120
Trd, 258668.367, 98
Trd, 258668.450, 129
Trd, 258668.550, 127
Trd, 258668.633, 127
Trd, 258668.783, 93
Trd, 258669.783, 106
Trd, 258669.883, 103
Trd, 258670.000, 101
Trd, 258670.083, 102
Trd, 258670.150, 108
Trd, 258670.167, 99
Trd, 258670.200, 128
Trd, 258670.467, 70
Trd, 258670.533, 131
Trd, 258670.650, 87
Trd, 258671.017, 69
Trd, 258671.317, 78
Trd, 258671.617, 138
Trd, 258672.000, 140
Trd, 258672.283, 137
Trd, 258672.433, 136
Trd, 258672.933, 126
Trd, 258673.133, 131
Trd, 258673.317, 127
Trd, 258673.350, 129
Trd, 258673.533, 127
Trd, 258673.600, 126
Trd, 258673.650, 131
Trd, 258674.267, 127
Trd, 258674.717, 140
Trd, 258675.067, 140
Trd, 258675.117, 140
Trd, 258675.533, 140
Trd, 258676.283, 140
Trd, 258676.483, 140
Trd, 258676.867, 140
Trd, 258677.200, 140
Trd, 258677.233, 137
Trd, 258677.250, 136
Trd, 258677.483, 139
Trd, 258677.600, 132
Trd, 258677.967, 137
Trd, 258678.167, 129
Trd, 258678.183, 128
Trd, 258678.383, 134
Trd, 258678.450, 122
Trd, 258678.533, 113
Trd, 258678.717, 111
Trd, 258678.750, 105
Trd, 258679.283, 117
Trd, 258679.367, 116
Trd, 258679.550, 117
Trd, 258679.733, 119
Trd, 258679.900, 122
Trd, 258679.967, 109
Trd, 258680.483, 109
Trd, 258680.717, 108
Trd, 258680.850, 108
Trd, 258681.667, 113
Trd, 258681.683, 112
Trd, 258682.200, 140
Trd, 258682.233, 139
Trd, 258682.933, 139
Trd, 258683.067, 137
Trd, 258683.300, 139
Trd, 258683.483, 126
Trd, 258683.567, 124
Trd, 258683.917, 139
Trd, 258684.717, 140
Trd, 258685.217, 138
Trd, 258685.383, 138
Trd, 258685.400, 139
Trd, 258685.517, 138
Trd, 258685.633, 137
Trd, 258685.717, 135
Trd, 258686.000, 124
Trd, 258686.100, 135
Trd, 258686.233, 134
Trd, 258686.333, 124
Trd, 258686.550, 123
Trd, 258686.700, 130
Trd, 258686.933, 132
Trd, 258687.000, 127
Trd, 258687.100, 131
Trd, 258687.367, 125
Trd, 258687.600, 118
Trd, 258687.850, 131
Trd, 258687.917, 130
Trd, 258688.183, 67
Trd, 258688.317, 132
Trd, 258688.700, 119
Trd, 258688.800, 116
Trd, 258689.033, 133
Trd, 258689.417, 128
Trd, 258689.850, 124
Trd, 258689.883, 120
Trd, 258689.933, 126
Trd, 258690.117, 126
Trd, 258690.517, 117
Trd, 258691.067, 119
Trd, 258691.233, 118
Trd, 258691.333, 118
Trd, 258691.417, 117
Trd, 258691.433, 119
Trd, 258691.467, 116
Trd, 258691.517, 120
Trd, 258691.867, 118
Trd, 258692.150, 118
Trd, 258692.533, 119
Trd, 258692.650, 122
Trd, 258692.850, 121
Trd, 258692.900, 120
Trd, 258692.950, 137
Trd, 258693.267, 135
Trd, 258693.633, 135
Trd, 258694.500, 138
Trd, 258694.533, 137
Trd, 258695.550, 137
Trd, 258695.700, 137
Trd, 258695.883, 140
Trd, 258695.983, 136
Trd, 258696.117, 135
Trd, 258696.383, 138
Trd, 258696.900, 140
Trd, 258696.983, 140
Trd, 258697.117, 140
Trd, 258697.567, 139
Trd, 258697.700, 140
Trd, 258697.900, 138
Trd, 258698.183, 137
Trd, 258698.217, 130
Trd, 258698.233, 128
Trd, 258698.300, 123
Trd, 258698.350, 139
Trd, 258698.517, 122
Trd, 258698.683, 118
Trd, 258698.700, 117
Trd, 258699.050, 128
Trd, 258699.767, 129
Trd, 258700.167, 128
Trd, 258700.300, 118
Trd, 258700.350, 127
Trd, 258700.500, 127
Trd, 258700.633, 128
Trd, 258700.750, 133
Trd, 258701.350, 130
Trd, 258702.300, 135
Trd, 258702.900, 133
Trd, 258702.967, 127
Trd, 258703.183, 128
Trd, 258703.367, 123
Trd, 258704.167, 137
Trd, 258704.200, 135
Trd, 258704.717, 122
Trd, 258704.833, 119
Trd, 258705.100, 124
Trd, 258705.200, 129
Trd, 258705.217, 116
Trd, 258705.267, 113
Trd, 258705.383, 130
Trd, 258705.433, 129
Trd, 258705.683, 132
Trd, 258705.733, 113
Trd, 258705.983, 113
Trd, 258706.067, 112
Trd, 258706.800, 121
Trd, 258706.833, 115
Trd, 258706.883, 114
Trd, 258707.183, 121
Trd, 258707.233, 122
Trd, 258707.383, 124
Trd, 258707.450, 125
Trd, 258707.633, 133
Trd, 258708.067, 104
Trd, 258708.150, 124
Trd, 258708.550, 94
Trd, 258708.583, 90
Trd, 258708.917, 135
Trd, 258709.650, 140
Trd, 258710.033, 140
Trd, 258711.133, 140
Trd, 258711.217, 140
Trd, 258711.417, 140
Trd, 258711.467, 140
Trd, 258711.617, 140
Trd, 258711.667, 140
Trd, 258711.717, 140
Trd, 258711.767, 140
Trd, 258711.817, 128
Trd, 258711.933, 138
Trd, 258712.033, 122
Trd, 258712.333, 121
Trd, 258712.483, 116
Trd, 258712.783, 115
Trd, 258712.867, 134
Trd, 258712.933, 113
Trd, 258713.183, 136
Trd, 258713.233, 127
Trd, 258713.750, 127
Trd, 258714.133, 92
Trd, 258714.367, 87
Trd, 258714.417, 123
Trd, 258715.483, 117
Trd, 258715.533, 112
Trd, 258715.567, 110
Trd, 258715.783, 117
Trd, 258715.900, 108
Trd, 258715.967, 107
Trd, 258716.033, 113
Trd, 258716.067, 118
Trd, 258716.283, 112
Trd, 258716.317, 95
Trd, 258716.367, 76
Trd, 258716.700, 117
Trd, 258716.817, 120
Trd, 258716.950, 122
Trd, 258717.133, 136
Trd, 258718.600, 138
Trd, 258718.767, 140
Trd, 258718.900, 138
Trd, 258718.933, 138
Trd, 258719.567, 139
Trd, 258719.583, 138
Trd, 258719.900, 139
Trd, 258720.050, 139
Trd, 258720.317, 140
Trd, 258720.333, 139
Trd, 258720.633, 137
Trd, 258720.650, 129
Trd, 258722.000, 140
Trd, 258722.133, 140
Trd, 258722.350, 140
Trd, 258722.367, 140
Trd, 258723.033, 140
Trd, 258723.117, 140
Trd, 258723.167, 140
Trd, 258723.250, 140
Trd, 258723.333, 128
Trd, 258723.733, 124
Trd, 258724.117, 125
Trd, 258724.267, 114
Trd, 258724.433, 130
Trd, 258724.483, 117
Trd, 258724.533, 131
Trd, 258724.833, 105
Trd, 258724.967, 131
Trd, 258725.333, 106
Trd, 258725.367, 104
Trd, 258725.617, 103
Trd, 258725.717, 81
Trd, 258725.783, 108
Trd, 258725.817, 99
Trd, 258725.983, 127
Trd, 258726.450, 127
Trd, 258726.650, 127
Trd, 258726.800, 127
Trd, 258726.833, 125
Trd, 258726.883, 127
Trd, 258726.900, 124
Trd, 258727.300, 114
Trd, 258728.133, 94
Trd, 258728.967, 126
Trd, 258729.383, 125
Trd, 258730.150, 126
Trd, 258730.700, 126
Trd, 258730.750, 125
Trd, 258731.283, 140
Trd, 258731.433, 139
Trd, 258731.617, 135
Trd, 258731.633, 129
Trd, 258731.983, 136
Trd, 258732.233, 126
Trd, 258732.467, 115
Trd, 258732.567, 132
Trd, 258732.700, 114
Trd, 258732.800, 131
Trd, 258733.117, 125
Trd, 258733.233, 130
Trd, 258733.317, 131
Trd, 258733.667, 116
Trd, 258733.683, 115
Trd, 258733.883, 127
Trd, 258734.433, 78
Trd, 258734.483, 123
Trd, 258734.517, 124
Trd, 258734.950, 83
Trd, 258735.033, 105
Trd, 258735.267, 83
Trd, 258735.400, 99
Trd, 258735.733, 100
Trd, 258736.033, 99
Trd, 258736.600, 126
Trd, 258736.617, 132
Trd, 258737.067, 139
Trd, 258737.400, 140
Trd, 258737.767, 140
Trd, 258738.050, 139
Trd, 258738.100, 138
Trd, 258738.133, 136
Trd, 258738.383, 135
Trd, 258738.467, 135
Trd, 258738.550, 132
Trd, 258738.683, 118
Trd, 258739.833, 140
Trd, 258740.050, 138
Trd, 258740.083, 137
Trd, 258740.267, 136
Trd, 258740.333, 138
Trd, 258740.617, 138
Trd, 258740.817, 138
Trd, 258741.117, 138
Trd, 258741.183, 137
Trd, 258741.617, 139
Trd, 258741.700, 138
Trd, 258741.917, 137
Trd, 258742.017, 130
Trd, 258742.383, 125
Trd, 258742.733, 130
Trd, 258742.800, 129
Trd, 258742.883, 131
Trd, 258743.083, 133
Trd, 258743.200, 129
Trd, 258743.233, 128
Trd, 258743.333, 116
Trd, 258743.717, 113
Trd, 258743.750, 132
Trd, 258744.617, 137
Trd, 258744.783, 137
Trd, 258745.100, 138
Trd, 258745.150, 137
Trd, 258745.267, 139
Trd, 258745.550, 138
Trd, 258745.983, 140
Trd, 258746.233, 140
Trd, 258746.283, 139
Trd, 258746.717, 139
Trd, 258747.167, 140
Trd, 258747.300, 139
Trd, 258747.450, 138
Trd, 258747.517, 139
Trd, 258747.617, 138
Trd, 258747.900, 140
Trd, 258748.117, 135
Trd, 258748.150, 134
Trd, 258748.300, 124
Trd, 258748.500, 113
Trd, 258748.617, 112
Trd, 258748.883, 111
Trd, 258748.950, 100
Trd, 258749.167, 88
Trd, 258749.967, 123
Trd, 258750.200, 109
Trd, 258750.217, 124
Trd, 258750.583, 121
Trd, 258750.650, 122
Trd, 258750.683, 108
Trd, 258750.767, 107
Trd, 258750.783, 100
Trd, 258751.150, 122
Trd, 258751.500, 102
Trd, 258751.567, 100
Trd, 258751.650, 95
Trd, 258751.900, 112
Trd, 258752.100, 113
Trd, 258752.150, 91
Trd, 258752.467, 120
Trd, 258752.717, 116
Trd, 258752.767, 122
Trd, 258753.017, 137
Trd, 258753.083, 115
Trd, 258753.450, 137
Trd, 258753.550, 138
Trd, 258753.783, 134
Trd, 258754.300, 119
Trd, 258754.450, 134
Trd, 258755.367, 118
Trd, 258755.450, 116
Trd, 258755.633, 113
Trd, 258756.083, 94
Trd, 258756.333, 94
Trd, 258756.450, 132
Trd, 258757.183, 130
Trd, 258757.200, 129
Trd, 258757.400, 131
Trd, 258757.450, 132
Trd, 258757.517, 123
Trd, 258757.950, 109
Trd, 258758.183, 97
Trd, 258758.217, 100
Trd, 258758.233, 101
Trd, 258758.367, 97
Trd, 258758.533, 96
Trd, 258758.683, 128
Trd, 258758.850, 126
Trd, 258759.267, 120
Trd, 258759.383, 120
Trd, 258759.767, 82
Trd, 258759.917, 122
Trd, 258760.483, 123
Trd, 258760.517, 113
Trd, 258760.750, 122
Trd, 258760.833, 104
Trd, 258760.867, 124
Trd, 258760.933, 104
Trd, 258761.083, 103
Trd, 258761.150, 63
Trd, 258761.583, 125
Trd, 258762.517, 140
Trd, 258762.650, 140
Trd, 258762.767, 139
Trd, 258763.200, 139
Trd, 258763.233, 132
Trd, 258763.350, 129
Trd, 258763.483, 127
Trd, 258763.500, 124
Trd, 258763.600, 111
Trd, 258763.767, 109
Trd, 258764.517, 114
Trd, 258764.717, 131
Trd, 258764.750, 136
Trd, 258764.833, 110
Trd, 258764.883, 102
Trd, 258766.150, 127
Trd, 258766.267, 126
Trd, 258766.450, 124
Trd, 258766.483, 125
Trd, 258766.517, 124
Trd, 258766.667, 121
Trd, 258766.933, 120
Trd, 258767.050, 118
Trd, 258767.067, 121
Trd, 258767.517, 122
Trd, 258767.850, 125
Trd, 258767.983, 123
Trd, 258768.150, 122
Trd, 258768.617, 111
Trd, 258768.733, 110
Trd, 258769.150, 137
Trd, 258769.333, 137
Trd, 258769.550, 138
Trd, 258769.983, 129
Trd, 258770.100, 128
Trd, 258770.467, 138
Trd, 258770.967, 138
Trd, 258771.000, 137
Trd, 258771.067, 136
Trd, 258771.467, 87
Trd, 258771.583, 133
Trd, 258772.150, 131
Trd, 258772.267, 133
Trd, 258772.417, 134
Trd, 258772.667, 135
Trd, 258772.883, 134
Trd, 258773.400, 134
Trd, 258773.417, 133
Trd, 258773.483, 132
Trd, 258773.800, 112
Trd, 258773.900, 110
Trd, 258773.983, 106
Trd, 258774.283, 130
Trd, 258774.967, 130
Trd, 258775.150, 134
Trd, 258775.200, 119
Trd, 258775.383, 140
Trd, 258775.750, 139
Trd, 258776.400, 140
Trd, 258776.667, 140
Trd, 258776.850, 140
Trd, 258777.033, 140
Trd, 258777.200, 140
Trd, 258777.217, 133
Trd, 258777.483, 130
Trd, 258777.550, 129
Trd, 258777.633, 125
Trd, 258777.667, 124
Trd, 258777.800, 112
Trd, 258779.233, 121
Trd, 258779.300, 120
Trd, 258779.433, 121
Trd, 258779.583, 120
Trd, 258779.683, 118
Trd, 258779.750, 122
Trd, 258779.867, 125
Trd, 258779.883, 116
Trd, 258780.017, 114
Trd, 258780.050, 96
Trd, 258780.367, 113
Trd, 258780.383, 125
Trd, 258780.783, 125
Trd, 258780.833, 132
Trd, 258780.900, 114
Trd, 258781.033, 136
Trd, 258781.117, 139
Trd, 258781.167, 113
Trd, 258781.400, 98
Trd, 258781.717, 95
Trd, 258782.100, 105
Trd, 258782.283, 104
Trd, 258782.383, 94
Trd, 258782.600, 103
Trd, 258782.833, 104
Trd, 258783.067, 98
Trd, 258783.100, 104
Trd, 258784.183, 119
Trd, 258784.933, 137
Trd, 258785.400, 140
Trd, 258785.683, 120
Trd, 258785.983, 119
Trd, 258786.333, 119
Trd, 258786.350, 114
Trd, 258786.400, 136
Trd, 258786.767, 109
Trd, 258786.867, 104
Trd, 258787.017, 132
Trd, 258787.217, 100
Trd, 258787.467, 115
Trd, 258787.750, 60
Trd, 258788.000, 60
Trd, 258788.083, 60
Trd, 258788.167, 60
Trd, 258788.317, 60
Trd, 258788.417, 60
Trd, 258788.700, 60
Trd, 258788.867, 60
Trd, 258788.900, 61
Trd, 258789.033, 61
Trd, 258789.367, 61
Trd, 258789.400, 60
Trd, 258789.450, 60
Trd, 258789.583, 61
Trd, 258789.650, 94
Trd, 258790.283, 119
Trd, 258790.467, 118
Trd, 258790.500, 104
Trd, 258790.850, 139
Trd, 258791.150, 113
Trd, 258791.250, 112
Trd, 258791.950, 139
Trd, 258791.967, 138
Trd, 258792.217, 137
Trd, 258793.083, 140
Trd, 258793.217, 140
Trd, 258793.333, 140
Trd, 258793.450, 140
Trd, 258793.683, 140
Trd, 258793.717, 140
Trd, 258793.767, 140
Trd, 258793.800, 139
Trd, 258794.167, 139
Trd, 258794.900, 123
Trd, 258795.467, 126
Trd, 258795.583, 127
Trd, 258795.950, 138
Trd, 258796.133, 140
Trd, 258796.517, 140
Trd, 258797.083, 139
Trd, 258797.650, 137
Trd, 258798.167, 140
Trd, 258798.417, 140
Trd, 258798.583, 140
Trd, 258798.817, 140
Trd, 258799.050, 134
Trd, 258799.133, 129
Trd, 258799.367, 127
Trd, 258799.400, 134
Trd, 258799.433, 135
Trd, 258799.600, 134
Trd, 258799.683, 134
Trd, 258799.950, 127
Trd, 258800.200, 130
Trd, 258800.667, 134
Trd, 258800.833, 135
Trd, 258800.933, 130
Trd, 258801.250, 131
Trd, 258801.283, 130
Trd, 258801.317, 132
Trd, 258801.817, 129
Trd, 258802.183, 125
Trd, 258802.250, 124
Trd, 258802.283, 122
Trd, 258802.533, 122
Trd, 258802.617, 132
Trd, 258802.800, 122
Trd, 258802.867, 129
Trd, 258803.017, 127
Trd, 258803.433, 109
Trd, 258803.617, 124
Trd, 258803.833, 124
Trd, 258803.867, 125
Trd, 258804.067, 108
Trd, 258804.083, 107
Trd, 258804.333, 106
Trd, 258804.350, 127
Trd, 258805.100, 125
Trd, 258805.467, 127
Trd, 258805.500, 109
Trd, 258806.783, 140
Trd, 258806.883, 140
Trd, 258806.983, 140
Trd, 258807.167, 140
Trd, 258807.333, 140
Trd, 258807.367, 140
Trd, 258807.617, 138
Trd, 258808.317, 139
Trd, 258808.367, 138
Trd, 258808.550, 137
Trd, 258808.767, 135
Trd, 258808.833, 126
Trd, 258809.067, 139
Trd, 258809.167, 128
Trd, 258809.183, 124
Trd, 258809.533, 138
Trd, 258810.067, 124
Trd, 258810.233, 124
Trd, 258810.367, 120
Trd, 258810.617, 118
Trd, 258811.267, 118
Trd, 258811.433, 109
Trd, 258811.533, 88
Trd, 258811.800, 111
Trd, 258812.000, 113
Trd, 258812.400, 102
Trd, 258812.617, 105
Trd, 258812.900, 111
Trd, 258812.967, 111
Trd, 258813.217, 104
Trd, 258813.450, 111
Trd, 258813.483, 105
Trd, 258813.650, 106
Trd, 258814.100, 108
Trd, 258814.267, 108
Trd, 258814.300, 109
Trd, 258814.400, 107
Trd, 258814.517, 93
Trd, 258814.800, 99
Trd, 258814.883, 101
Trd, 258815.400, 110
Trd, 258815.600, 98
Trd, 258815.833, 97
Trd, 258815.917, 97
Trd, 258815.950, 99
Trd, 258816.117, 99
Trd, 258816.233, 101
Trd, 258816.550, 91
Trd, 258816.867, 100
Trd, 258816.883, 95
Trd, 258817.100, 85
Trd, 258817.300, 110
Trd, 258817.400, 111
Trd, 258817.567, 114
Trd, 258818.117, 96
Trd, 258818.183, 98
Trd, 258818.850, 113
Trd, 258818.967, 95
Trd, 258819.000, 94
Trd, 258819.167, 72
Trd, 258819.283, 112
Trd, 258819.533, 73
Trd, 258819.583, 72
Trd, 258819.767, 73
Trd, 258819.867, 71
Trd, 258820.067, 75
Trd, 258820.383, 69
Trd, 258820.450, 94
Trd, 258820.633, 124
Trd, 258821.133, 125
Trd, 258821.683, 133
Trd, 258821.717, 130
Trd, 258822.033, 130
Trd, 258822.217, 131
Trd, 258822.350, 130
Trd, 258822.500, 129
Trd, 258822.550, 122
Trd, 258822.650, 131
Trd, 258822.717, 132
Trd, 258822.733, 118
Trd, 258822.833, 117
Trd, 258822.917, 110
Trd, 258823.600, 116
Trd, 258824.050, 136
Trd, 258824.250, 105
Trd, 258825.000, 139
Trd, 258825.150, 108
Trd, 258825.883, 130
Trd, 258826.483, 129
Trd, 258826.600, 128
Trd, 258826.617, 127
Trd, 258826.800, 127
Trd, 258827.000, 128
Trd, 258827.217, 128
Trd, 258827.250, 128
Trd, 258827.333, 127
Trd, 258827.700, 126
Trd, 258828.183, 134
Trd, 258828.333, 136
Trd, 258828.450, 123
Trd, 258828.617, 136
Trd, 258828.800, 123
Trd, 258828.883, 138
Trd, 258828.917, 129
Trd, 258829.067, 122
Trd, 258829.183, 115
Trd, 258829.433, 101
Trd, 258829.933, 99
Trd, 258830.283, 138
Trd, 258830.367, 132
Trd, 258831.083, 132
Trd, 258831.150, 131
Trd, 258831.267, 130
Trd, 258831.350, 136
Trd, 258831.833, 137
Trd, 258831.917, 136
Trd, 258832.333, 135
Trd, 258832.583, 122
Trd, 258832.683, 121
Trd, 258832.833, 118
Trd, 258833.300, 112
Trd, 258833.317, 134
Trd, 258833.550, 119
Trd, 258833.767, 135
Trd, 258833.817, 105
Trd, 258833.833, 80
Trd, 258833.933, 73
Trd, 258834.033, 123
Trd, 258834.817, 133
Trd, 258834.883, 114
Trd, 258835.600, 125
Trd, 258835.767, 126
Trd, 258835.983, 129
Trd, 258836.133, 124
Trd, 258836.167, 129
Trd, 258836.617, 130
Trd, 258836.733, 126
Trd, 258836.900, 129
Trd, 258836.967, 127
Trd, 258837.200, 127
Trd, 258837.400, 127
Trd, 258837.417, 124
Trd, 258837.517, 123
Trd, 258837.567, 130
Trd, 258837.633, 112
Trd, 258837.750, 131
Trd, 258838.383, 108
Trd, 258838.500, 138
Trd, 258838.633, 104
Trd, 258839.267, 97
Trd, 258839.333, 96
Trd, 258839.550, 93
Trd, 258839.767, 132
Trd, 258840.450, 139
Trd, 258840.483, 138
Trd, 258841.133, 140
Trd, 258841.517, 135
Trd, 258841.783, 134
Trd, 258842.700, 140
Trd, 258842.833, 140
Trd, 258842.900, 139
Trd, 258843.167, 132
Trd, 258843.267, 126
Trd, 258843.367, 123
Trd, 258843.417, 118
Trd, 258843.667, 90
Trd, 258843.733, 81
Trd, 258843.767, 126
Trd, 258844.133, 125
Trd, 258844.750, 123
Trd, 258844.817, 122
Trd, 258845.017, 123
Trd, 258845.083, 124
Trd, 258845.250, 123
Trd, 258845.367, 122
Trd, 258845.383, 125
Trd, 258845.700, 124
Trd, 258845.900, 111
Trd, 258845.950, 125
Trd, 258846.300, 124
Trd, 258847.100, 116
Trd, 258847.300, 136
Trd, 258847.467, 128
Trd, 258847.717, 140
Trd, 258847.750, 134
Trd, 258847.833, 129
Trd, 258848.067, 127
Trd, 258848.150, 127
Trd, 258848.167, 126
Trd, 258848.267, 115
Trd, 258848.633, 140
Trd, 258848.900, 129
Trd, 258849.267, 129
Trd, 258849.717, 130
Trd, 258849.817, 131
Trd, 258849.850, 132
Trd, 258849.883, 133
Trd, 258849.933, 116
Trd, 258851.583, 139
Trd, 258851.667, 138
Trd, 258851.917, 140
Trd, 258851.967, 138
Trd, 258852.033, 128
Trd, 258852.150, 128
Trd, 258852.767, 131
Trd, 258852.883, 128
Trd, 258852.950, 137
Trd, 258853.650, 140
Trd, 258853.750, 140
Trd, 258853.850, 139
Trd, 258854.033, 138
Trd, 258854.133, 127
Trd, 258854.167, 126
Trd, 258854.567, 133
Trd, 258854.983, 125
Trd, 258855.433, 98
Trd, 258855.517, 121
Trd, 258856.050, 129
Trd, 258856.100, 110
Trd, 258856.183, 129
Trd, 258856.233, 130
Trd, 258856.300, 121
Trd, 258856.367, 109
Trd, 258856.767, 88
Trd, 258857.117, 65
Trd, 258857.150, 64
Trd, 258857.250, 82
Trd, 258857.850, 140
Trd, 258858.100, 140
Trd, 258858.483, 140
Trd, 258858.783, 140
Trd, 258858.983, 140
Trd, 258859.117, 136
Trd, 258859.467, 136
Trd, 258859.617, 139
Trd, 258860.017, 132
Trd, 258860.217, 129
Trd, 258860.400, 128
Trd, 258860.500, 130
Trd, 258860.817, 101
Trd, 258861.083, 129
Trd, 258861.467, 130
Trd, 258861.483, 132
Trd, 258861.500, 134
Trd, 258861.550, 129
Trd, 258861.617, 127
Trd, 258861.950, 130
Trd, 258862.033, 134
Trd, 258862.233, 135
Trd, 258862.367, 129
Trd, 258862.467, 117
Trd, 258863.000, 136
Trd, 258863.167, 118
Trd, 258863.200, 116
Trd, 258863.500, 139
Trd, 258863.817, 116
Trd, 258863.933, 135
Trd, 258864.550, 138
Trd, 258865.033, 137
Trd, 258865.150, 138
Trd, 258866.083, 138
Trd, 258866.150, 137
Trd, 258867.600, 140
Trd, 258867.817, 140
Trd, 258867.867, 140
Trd, 258867.900, 140
Trd, 258867.933, 137
Trd, 258868.133, 136
Trd, 258868.200, 138
Trd, 258868.250, 139
Trd, 258868.400, 138
Trd, 258868.417, 135
Trd, 258869.017, 132
Trd, 258869.383, 122
Trd, 258869.433, 123
Trd, 258869.617, 121
Trd, 258869.850, 135
Trd, 258870.117, 130
Trd, 258870.333, 135
Trd, 258870.417, 130
Trd, 258870.983, 133
Trd, 258871.167, 125
Trd, 258871.200, 134
Trd, 258871.500, 137
Trd, 258871.517, 130
Trd, 258871.683, 124
Trd, 258872.317, 140
Trd, 258872.533, 123
Trd, 258873.050, 125
Trd, 258873.167, 124
Trd, 258873.467, 137
Trd, 258873.500, 136
Trd, 258874.750, 118
Trd, 258874.783, 117
Trd, 258874.817, 128
Trd, 258875.200, 125
Trd, 258875.450, 126
Trd, 258875.583, 126
Trd, 258875.683, 126
Trd, 258875.767, 124
Trd, 258875.800, 126
Trd, 258875.883, 127
Trd, 258876.600, 125
Trd, 258876.717, 123
Trd, 258876.833, 123
Trd, 258876.967, 116
Trd, 258877.183, 114
Trd, 258877.633, 122
Trd, 258877.867, 120
Trd, 258878.067, 79
Trd, 258878.267, 124
Trd, 258878.600, 121
Trd, 258878.667, 122
Trd, 258878.900, 120
Trd, 258878.933, 119
Trd, 258879.250, 98
Trd, 258879.733, 113
Trd, 258879.817, 111
Trd, 258880.283, 110
Trd, 258880.450, 109
Trd, 258880.483, 110
Trd, 258880.500, 108
Trd, 258880.533, 113
Trd, 258880.600, 107
Trd, 258880.633, 104
Trd, 258880.667, 95
Trd, 258880.900, 116
Trd, 258881.217, 72
Trd, 258881.383, 140
Trd, 258881.750, 89
Trd, 258881.933, 97
Trd, 258882.217, 104
Trd, 258882.400, 139
Trd, 258882.567, 91
Trd, 258882.717, 94
Trd, 258883.383, 139
Trd, 258883.467, 140
Trd, 258884.167, 132
Trd, 258884.417, 122
Trd, 258884.567, 130
Trd, 258884.583, 129
Trd, 258884.700, 130
Trd, 258884.717, 129
Trd, 258884.867, 130
Trd, 258884.933, 129
Trd, 258885.033, 128
Trd, 258885.133, 133
Trd, 258885.167, 134
Trd, 258886.117, 132
Trd, 258886.250, 135
Trd, 258886.317, 124
Trd, 258886.367, 122
Trd, 258887.033, 140
Trd, 258887.200, 140
Trd, 258887.667, 128
Trd, 258888.050, 139
Trd, 258888.883, 135
Trd, 258888.950, 134
Trd, 258889.000, 129
Trd, 258889.083, 135
Trd, 258889.117, 127
Trd, 258889.350, 121
Trd, 258889.367, 117
Trd, 258889.617, 133
Trd, 258889.717, 102
Trd, 258889.883, 136
Trd, 258890.250, 133
Trd, 258890.783, 134
Trd, 258890.900, 137
Trd, 258890.917, 136
Trd, 258891.017, 134
Trd, 258891.583, 135
Trd, 258891.817, 136
Trd, 258891.983, 132
Trd, 258892.133, 130
Trd, 258892.450, 140
Trd, 258892.767, 140
Trd, 258892.850, 140
Trd, 258892.967, 140
Trd, 258893.000, 136
Trd, 258893.350, 127
Trd, 258893.417, 127
Trd, 258893.433, 103
Trd, 258893.833, 135
Trd, 258893.983, 128
Trd, 258894.133, 127
Trd, 258894.267, 108
Trd, 258895.267, 116
Trd, 258895.417, 117
Trd, 258895.467, 100
Trd, 258895.833, 115
Trd, 258896.367, 111
Trd, 258896.517, 112
Trd, 258896.850, 110
Trd, 258896.883, 114
Trd, 258896.950, 117
Trd, 258897.100, 123
Trd, 258897.133, 124
Trd, 258897.283, 106
Trd, 258897.467, 129
Trd, 258897.600, 106
Trd, 258898.033, 135
Trd, 258898.150, 132
Trd, 258898.350, 121
Trd, 258898.750, 121
Trd, 258899.000, 126
Trd, 258899.083, 118
Trd, 258899.133, 111
Trd, 258899.400, 111
Trd, 258899.517, 116
Trd, 258899.533, 110
Trd, 258899.567, 118
Trd, 258899.750, 100
Trd, 258900.133, 117
Trd, 258900.517, 99
Trd, 258901.167, 116
Trd, 258901.200, 102
Trd, 258901.517, 116
Trd, 258901.567, 109
Trd, 258901.650, 110
Trd, 258901.750, 117
Trd, 258901.817, 123
Trd, 258902.583, 134
Trd, 258902.717, 126
Trd, 258902.850, 123
Trd, 258902.967, 121
Trd, 258903.167, 139
Trd, 258903.217, 133
Trd, 258903.367, 109
Trd, 258903.833, 127
Trd, 258904.100, 130
Trd, 258905.467, 116
Trd, 258905.617, 124
Trd, 258905.650, 125
Trd, 258905.967, 127
Trd, 258906.067, 117
Trd, 258906.100, 117
Trd, 258906.150, 128
Trd, 258906.450, 114
Trd, 258906.650, 93
Trd, 258906.683, 110
Trd, 258907.133, 117
Trd, 258907.183, 117
Trd, 258907.450, 116
Trd, 258908.000, 139
Trd, 258908.083, 115
Trd, 258908.500, 138
Trd, 258908.517, 126
Trd, 258908.617, 115
Trd, 258908.867, 117
Trd, 258909.050, 117
Trd, 258909.433, 137
Trd, 258909.550, 138
Trd, 258909.750, 115
Trd, 258910.000, 137
Trd, 258910.167, 125
Trd, 258910.283, 124
Trd, 258910.333, 110
Trd, 258910.617, 118
Trd, 258910.633, 91
Trd, 258911.000, 139
Trd, 258911.250, 140
Trd, 258911.683, 140
Trd, 258911.933, 140
Trd, 258912.167, 140
Trd, 258912.183, 134
Trd, 258912.333, 129
Trd, 258912.600, 129
Trd, 258912.700, 138
Trd, 258912.733, 128
Trd, 258913.200, 126
Trd, 258913.350, 136
Trd, 258913.433, 112
Trd, 258913.617, 110
Trd, 258914.000, 134
Trd, 258914.133, 136
Trd, 258914.300, 130
Trd, 258914.967, 123
Trd, 258915.250, 118
Trd, 258915.467, 117
Trd, 258915.483, 131
Trd, 258915.550, 114
Trd, 258915.733, 135
Trd, 258915.967, 118
Trd, 258916.217, 140
Trd, 258916.250, 138
Trd, 258916.833, 137
Trd, 258917.267, 140
Trd, 258917.483, 134
Trd, 258918.050, 136
Trd, 258918.383, 135
Trd, 258918.583, 134
Trd, 258918.667, 135
Trd, 258918.783, 133
Trd, 258918.883, 132
Trd, 258919.100, 129
Trd, 258919.400, 123
Trd, 258920.167, 115
Trd, 258920.400, 115
Trd, 258920.533, 114
Trd, 258920.550, 117
Trd, 258920.850, 113
Trd, 258920.900, 117
Trd, 258920.933, 128
Trd, 258921.467, 127
Trd, 258921.600, 126
Trd, 258922.250, 140
Trd, 258922.267, 140
Trd, 258922.333, 117
Trd, 258922.450, 94
Trd, 258922.633, 126
Trd, 258922.650, 94
Trd, 258922.950, 79
Trd, 258923.000, 104
Trd, 258923.250, 125
Trd, 258923.433, 122
Trd, 258923.833, 115
Trd, 258924.100, 114
Trd, 258924.217, 116
Trd, 258924.433, 115
Trd, 258924.550, 114
Trd, 258924.783, 125
Trd, 258924.833, 112
Trd, 258924.850, 112
Trd, 258925.533, 98
Trd, 258925.767, 123
Trd, 258926.133, 123
Trd, 258926.183, 125
Trd, 258926.567, 118
Trd, 258926.733, 114
Trd, 258926.800, 123
Trd, 258926.850, 122
Trd, 258927.183, 80
Trd, 258927.567, 67
Trd, 258927.733, 67
Trd, 258927.750, 88
Trd, 258927.883, 66
Trd, 258927.983, 87
Trd, 258928.033, 119
Trd, 258928.217, 61
Trd, 258928.533, 65
Trd, 258929.133, 136
Trd, 258929.383, 135
Trd, 258929.433, 133
Trd, 258929.700, 124
Trd, 258929.917, 138
Trd, 258929.983, 137
Trd, 258930.183, 114
Trd, 258930.483, 107
Trd, 258930.500, 139
Trd, 258930.883, 134
Trd, 258931.167, 116
Trd, 258931.683, 139
Trd, 258931.817, 140
Trd, 258931.850, 138
Trd, 258932.083, 137
Trd, 258932.283, 137
Trd, 258932.383, 136
Trd, 258932.533, 135
Trd, 258932.650, 134
Trd, 258932.750, 123
Trd, 258933.500, 121
Trd, 258933.683, 121
Trd, 258933.867, 121
Trd, 258933.933, 132
Trd, 258934.417, 114
Trd, 258934.783, 124
Trd, 258934.833, 132
Trd, 258935.017, 133
Trd, 258935.083, 115
Trd, 258935.267, 138
Trd, 258935.600, 128
Trd, 258935.867, 113
Trd, 258935.883, 109
Trd, 258936.917, 140
Trd, 258937.300, 140
Trd, 258937.333, 140
Trd, 258937.383, 134
Trd, 258937.533, 128
Trd, 258937.633, 107
Trd, 258938.250, 137
Trd, 258938.417, 102
Trd, 258938.667, 119
Trd, 258938.817, 135
Trd, 258939.183, 136
Trd, 258939.500, 130
Trd, 258939.717, 123
Trd, 258939.783, 130
Trd, 258939.867, 130
Trd, 258940.217, 125
Trd, 258940.433, 125
Trd, 258940.450, 123
Trd, 258940.583, 122
Trd, 258940.633, 122
Trd, 258940.683, 122
Trd, 258940.800, 115
Trd, 258940.867, 104
Trd, 258940.883, 101
Trd, 258941.617, 101
Trd, 258941.917, 88
Trd, 258942.017, 107
Trd, 258942.250, 106
Trd, 258942.333, 108
Trd, 258942.417, 91
Trd, 258942.483, 89
Trd, 258942.600, 108
Trd, 258942.767, 105
Trd, 258943.100, 104
Trd, 258943.433, 104
Trd, 258944.133, 102
Trd, 258944.533, 102
Trd, 258944.600, 103
Trd, 258944.750, 101
Trd, 258944.917, 99
Trd, 258945.017, 122
Trd, 258945.233, 140
Trd, 258945.600, 140
Trd, 258945.850, 136
Trd, 258946.000, 134
Trd, 258946.533, 129
Trd, 258946.767, 132
Trd, 258946.783, 127
Trd, 258947.367, 135
Trd, 258947.767, 137
Trd, 258947.917, 138
Trd, 258948.150, 140
Trd, 258948.317, 140
Trd, 258948.417, 139
Trd, 258948.550, 139
Trd, 258948.783, 140
Trd, 258948.800, 137
Trd, 258949.167, 130
Trd, 258949.350, 136
Trd, 258949.533, 130
Trd, 258949.833, 129
Trd, 258950.033, 128
Trd, 258950.067, 132
Trd, 258950.133, 125
Trd, 258950.500, 130
Trd, 258950.800, 119
Trd, 258950.817, 116
Trd, 258951.100, 104
Trd, 258951.133, 111
Trd, 258951.167, 125
Trd, 258951.533, 126
Trd, 258951.700, 94
Trd, 258952.017, 120
Trd, 258952.367, 121
Trd, 258952.483, 118
Trd, 258952.633, 119
Trd, 258953.217, 105
Trd, 258953.300, 119
Trd, 258953.450, 114
Trd, 258953.550, 120
Trd, 258953.717, 123
Trd, 258954.183, 134
Trd, 258954.217, 123
Trd, 258954.367, 120
Trd, 258954.550, 114
Trd, 258954.900, 106
Trd, 258954.917, 100
Trd, 258954.983, 129
Trd, 258955.017, 95
Trd, 258955.433, 129
Trd, 258955.450, 123
Trd, 258955.517, 120
Trd, 258956.350, 119
Trd, 258956.600, 119
Trd, 258956.800, 140
Trd, 258956.883, 139
Trd, 258957.317, 128
Trd, 258957.733, 136
Trd, 258957.850, 125
Trd, 258957.967, 119
Trd, 258958.117, 138
Trd, 258958.217, 119
Trd, 258958.400, 134
Trd, 258958.600, 139
Trd, 258958.683, 137
Trd, 258959.133, 135
Trd, 258959.433, 133
Trd, 258959.750, 137
Trd, 258959.833, 137
Trd, 258959.883, 136
Trd, 258960.667, 126
Trd, 258961.267, 126
Trd, 258961.350, 125
Trd, 258961.583, 125
Trd, 258961.933, 126
Trd, 258962.433, 139
Trd, 258962.650, 137
Trd, 258963.083, 137
Trd, 258963.383, 135
Trd, 258963.450, 134
Trd, 258963.483, 135
Trd, 258963.517, 133
Trd, 258964.033, 140
Trd, 258964.067, 140
Trd, 258964.150, 138
Trd, 258964.450, 137
Trd, 258964.517, 133
Trd, 258964.550, 131
Trd, 258964.800, 133
Trd, 258964.967, 128
Trd, 258965.367, 129
Trd, 258965.817, 129
Trd, 258965.867, 128
Trd, 258966.083, 105
Trd, 258966.267, 122
Trd, 258966.333, 131
Trd, 258966.417, 91
Trd, 258966.767, 60
Trd, 258966.800, 62
Trd, 258966.900, 62
Trd, 258966.950, 63
Trd, 258967.550, 74
Trd, 258967.700, 132
Trd, 258967.767, 134
Trd, 258967.783, 105
Trd, 258968.067, 130
Trd, 258968.467, 129
Trd, 258968.717, 139
Trd, 258969.000, 125
Trd, 258969.483, 139
Trd, 258970.067, 137
Trd, 258970.100, 136
Trd, 258970.183, 136
Trd, 258970.383, 135
Trd, 258970.833, 132
Trd, 258970.917, 134
Trd, 258971.117, 132
Trd, 258971.600, 131
Trd, 258971.667, 129
Trd, 258971.750, 127
Trd, 258971.967, 118
Trd, 258972.017, 106
Trd, 258972.033, 94
Trd, 258972.117, 73
Trd, 258972.767, 60
Trd, 258972.783, 60
Trd, 258972.833, 60
Trd, 258972.883, 60
Trd, 258972.950, 61
Trd, 258973.150, 65
Trd, 258974.017, 73
Trd, 258974.067, 84
Trd, 258974.183, 99
Trd, 258974.217, 100
Trd, 258974.317, 87
Trd, 258974.483, 102
Trd, 258974.533, 68
Trd, 258974.583, 90
Trd, 258975.117, 63
Trd, 258976.133, 138
Trd, 258976.417, 138
Trd, 258976.450, 137
Trd, 258976.600, 139
Trd, 258976.900, 130
Trd, 258977.317, 127
Trd, 258977.433, 126
Trd, 258977.500, 127
Trd, 258977.667, 110
Trd, 258978.250, 133
Trd, 258978.867, 117
Trd, 258979.050, 132
Trd, 258979.717, 123
Trd, 258980.100, 128
Trd, 258980.200, 128
Trd, 258980.300, 126
Trd, 258980.317, 124
Trd, 258980.650, 128
Trd, 258980.783, 121
Trd, 258980.933, 128
Trd, 258980.983, 129
Trd, 258981.000, 109
Trd, 258981.300, 139
Trd, 258981.383, 133
Trd, 258981.833, 122
Trd, 258982.067, 135
Trd, 258982.617, 132
Trd, 258984.167, 123
Trd, 258984.217, 131
Trd, 258984.600, 125
Trd, 258984.650, 123
Trd, 258984.717, 128
Trd, 258984.933, 125
Trd, 258985.000, 126
Trd, 258985.100, 123
Trd, 258985.183, 121
Trd, 258985.283, 120
Trd, 258985.350, 127
Trd, 258985.367, 118
Trd, 258985.517, 117
Trd, 258986.100, 102
Trd, 258986.350, 102
Trd, 258986.500, 103
Trd, 258986.517, 93
Trd, 258986.700, 121
Trd, 258986.850, 93
Trd, 258987.117, 125
Trd, 258987.483, 130
Trd, 258987.800, 127
Trd, 258987.817, 126
Trd, 258988.233, 138
Trd, 258988.517, 140
Trd, 258988.650, 139
Trd, 258989.483, 140
Trd, 258989.517, 140
Trd, 258989.733, 139
Trd, 258990.117, 140
Trd, 258990.267, 140
Trd, 258990.383, 137
Trd, 258990.550, 136
Trd, 258990.917, 138
Trd, 258991.200, 125
Trd, 258991.233, 140
Trd, 258991.783, 126
Trd, 258992.367, 134
Trd, 258992.550, 134
Trd, 258992.617, 132
Trd, 258993.267, 127
Trd, 258993.367, 126
Trd, 258993.500, 125
Trd, 258993.867, 111
Trd, 258993.900, 125
Trd, 258993.967, 106
Trd, 258994.050, 129
Trd, 258994.317, 104
Trd, 258994.467, 99
Trd, 258994.483, 130
Trd, 258994.733, 131
Trd, 258994.850, 93
Trd, 258994.933, 75
Trd, 258995.017, 138
Trd, 258995.067, 137
Trd, 258995.250, 109
Trd, 258995.300, 75
Trd, 258995.383, 138
Trd, 258995.517, 117
Trd, 258995.600, 116
Trd, 258995.667, 75
Trd, 258995.750, 131
Trd, 258996.367, 74
Trd, 258996.600, 102
Trd, 258996.617, 73
Trd, 258996.967, 105
Trd, 258996.983, 106
Trd, 258997.400, 92
Trd, 258997.867, 66
Trd, 258997.967, 65
Trd, 258997.983, 68
Trd, 258998.233, 75
Trd, 258998.800, 71
Trd, 258998.833, 72
Trd, 258999.700, 120
Trd, 258999.933, 139
Trd, 259000.417, 140
Trd, 259000.767, 136
Trd, 259001.150, 124
Trd, 259001.800, 125
Trd, 259001.983, 124
Trd, 259002.217, 122
Trd, 259002.333, 120
Trd, 259002.600, 112
Trd, 259002.633, 111
Trd, 259002.750, 119
Trd, 259002.900, 96
Trd, 259003.600, 117
Trd, 259003.733, 116
Trd, 259003.983, 109
Trd, 259004.000, 108
Trd, 259004.267, 116
Trd, 259004.400, 111
Trd, 259004.433, 117
Trd, 259004.450, 118
Trd, 259004.650, 122
Trd, 259004.817, 124
Trd, 259004.950, 117
Trd, 259005.050, 117
Trd, 259005.333, 139
Trd, 259005.717, 138
Trd, 259006.517, 140
Trd, 259006.833, 139
Trd, 259006.900, 138
Trd, 259007.067, 127
Trd, 259007.217, 128
Trd, 259007.250, 127
Trd, 259007.867, 140
Trd, 259007.900, 140
Trd, 259007.983, 127
Trd, 259008.150, 126
Trd, 259008.467, 128
Trd, 259008.583, 126
Trd, 259008.900, 133
Trd, 259009.333, 121
Trd, 259009.617, 126
Trd, 259009.983, 121
Trd, 259010.000, 123
Trd, 259010.167, 121
Trd, 259010.200, 122
Trd, 259010.317, 120
Trd, 259010.383, 109
Trd, 259010.533, 122
Trd, 259010.717, 104
Trd, 259010.767, 123
Trd, 259010.817, 95
Trd, 259011.083, 113
Trd, 259011.250, 73
Trd, 259011.417, 75
Trd, 259011.750, 70
Trd, 259012.283, 110
Trd, 259012.400, 130
Trd, 259012.450, 105
Trd, 259012.633, 131
Trd, 259012.667, 105
Trd, 259013.233, 129
Trd, 259013.650, 126
Trd, 259013.917, 126
Trd, 259014.067, 108
Trd, 259014.450, 123
Trd, 259014.517, 122
Trd, 259014.650, 119
Trd, 259014.667, 118
Trd, 259015.483, 120
Trd, 259015.500, 121
Trd, 259015.617, 121
Trd, 259015.700, 120
Trd, 259015.733, 115
Trd, 259015.917, 121
Trd, 259016.217, 125
Trd, 259016.700, 126
Trd, 259017.250, 121
Trd, 259017.533, 124
Trd, 259017.600, 117
Trd, 259017.933, 136
Trd, 259017.983, 135
Trd, 259018.733, 140
Trd, 259018.967, 140
Trd, 259019.017, 138
Trd, 259019.600, 140
Trd, 259020.083, 140
Trd, 259020.183, 140
Trd, 259020.300, 134
Trd, 259020.633, 133
Trd, 259020.717, 137
Trd, 259020.783, 136
Trd, 259021.033, 138
Trd, 259021.067, 134
Trd, 259021.250, 134
Trd, 259021.300, 134
Trd, 259021.783, 131
Trd, 259022.033, 128
Trd, 259022.700, 120
Trd, 259022.750, 124
Trd, 259022.817, 107
Trd, 259023.017, 124
Trd, 259023.150, 106
Trd, 259023.633, 125
Trd, 259024.417, 107
Trd, 259024.517, 108
Trd, 259024.783, 100
Trd, 259024.883, 99
Trd, 259025.083, 98
Trd, 259025.150, 97
Trd, 259025.167, 99
Trd, 259025.183, 96
Trd, 259025.267, 93
Trd, 259025.350, 92
Trd, 259025.583, 120
Trd, 259025.700, 129
Trd, 259026.200, 113
Trd, 259026.233, 73
Trd, 259026.300, 131
Trd, 259026.467, 74
Trd, 259026.850, 95
Trd, 259026.883, 96
Trd, 259027.633, 105
Trd, 259027.933, 115
Trd, 259028.150, 131
Trd, 259028.183, 120
Trd, 259028.467, 138
Trd, 259028.633, 138
Trd, 259029.383, 136
Trd, 259029.483, 134
Trd, 259030.167, 139
Trd, 259030.183, 138
Trd, 259030.750, 137
Trd, 259030.867, 134
Trd, 259030.900, 132
Trd, 259030.933, 124
Trd, 259031.183, 136
Trd, 259031.250, 126
Trd, 259031.550, 124
Trd, 259032.117, 117
Trd, 259032.800, 127
Trd, 259033.000, 129
Trd, 259033.050, 121
Trd, 259033.167, 121
Trd, 259033.183, 118
Trd, 259033.317, 131
Trd, 259033.900, 118
Trd, 259034.033, 129
Trd, 259034.083, 126
Trd, 259034.150, 106
Trd, 259034.217, 106
Trd, 259034.367, 115
Trd, 259034.383, 129
Trd, 259034.450, 130
Trd, 259035.033, 108
Trd, 259035.167, 106
Trd, 259036.133, 140
Trd, 259036.750, 140
Trd, 259036.767, 140
Trd, 259036.883, 140
Trd, 259036.900, 140
Trd, 259037.100, 140
Trd, 259038.017, 140
Trd, 259038.217, 140
Trd, 259038.267, 140
Trd, 259038.417, 140
Trd, 259038.867, 140
Trd, 259039.050, 140
Trd, 259039.083, 137
Trd, 259039.233, 130
Trd, 259039.383, 131
Trd, 259039.450, 138
Trd, 259039.567, 126
Trd, 259039.683, 139
Trd, 259039.933, 136
Trd, 259040.400, 138
Trd, 259040.750, 139
Trd, 259041.017, 131
Trd, 259041.050, 138
Trd, 259041.217, 129
Trd, 259041.317, 134
Trd, 259041.433, 139
Trd, 259041.450, 132
Trd, 259041.667, 139
Trd, 259041.683, 138
Trd, 259041.850, 128
Trd, 259042.050, 127
Trd, 259042.167, 133
Trd, 259042.267, 128
Trd, 259042.433, 124
Trd, 259042.750, 139
Trd, 259043.300, 133
Trd, 259043.350, 138
Trd, 259043.417, 130
Trd, 259043.467, 110
Trd, 259043.850, 135
Trd, 259044.117, 110
Trd, 259044.450, 112
Trd, 259044.633, 112
Trd, 259044.667, 105
Trd, 259044.817, 113
Trd, 259044.967, 104
Trd, 259045.433, 113
Trd, 259045.467, 114
Trd, 259045.850, 101
Trd, 259045.983, 94
Trd, 259046.300, 113
Trd, 259046.350, 95
Trd, 259046.600, 95
Trd, 259046.650, 111
Trd, 259046.850, 80
Trd, 259047.017, 112
Trd, 259047.200, 113
Trd, 259047.633, 60
Trd, 259047.683, 63
Trd, 259047.950, 63
Trd, 259048.067, 67
Trd, 259048.300, 110
Trd, 259048.900, 119
Trd, 259048.933, 83
Trd, 259049.017, 83
Trd, 259049.283, 82
Trd, 259049.367, 93
Trd, 259049.450, 94
Trd, 259049.583, 77
Trd, 259049.867, 138
Trd, 259050.150, 137
Trd, 259050.367, 107
Trd, 259050.633, 138
Trd, 259050.767, 139
Trd, 259051.183, 117
Trd, 259051.300, 117
Trd, 259051.400, 117
Trd, 259051.583, 116
Trd, 259051.700, 137
Trd, 259052.133, 138
Trd, 259052.550, 131
Trd, 259052.567, 130
Trd, 259052.650, 133
Trd, 259052.850, 134
Trd, 259052.983, 137
Trd, 259053.100, 136
Trd, 259053.250, 136
Trd, 259053.683, 137
Trd, 259053.817, 137
Trd, 259053.950, 136
Trd, 259054.233, 135
Trd, 259054.450, 126
Trd, 259054.633, 114
Trd, 259054.917, 134
Trd, 259055.350, 123
Trd, 259055.683, 113
Trd, 259055.900, 101
Trd, 259055.917, 99
Trd, 259056.700, 103
Trd, 259056.750, 122
Trd, 259056.917, 119
Trd, 259057.383, 105
Trd, 259057.517, 101
Trd, 259057.883, 103
Trd, 259058.133, 104
Trd, 259058.150, 103
Trd, 259058.667, 103
Trd, 259058.683, 102
Trd, 259059.017, 102
Trd, 259059.117, 105
Trd, 259059.450, 106
Trd, 259059.483, 125
Trd, 259059.550, 84
Trd, 259059.600, 137
Trd, 259060.033, 84
Trd, 259060.100, 84
Trd, 259060.133, 83
Trd, 259060.250, 85
Trd, 259060.283, 115
Trd, 259060.467, 96
Trd, 259060.750, 140
Trd, 259061.800, 140
Trd, 259061.900, 140
Trd, 259061.967, 140
Trd, 259062.033, 135
Trd, 259062.067, 126
Trd, 259062.333, 123
Trd, 259062.967, 117
Trd, 259063.517, 126
Trd, 259063.533, 125
Trd, 259063.583, 128
Trd, 259063.750, 112
Trd, 259063.767, 98
Trd, 259063.917, 127
Trd, 259064.017, 127
Trd, 259064.150, 72
Trd, 259065.117, 89
Trd, 259065.183, 104
Trd, 259065.250, 88
Trd, 259065.350, 90
Trd, 259065.567, 103
Trd, 259065.617, 104
Trd, 259065.817, 87
Trd, 259065.900, 104
Trd, 259066.067, 85
Trd, 259066.083, 85
Trd, 259066.217, 85
Trd, 259066.467, 104
Trd, 259066.700, 85
Trd, 259066.783, 97
Trd, 259066.800, 111
Trd, 259067.417, 132
Trd, 259067.500, 85
Trd, 259067.933, 90
Trd, 259068.317, 117
Trd, 259068.467, 127
Trd, 259068.600, 116
Trd, 259068.733, 107
Trd, 259069.350, 108
Trd, 259069.417, 106
Trd, 259069.733, 131
Trd, 259069.783, 105
Trd, 259070.800, 136
Trd, 259070.850, 135
Trd, 259070.950, 134
Trd, 259071.050, 139
Trd, 259071.233, 134
Trd, 259071.350, 133
Trd, 259071.517, 131
Trd, 259071.567, 134
Trd, 259071.683, 136
Trd, 259071.950, 137
Trd, 259072.067, 130
Trd, 259072.200, 134
Trd, 259072.733, 121
Trd, 259072.983, 131
Trd, 259073.233, 134
Trd, 259073.333, 119
Trd, 259073.900, 127
Trd, 259073.917, 122
Trd, 259073.933, 132
Trd, 259074.150, 122
Trd, 259074.167, 134
Trd, 259074.467, 127
Trd, 259074.667, 122
Trd, 259074.867, 134
Trd, 259074.900, 133
Trd, 259075.033, 133
Trd, 259075.050, 132
Trd, 259075.117, 112
Trd, 259075.533, 139
Trd, 259075.800, 123
Trd, 259076.100, 124
Trd, 259076.483, 122
Trd, 259076.567, 116
Trd, 259076.867, 105
Trd, 259077.000, 125
Trd, 259077.233, 96
Trd, 259077.350, 136
Trd, 259077.550, 70
Trd, 259077.683, 136
Trd, 259078.117, 109
Trd, 259078.350, 110
Trd, 259078.733, 117
Trd, 259078.767, 74
Trd, 259078.867, 73
Trd, 259079.267, 113
Trd, 259079.567, 63
Trd, 259079.633, 64
Trd, 259079.750, 131
Trd, 259080.233, 131
Trd, 259080.400, 132
Trd, 259080.433, 130
Trd, 259080.483, 136
Trd, 259080.800, 136
Trd, 259080.833, 130
Trd, 259081.150, 140
Trd, 259081.433, 140
Trd, 259081.667, 140
Trd, 259082.117, 140
Trd, 259082.317, 139
Trd, 259082.450, 136
Trd, 259082.600, 127
Trd, 259082.750, 139
Trd, 259083.317, 121
Trd, 259083.683, 127
Trd, 259083.850, 126
Trd, 259083.950, 120
Trd, 259084.050, 110
Trd, 259084.650, 118
Trd, 259084.750, 118
Trd, 259085.050, 118
Trd, 259085.167, 119
Trd, 259085.183, 120
Trd, 259085.300, 111
Trd, 259086.033, 126
Trd, 259086.083, 128
Trd, 259086.583, 127
Trd, 259086.617, 128
Trd, 259086.950, 126
Trd, 259087.367, 139
Trd, 259087.517, 129
Trd, 259087.617, 133
Trd, 259087.833, 136
Trd, 259087.867, 132
Trd, 259088.117, 131
Trd, 259088.233, 119
Trd, 259088.733, 140
Trd, 259088.783, 128
Trd, 259089.433, 140
Trd, 259089.833, 140
Trd, 259089.900, 140
Trd, 259089.983, 140
Trd, 259090.017, 139
Trd, 259090.183, 139
Trd, 259090.433, 137
Trd, 259090.883, 137
Trd, 259090.900, 125
Trd, 259090.933, 124
Trd, 259091.067, 134
Trd, 259091.467, 129
Trd, 259091.517, 124
Trd, 259091.800, 126
Trd, 259091.967, 125
Trd, 259092.317, 124
Trd, 259092.400, 123
Trd, 259092.867, 123
Trd, 259093.433, 122
Trd, 259093.500, 101
Trd, 259093.750, 96
Trd, 259094.117, 96
Trd, 259094.267, 119
Trd, 259094.517, 120
Trd, 259094.633, 125
Trd, 259094.800, 135
Trd, 259095.083, 140
Trd, 259095.833, 140
Trd, 259096.017, 126
Trd, 259096.233, 122
Trd, 259096.267, 121
Trd, 259096.683, 122
Trd, 259096.700, 117
Trd, 259096.850, 114
Trd, 259096.967, 130
Trd, 259097.317, 114
Trd, 259097.383, 108
Trd, 259097.633, 108
Trd, 259098.017, 132
Trd, 259098.150, 96
Trd, 259098.200, 106
Trd, 259098.250, 134
Trd, 259098.350, 73
Trd, 259098.950, 123
Trd, 259099.250, 134
Trd, 259099.467, 127
Trd, 259099.700, 126
Trd, 259099.783, 134
Trd, 259100.033, 135
Trd, 259100.233, 123
Trd, 259100.467, 123
Trd, 259100.583, 119
Trd, 259100.667, 136
Trd, 259101.117, 112
Trd, 259101.433, 112
Trd, 259101.800, 115
Trd, 259103.217, 140
Trd, 259103.333, 140
Trd, 259103.700, 140
Trd, 259103.800, 140
Trd, 259103.950, 140
Trd, 259104.033, 138
Trd, 259104.283, 137
Trd, 259104.300, 132
Trd, 259104.333, 138
Trd, 259104.817, 133
Trd, 259105.067, 131
Trd, 259105.233, 135
Trd, 259105.333, 129
Trd, 259105.433, 133
Trd, 259105.650, 132
Trd, 259105.683, 134
Trd, 259106.017, 128
Trd, 259106.083, 127
Trd, 259106.600, 124
Trd, 259107.050, 126
Trd, 259107.083, 124
Trd, 259107.450, 122
Trd, 259107.733, 122
Trd, 259107.867, 121
Trd, 259108.100, 120
Trd, 259108.183, 103
Trd, 259108.533, 132
Trd, 259108.817, 134
Trd, 259109.150, 132
Trd, 259109.583, 115
Trd, 259109.667, 124
Trd, 259109.733, 114
Trd, 259110.000, 114
Trd, 259110.133, 113
Trd, 259110.500, 119
Trd, 259110.533, 118
Trd, 259110.750, 107
Trd, 259110.767, 105
Trd, 259110.983, 96
Trd, 259111.217, 93
Trd, 259111.233, 108
Trd, 259111.383, 109
Trd, 259111.783, 109
Trd, 259111.950, 99
Trd, 259112.067, 99
Trd, 259112.150, 114
Trd, 259112.350, 98
Trd, 259112.550, 140
Trd, 259112.667, 101
Trd, 259113.050, 140
Trd, 259113.250, 100
Trd, 259113.283, 99
Trd, 259114.067, 140
Trd, 259115.300, 140
Trd, 259115.317, 140
Trd, 259115.367, 140
Trd, 259115.533, 140
Trd, 259115.850, 140
Trd, 259115.917, 140
Trd, 259115.950, 130
Trd, 259116.300, 136
Trd, 259116.500, 131
Trd, 259116.617, 137
Trd, 259116.983, 136
Trd, 259117.183, 131
Trd, 259117.267, 136
Trd, 259117.517, 137
Trd, 259117.717, 130
Trd, 259117.900, 126
Trd, 259118.167, 140
Trd, 259118.900, 140
Trd, 259119.067, 140
Trd, 259119.667, 135
Trd, 259119.717, 134
Trd, 259119.750, 123
Trd, 259119.850, 101
Trd, 259120.233, 140
Trd, 259120.267, 136
Trd, 259120.367, 112
Trd, 259120.683, 137
Trd, 259120.933, 136
Trd, 259120.950, 137
Trd, 259121.267, 126
Trd, 259121.300, 136
Trd, 259121.767, 131
Trd, 259122.283, 124
Trd, 259122.500, 115
Trd, 259123.000, 123
Trd, 259123.267, 117
Trd, 259123.283, 116
Trd, 259123.350, 125
Trd, 259123.367, 124
Trd, 259123.517, 115
Trd, 259123.583, 127
Trd, 259123.633, 112
Trd, 259123.933, 130
Trd, 259124.100, 111
Trd, 259124.367, 130
Trd, 259125.867, 140
Trd, 259126.200, 140
Trd, 259126.683, 140
Trd, 259126.700, 140
Trd, 259126.900, 140
Trd, 259127.033, 140
Trd, 259127.117, 133
Trd, 259127.400, 139
Trd, 259127.417, 138
Trd, 259127.467, 132
Trd, 259127.700, 137
Trd, 259128.383, 140
Trd, 259128.550, 140
Trd, 259129.150, 140
Trd, 259129.183, 140
Trd, 259129.433, 140
Trd, 259129.450, 139
Trd, 259129.467, 126
Trd, 259129.583, 137
Trd, 259129.667, 123
Trd, 259130.017, 135
Trd, 259130.283, 133
Trd, 259131.033, 126
Trd, 259131.150, 133
Trd, 259131.183, 132
Trd, 259131.217, 125
Trd, 259131.967, 124
Trd, 259132.133, 121
Trd, 259132.300, 120
Trd, 259132.600, 122
Trd, 259132.800, 118
Trd, 259132.867, 113
Trd, 259132.917, 109
Trd, 259133.333, 117
Trd, 259133.567, 117
Trd, 259133.683, 118
Trd, 259133.983, 127
Trd, 259134.100, 125
Trd, 259134.450, 120
Trd, 259134.833, 95
Trd, 259134.950, 121
Trd, 259135.083, 122
Trd, 259135.117, 101
Trd, 259135.433, 123
Trd, 259136.167, 129
Trd, 259136.317, 137
Trd, 259136.467, 135
Trd, 259136.633, 140
Trd, 259136.683, 140
Trd, 259136.700, 139
Trd, 259137.117, 138
Trd, 259137.183, 137
Trd, 259137.650, 137
Trd, 259137.667, 135
Trd, 259137.900, 139
Trd, 259138.150, 140
Trd, 259138.400, 139
Trd, 259138.900, 140
Trd, 259138.983, 139
Trd, 259139.167, 138
Trd, 259139.350, 132
Trd, 259139.700, 139
Trd, 259140.083, 132
Trd, 259140.583, 132
Trd, 259141.000, 136
Trd, 259141.133, 131
Trd, 259141.217, 130
Trd, 259141.267, 137
Trd, 259141.533, 131
Trd, 259141.733, 130
Trd, 259141.767, 137
Trd, 259141.950, 123
Trd, 259142.167, 119
Trd, 259142.267, 118
Trd, 259142.350, 114
Trd, 259142.417, 113
Trd, 259143.250, 122
Trd, 259143.867, 118
Trd, 259144.183, 117
Trd, 259144.317, 111
Trd, 259144.583, 108
Trd, 259144.650, 114
Trd, 259144.683, 102
Trd, 259144.950, 110
Trd, 259144.967, 112
Trd, 259145.117, 102
Trd, 259145.183, 112
Trd, 259145.250, 102
Trd, 259145.333, 101
Trd, 259145.367, 115
Trd, 259145.483, 98
Trd, 259145.500, 71
Trd, 259146.033, 108
Trd, 259146.067, 110
Trd, 259146.117, 119
Trd, 259146.283, 101
Trd, 259146.750, 102
Trd, 259147.200, 140
Trd, 259147.767, 135
Trd, 259148.067, 135
Trd, 259148.383, 133
Trd, 259148.667, 140
Trd, 259148.683, 138
Trd, 259148.950, 139
Trd, 259148.967, 138
Trd, 259149.117, 137
Trd, 259149.667, 131
Trd, 259149.867, 130
Trd, 259149.967, 127
Trd, 259150.033, 119
Trd, 259150.533, 138
Trd, 259150.633, 128
Trd, 259150.817, 119
Trd, 259151.117, 137
Trd, 259151.633, 129
Trd, 259152.117, 100
Trd, 259152.467, 124
Trd, 259152.633, 98
Trd, 259152.850, 94
Trd, 259153.017, 115
Trd, 259153.317, 114
Trd, 259153.350, 113
Trd, 259153.450, 112
Trd, 259153.533, 98
Trd, 259153.633, 117
Trd, 259153.933, 119
Trd, 259154.117, 119
Trd, 259154.217, 120
Trd, 259154.567, 118
Trd, 259155.183, 110
Trd, 259156.100, 113
Trd, 259156.300, 118
Trd, 259156.467, 114
Trd, 259156.550, 113
Trd, 259156.733, 117
Trd, 259156.767, 111
Trd, 259157.050, 117
Trd, 259157.100, 108
Trd, 259157.167, 111
Trd, 259157.300, 118
Trd, 259157.350, 108
Trd, 259157.383, 107
Trd, 259157.567, 118
Trd, 259157.733, 107
Trd, 259157.750, 102
Trd, 259158.017, 109
Trd, 259158.333, 116
Trd, 259158.383, 92
Trd, 259158.500, 97
Trd, 259158.800, 115
Trd, 259159.100, 131
Trd, 259159.317, 104
Trd, 259159.350, 103
Trd, 259159.750, 99
Trd, 259159.833, 100
Trd, 259160.217, 127
Trd, 259160.650, 128
Trd, 259160.667, 129
Trd, 259160.733, 117
Trd, 259160.817, 111
Trd, 259160.933, 99
Trd, 259161.450, 139
Trd, 259161.600, 135
Trd, 259161.617, 98
Trd, 259162.267, 115
Trd, 259162.950, 111
Trd, 259163.350, 137
Trd, 259163.500, 120
Trd, 259163.583, 119
Trd, 259163.767, 128
Trd, 259163.783, 135
Trd, 259164.350, 134
Trd, 259164.367, 135
Trd, 259164.433, 129
Trd, 259164.517, 136
Trd, 259164.917, 128
Trd, 259164.983, 127
Trd, 259165.383, 135
Trd, 259165.450, 133
Trd, 259165.650, 130
Trd, 259165.900, 133
Trd, 259165.933, 127
Trd, 259166.300, 124
Trd, 259166.650, 119
Trd, 259166.983, 134
Trd, 259167.100, 133
Trd, 259167.450, 132
Trd, 259167.633, 125
Trd, 259167.867, 121
Trd, 259168.283, 125
Trd, 259168.867, 125
Trd, 259168.883, 128
Trd, 259169.583, 140
Trd, 259169.883, 140
Trd, 259170.433, 140
Trd, 259170.900, 140
Trd, 259170.967, 140
Trd, 259171.300, 140
Trd, 259171.600, 140
Trd, 259171.617, 140
Trd, 259171.667, 138
Trd, 259171.833, 138
Trd, 259171.883, 131
Trd, 259172.117, 136
Trd, 259172.217, 135
Trd, 259172.583, 130
Trd, 259172.600, 129
Trd, 259173.000, 131
Trd, 259173.050, 130
Trd, 259173.300, 130
Trd, 259173.367, 126
Trd, 259173.683, 114
Trd, 259173.883, 130
Trd, 259174.117, 133
Trd, 259174.367, 131
Trd, 259174.683, 122
Trd, 259175.017, 123
Trd, 259175.033, 130
Trd, 259175.200, 129
Trd, 259175.350, 125
Trd, 259175.417, 124
Trd, 259175.567, 121
Trd, 259175.883, 93
Trd, 259176.250, 92
Trd, 259176.350, 122
Trd, 259176.367, 123
Trd, 259176.483, 91
Trd, 259176.667, 108
Trd, 259176.950, 125
Trd, 259177.150, 107
Trd, 259177.600, 124
Trd, 259178.167, 99
Trd, 259178.450, 119
Trd, 259178.983, 118
Trd, 259179.000, 108
Trd, 259179.283, 109
Trd, 259179.400, 106
Trd, 259179.483, 105
Trd, 259179.650, 118
Trd, 259179.767, 120
Trd, 259179.950, 94
Trd, 259179.983, 121
Trd, 259180.017, 93
Trd, 259180.633, 68
Trd, 259180.650, 120
Trd, 259180.783, 121
Trd, 259180.917, 123
Trd, 259181.133, 124
Trd, 259181.150, 122
Trd, 259181.317, 111
Trd, 259181.767, 137
Trd, 259181.933, 128
Trd, 259182.383, 122
Trd, 259183.033, 138
Trd, 259183.067, 137
Trd, 259183.817, 115
Trd, 259183.900, 111
Trd, 259184.083, 99
Trd, 259184.267, 93
Trd, 259184.550, 93
Trd, 259184.600, 83
Trd, 259184.617, 97
Trd, 259184.783, 98
Trd, 259185.217, 135
Trd, 259185.667, 104
Trd, 259185.850, 103
Trd, 259185.967, 101
Trd, 259186.333, 140
Trd, 259186.983, 137
Trd, 259187.200, 137
Trd, 259187.217, 136
Trd, 259187.250, 127
Trd, 259187.267, 137
Trd, 259187.683, 132
Trd, 259188.283, 133
Trd, 259188.333, 132
Trd, 259188.400, 131
Trd, 259188.483, 129
Trd, 259188.750, 131
Trd, 259188.933, 131
Trd, 259189.050, 133
Trd, 259189.417, 133
Trd, 259189.483, 132
Trd, 259189.700, 130
Trd, 259189.767, 134
Trd, 259189.783, 124
Trd, 259189.850, 138
Trd, 259189.867, 120
Trd, 259189.900, 115
Trd, 259190.150, 105
Trd, 259190.217, 100
Trd, 259190.700, 96
Trd, 259191.200, 136
Trd, 259191.250, 126
Trd, 259191.983, 138
Trd, 259192.450, 140
Trd, 259192.600, 140
Trd, 259192.750, 136
Trd, 259193.017, 137
Trd, 259193.317, 136
Trd, 259193.633, 130
Trd, 259193.700, 122
Trd, 259193.917, 116
Trd, 259193.933, 94
Trd, 259194.017, 91
Trd, 259194.283, 79
Trd, 259194.350, 69
Trd, 259194.567, 69
Trd, 259194.683, 122
Trd, 259195.017, 136
Trd, 259195.267, 137
Trd, 259195.300, 135
Trd, 259195.783, 134
Trd, 259195.900, 120
Trd, 259196.583, 123
Trd, 259196.733, 119
Trd, 259196.800, 110
Trd, 259197.367, 121
Trd, 259197.600, 114
Trd, 259197.717, 119
Trd, 259197.883, 119
Trd, 259197.933, 115
Trd, 259197.950, 114
Trd, 259198.033, 120
Trd, 259198.217, 117
Trd, 259198.383, 113
Trd, 259198.483, 122
Trd, 259199.167, 111
Trd, 259199.217, 110
Trd, 259199.300, 102
Trd, 259199.617, 138
Trd, 259199.717, 137
Trd, 259199.800, 132
