Trd, 258599.733, 122
Trd, 258599.917, 121
Trd, 258600.183, 124
Trd, 258600.200, 121
Trd, 258600.250, 124
Trd, 258600.383, 127
Trd, 258600.767, 140
Trd, 258600.833, 140
Trd, 258601.317, 140
Trd, 258601.550, 139
Trd, 258602.033, 139
Trd, 258602.050, 139
Trd, 258602.417, 126
Trd, 258602.500, 135
Trd, 258602.517, 125
Trd, 258602.550, 124
Trd, 258602.617, 136
Trd, 258602.700, 112
Trd, 258603.000, 138
Trd, 258603.150, 138
Trd, 258603.333, 132
Trd, 258603.400, 131
Trd, 258603.450, 126
Trd, 258603.500, 132
Trd, 258603.850, 129
Trd, 258604.333, 94
Trd, 258604.467, 94
Trd, 258604.617, 95
Trd, 258604.683, 92
Trd, 258605.050, 68
Trd, 258605.067, 128
Trd, 258606.683, 118
Trd, 258606.767, 119
Trd, 258606.783, 120
Trd, 258606.817, 118
Trd, 258606.933, 118
Trd, 258607.033, 118
Trd, 258607.167, 118
Trd, 258607.267, 120
Trd, 258607.383, 121
Trd, 258607.417, 132
Trd, 258607.467, 118
Trd, 258607.517, 130
Trd, 258607.767, 120
Trd, 258607.833, 131
Trd, 258608.317, 132
Trd, 258608.600, 122
Trd, 258608.833, 122
Trd, 258608.850, 120
Trd, 258609.417, 140
Trd, 258609.583, 140
Trd, 258609.933, 140
Trd, 258610.417, 140
Trd, 258611.217, 140
Trd, 258611.317, 140
Trd, 258611.500, 140
Trd, 258611.817, 140
Trd, 258612.433, 140
Trd, 258612.467, 140
Trd, 258612.533, 140
Trd, 258612.750, 140
Trd, 258612.983, 140
Trd, 258613.000, 140
Trd, 258613.050, 140
Trd, 258613.217, 140
Trd, 258613.383, 140
Trd, 258613.717, 139
Trd, 258613.900, 120
Trd, 258613.933, 89
Trd, 258614.033, 140
Trd, 258614.250, 98
Trd, 258614.283, 99
Trd, 258614.467, 140
Trd, 258614.800, 140
Trd, 258614.883, 140
Trd, 258615.367, 60
Trd, 258615.400, 60
Trd, 258615.733, 60
Trd, 258615.750, 61
Trd, 258616.067, 60
Trd, 258616.133, 60
Trd, 258616.567, 60
Trd, 258616.600, 60
Trd, 258616.683, 61
Trd, 258616.700, 61
Trd, 258616.883, 63
Trd, 258617.000, 64
Trd, 258617.017, 65
Trd, 258617.083, 61
Trd, 258617.217, 80
Trd, 258617.933, 60
Trd, 258617.983, 60
Trd, 258618.267, 61
Trd, 258618.633, 61
Trd, 258618.717, 62
Trd, 258618.917, 84
Trd, 258619.083, 73
Trd, 258619.383, 63
Trd, 258619.583, 62
Trd, 258620.150, 60
Trd, 258620.300, 60
Trd, 258620.367, 62
Trd, 258620.417, 63
Trd, 258620.550, 66
Trd, 258620.733, 61
Trd, 258620.917, 63
Trd, 258621.067, 61
Trd, 258621.233, 61
Trd, 258621.283, 61
Trd, 258621.333, 62
Trd, 258621.917, 65
Trd, 258621.983, 66
Trd, 258622.217, 71
Trd, 258622.267, 73
Trd, 258622.533, 68
Trd, 258622.567, 67
Trd, 258623.633, 81
Trd, 258623.883, 78
Trd, 258623.917, 79
Trd, 258624.350, 80
Trd, 258624.450, 78
Trd, 258624.633, 77
Trd, 258624.717, 78
Trd, 258624.800, 79
Trd, 258624.933, 78
Trd, 258625.100, 81
Trd, 258625.133, 79
Trd, 258625.300, 82
Trd, 258625.333, 83
Trd, 258625.400, 79
Trd, 258625.483, 84
Trd, 258625.900, 79
Trd, 258625.917, 94
Trd, 258626.233, 76
Trd, 258626.800, 76
Trd, 258626.867, 77
Trd, 258626.950, 86
Trd, 258627.083, 87
Trd, 258627.250, 88
Trd, 258627.433, 75
Trd, 258627.583, 92
Trd, 258628.133, 91
Trd, 258628.467, 84
Trd, 258628.583, 84
Trd, 258628.833, 90
Trd, 258628.900, 86
Trd, 258629.133, 93
Trd, 258629.483, 107
Trd, 258629.600, 106
Trd, 258629.717, 108
Trd, 258629.850, 93
Trd, 258630.483, 140
Trd, 258630.817, 140
Trd, 258630.967, 140
Trd, 258631.417, 140
Trd, 258631.567, 140
Trd, 258631.583, 140
Trd, 258631.717, 140
Trd, 258632.000, 140
Trd, 258632.383, 140
Trd, 258633.000, 140
Trd, 258633.483, 140
Trd, 258633.650, 140
Trd, 258633.667, 140
Trd, 258633.850, 140
Trd, 258633.867, 140
Trd, 258634.550, 140
Trd, 258634.567, 140
Trd, 258634.683, 140
Trd, 258634.733, 140
Trd, 258634.967, 140
Trd, 258635.117, 140
Trd, 258635.133, 140
Trd, 258635.233, 136
Trd, 258635.333, 137
Trd, 258635.867, 129
Trd, 258636.483, 133
Trd, 258636.600, 134
Trd, 258636.617, 133
Trd, 258636.750, 140
Trd, 258637.017, 140
Trd, 258637.050, 140
Trd, 258637.117, 135
Trd, 258637.333, 135
Trd, 258637.700, 140
Trd, 258637.933, 139
Trd, 258637.967, 139
Trd, 258638.033, 124
Trd, 258638.267, 131
Trd, 258638.517, 109
Trd, 258638.600, 133
Trd, 258638.983, 134
Trd, 258639.033, 111
Trd, 258639.050, 110
Trd, 258639.150, 108
Trd, 258639.167, 107
Trd, 258639.300, 94
Trd, 258639.350, 140
Trd, 258640.017, 140
Trd, 258640.083, 140
Trd, 258640.300, 135
Trd, 258640.417, 133
Trd, 258640.567, 132
Trd, 258640.967, 129
Trd, 258641.017, 128
Trd, 258641.233, 125
Trd, 258641.333, 129
Trd, 258641.700, 130
Trd, 258641.983, 125
Trd, 258642.100, 125
Trd, 258642.167, 124
Trd, 258642.183, 123
Trd, 258642.350, 123
Trd, 258642.467, 124
Trd, 258643.000, 140
Trd, 258643.617, 140
Trd, 258643.817, 140
Trd, 258643.850, 140
Trd, 258643.900, 140
Trd, 258644.533, 140
Trd, 258644.650, 140
Trd, 258644.667, 140
Trd, 258645.000, 139
Trd, 258645.050, 139
Trd, 258645.133, 138
Trd, 258645.367, 137
Trd, 258645.583, 134
Trd, 258645.700, 120
Trd, 258645.800, 119
Trd, 258646.217, 128
Trd, 258646.583, 125
Trd, 258646.933, 114
Trd, 258647.183, 122
Trd, 258647.217, 113
Trd, 258647.233, 123
Trd, 258647.383, 124
Trd, 258647.400, 112
Trd, 258647.483, 123
Trd, 258647.567, 112
Trd, 258648.317, 114
Trd, 258648.633, 124
Trd, 258648.717, 136
Trd, 258649.183, 140
Trd, 258649.233, 140
Trd, 258649.333, 139
Trd, 258649.467, 136
Trd, 258650.967, 140
Trd, 258651.267, 140
Trd, 258651.283, 140
Trd, 258651.550, 140
Trd, 258651.817, 140
Trd, 258651.850, 140
Trd, 258652.767, 140
Trd, 258652.933, 140
Trd, 258652.983, 140
Trd, 258653.200, 140
Trd, 258653.283, 140
Trd, 258653.333, 140
Trd, 258653.400, 140
Trd, 258653.433, 140
Trd, 258653.533, 139
Trd, 258653.600, 140
Trd, 258653.617, 140
Trd, 258653.800, 139
Trd, 258653.867, 138
Trd, 258653.933, 126
Trd, 258654.050, 136
Trd, 258654.117, 134
Trd, 258654.133, 89
Trd, 258654.367, 101
Trd, 258654.717, 119
Trd, 258655.283, 65
Trd, 258655.383, 63
Trd, 258655.483, 131
Trd, 258655.550, 133
Trd, 258655.583, 134
Trd, 258655.933, 133
Trd, 258656.817, 140
Trd, 258656.833, 140
Trd, 258656.950, 140
Trd, 258657.083, 139
Trd, 258657.250, 140
Trd, 258657.817, 123
Trd, 258658.033, 122
Trd, 258658.167, 116
Trd, 258658.333, 115
Trd, 258658.583, 130
Trd, 258658.633, 115
Trd, 258659.333, 122
Trd, 258659.433, 123
Trd, 258659.517, 125
Trd, 258659.550, 125
Trd, 258659.700, 126
Trd, 258659.783, 125
Trd, 258659.817, 123
Trd, 258660.133, 131
Trd, 258660.467, 139
Trd, 258660.533, 138
Trd, 258660.550, 137
Trd, 258660.917, 136
Trd, 258660.967, 135
Trd, 258661.000, 125
Trd, 258661.167, 137
Trd, 258661.300, 117
Trd, 258661.467, 134
Trd, 258661.550, 116
Trd, 258661.617, 139
Trd, 258661.800, 111
Trd, 258661.983, 132
Trd, 258662.067, 92
Trd, 258662.650, 61
Trd, 258662.817, 61
Trd, 258662.883, 62
Trd, 258663.133, 61
Trd, 258663.567, 60
Trd, 258664.200, 60
Trd, 258664.233, 60
Trd, 258664.317, 60
Trd, 258664.433, 60
Trd, 258664.717, 61
Trd, 258664.783, 60
Trd, 258664.883, 124
Trd, 258665.300, 125
Trd, 258665.317, 66
Trd, 258665.483, 125
Trd, 258665.783, 123
Trd, 258666.000, 125
Trd, 258666.467, 120
Trd, 258666.533, 119
Trd, 258667.100, 122
Trd, 258667.317, 122
Trd, 258667.367, 124
Trd, 258667.467, 131
Trd, 258667.867, 127
Trd, 258667.967, 126
Trd, 258668.050, 125
Trd, 258668.217, 125
Trd, 258668.533, 137
Trd, 258669.150, 128
Trd, 258669.450, 129
Trd, 258669.467, 128
Trd, 258669.600, 130
Trd, 258669.700, 116
Trd, 258670.167, 125
Trd, 258670.533, 124
Trd, 258670.733, 124
Trd, 258670.933, 124
Trd, 258670.967, 125
Trd, 258671.000, 123
Trd, 258671.050, 122
Trd, 258671.183, 125
Trd, 258671.450, 123
Trd, 258671.800, 139
Trd, 258672.017, 125
Trd, 258672.150, 123
Trd, 258672.383, 122
Trd, 258672.450, 118
Trd, 258672.550, 140
Trd, 258672.750, 132
Trd, 258672.850, 140
Trd, 258672.883, 139
Trd, 258672.950, 140
Trd, 258673.150, 122
Trd, 258673.317, 114
Trd, 258673.533, 140
Trd, 258673.567, 113
Trd, 258675.433, 140
Trd, 258675.650, 140
Trd, 258675.900, 140
Trd, 258675.950, 140
Trd, 258676.183, 140
Trd, 258676.433, 140
Trd, 258677.033, 140
Trd, 258677.117, 140
Trd, 258677.150, 140
Trd, 258677.500, 140
Trd, 258677.783, 140
Trd, 258677.817, 140
Trd, 258677.933, 140
Trd, 258678.233, 140
Trd, 258678.550, 140
Trd, 258678.567, 140
Trd, 258678.833, 140
Trd, 258678.900, 140
Trd, 258678.983, 139
Trd, 258679.017, 139
Trd, 258679.183, 124
Trd, 258679.350, 126
Trd, 258679.567, 139
Trd, 258679.700, 137
Trd, 258679.800, 137
Trd, 258680.000, 103
Trd, 258680.200, 124
Trd, 258680.417, 102
Trd, 258680.650, 96
Trd, 258680.700, 103
Trd, 258680.783, 116
Trd, 258680.850, 111
Trd, 258680.917, 96
Trd, 258681.000, 95
Trd, 258681.117, 94
Trd, 258681.683, 124
Trd, 258681.750, 95
Trd, 258681.800, 94
Trd, 258681.917, 93
Trd, 258682.067, 76
Trd, 258682.133, 120
Trd, 258682.217, 111
Trd, 258682.350, 119
Trd, 258683.183, 108
Trd, 258683.417, 109
Trd, 258683.567, 107
Trd, 258683.783, 81
Trd, 258683.983, 105
Trd, 258684.217, 104
Trd, 258684.350, 106
Trd, 258684.383, 107
Trd, 258684.717, 83
Trd, 258685.267, 107
Trd, 258685.433, 108
Trd, 258685.583, 124
Trd, 258685.900, 136
Trd, 258686.033, 106
Trd, 258686.217, 139
Trd, 258686.433, 138
Trd, 258686.833, 140
Trd, 258687.083, 140
Trd, 258687.533, 140
Trd, 258687.567, 140
Trd, 258687.600, 140
Trd, 258687.767, 140
Trd, 258687.817, 137
Trd, 258687.867, 100
Trd, 258688.000, 139
Trd, 258688.250, 96
Trd, 258688.417, 87
Trd, 258689.083, 117
Trd, 258689.167, 125
Trd, 258689.567, 123
Trd, 258689.750, 124
Trd, 258689.917, 125
Trd, 258690.083, 124
Trd, 258690.250, 130
Trd, 258690.333, 123
Trd, 258690.467, 131
Trd, 258690.683, 131
Trd, 258690.850, 125
Trd, 258690.867, 132
Trd, 258691.183, 126
Trd, 258691.233, 125
Trd, 258691.717, 133
Trd, 258692.200, 127
Trd, 258692.367, 126
Trd, 258692.500, 130
Trd, 258692.867, 127
Trd, 258693.017, 128
Trd, 258693.033, 122
Trd, 258693.267, 107
Trd, 258693.317, 115
Trd, 258693.683, 109
Trd, 258693.717, 128
Trd, 258693.967, 99
Trd, 258694.017, 121
Trd, 258694.233, 123
Trd, 258694.367, 129
Trd, 258695.133, 129
Trd, 258695.383, 140
Trd, 258695.817, 114
Trd, 258696.133, 130
Trd, 258696.250, 140
Trd, 258696.850, 140
Trd, 258697.167, 140
Trd, 258697.233, 140
Trd, 258697.283, 140
Trd, 258697.333, 140
Trd, 258697.367, 140
Trd, 258697.550, 140
Trd, 258697.717, 140
Trd, 258697.850, 139
Trd, 258698.067, 121
Trd, 258698.250, 105
Trd, 258698.483, 106
Trd, 258698.517, 136
Trd, 258699.100, 129
Trd, 258699.133, 106
Trd, 258699.500, 126
Trd, 258699.867, 124
Trd, 258699.883, 115
Trd, 258699.950, 125
Trd, 258700.083, 127
Trd, 258700.300, 114
Trd, 258701.133, 123
Trd, 258701.233, 116
Trd, 258701.300, 115
Trd, 258701.600, 125
Trd, 258701.950, 125
Trd, 258702.033, 123
Trd, 258702.117, 118
Trd, 258702.133, 117
Trd, 258702.150, 116
Trd, 258702.183, 132
Trd, 258702.783, 117
Trd, 258702.950, 140
Trd, 258703.050, 140
Trd, 258703.083, 140
Trd, 258703.150, 136
Trd, 258703.300, 114
Trd, 258703.633, 113
Trd, 258703.650, 106
Trd, 258703.850, 105
Trd, 258704.100, 103
Trd, 258704.550, 105
Trd, 258704.700, 103
Trd, 258704.783, 102
Trd, 258705.567, 139
Trd, 258705.650, 107
Trd, 258705.667, 106
Trd, 258706.100, 140
Trd, 258706.200, 140
Trd, 258706.450, 140
Trd, 258706.500, 140
Trd, 258706.733, 140
Trd, 258706.833, 140
Trd, 258707.233, 140
Trd, 258707.317, 140
Trd, 258707.467, 139
Trd, 258707.500, 138
Trd, 258707.767, 137
Trd, 258708.033, 139
Trd, 258708.100, 137
Trd, 258708.483, 136
Trd, 258708.617, 137
Trd, 258708.667, 138
Trd, 258708.850, 139
Trd, 258708.900, 137
Trd, 258708.933, 136
Trd, 258709.200, 136
Trd, 258709.417, 138
Trd, 258709.567, 138
Trd, 258709.633, 135
Trd, 258709.967, 135
Trd, 258710.967, 129
Trd, 258711.033, 126
Trd, 258711.050, 119
Trd, 258711.417, 113
Trd, 258711.500, 127
Trd, 258711.767, 124
Trd, 258711.900, 130
Trd, 258711.967, 132
Trd, 258712.083, 112
Trd, 258712.217, 112
Trd, 258712.783, 139
Trd, 258712.817, 113
Trd, 258713.200, 108
Trd, 258713.233, 138
Trd, 258713.717, 109
Trd, 258713.800, 135
Trd, 258713.817, 108
Trd, 258714.033, 109
Trd, 258714.117, 134
Trd, 258714.217, 134
Trd, 258714.617, 111
Trd, 258715.083, 111
Trd, 258715.383, 116
Trd, 258715.600, 110
Trd, 258715.650, 115
Trd, 258715.667, 123
Trd, 258715.750, 108
Trd, 258715.967, 124
Trd, 258716.083, 125
Trd, 258716.300, 108
Trd, 258716.483, 109
Trd, 258716.517, 108
Trd, 258716.633, 124
Trd, 258716.850, 122
Trd, 258717.050, 139
Trd, 258717.717, 115
Trd, 258717.833, 140
Trd, 258718.200, 120
Trd, 258718.467, 129
Trd, 258718.550, 138
Trd, 258719.433, 140
Trd, 258719.467, 140
Trd, 258719.950, 140
Trd, 258720.067, 140
Trd, 258720.550, 140
Trd, 258720.600, 140
Trd, 258720.700, 140
Trd, 258721.317, 140
Trd, 258721.650, 140
Trd, 258721.700, 140
Trd, 258721.717, 140
Trd, 258722.133, 140
Trd, 258722.283, 139
Trd, 258722.500, 140
Trd, 258722.517, 139
Trd, 258722.533, 139
Trd, 258723.583, 140
Trd, 258723.617, 140
Trd, 258723.667, 140
Trd, 258723.717, 139
Trd, 258723.783, 139
Trd, 258723.917, 139
Trd, 258724.233, 140
Trd, 258724.300, 140
Trd, 258724.767, 140
Trd, 258724.800, 139
Trd, 258725.300, 140
Trd, 258725.567, 140
Trd, 258725.683, 138
Trd, 258725.767, 138
Trd, 258726.017, 137
Trd, 258726.050, 136
Trd, 258726.133, 136
Trd, 258726.350, 140
Trd, 258726.617, 136
Trd, 258726.667, 135
Trd, 258727.050, 139
Trd, 258727.417, 140
Trd, 258727.900, 132
Trd, 258728.150, 132
Trd, 258728.300, 137
Trd, 258728.467, 124
Trd, 258728.600, 122
Trd, 258728.783, 117
Trd, 258728.800, 93
Trd, 258729.367, 128
Trd, 258729.383, 137
Trd, 258730.133, 130
Trd, 258730.300, 129
Trd, 258730.333, 128
Trd, 258730.350, 125
Trd, 258730.483, 130
Trd, 258730.617, 130
Trd, 258731.267, 118
Trd, 258731.517, 117
Trd, 258731.600, 117
Trd, 258731.800, 118
Trd, 258731.967, 119
Trd, 258732.217, 118
Trd, 258732.250, 135
Trd, 258732.517, 140
Trd, 258732.650, 140
Trd, 258732.733, 140
Trd, 258732.867, 140
Trd, 258732.900, 133
Trd, 258733.083, 129
Trd, 258733.300, 109
Trd, 258733.450, 139
Trd, 258733.717, 138
Trd, 258733.883, 126
Trd, 258734.050, 136
Trd, 258734.567, 134
Trd, 258734.817, 137
Trd, 258734.833, 139
Trd, 258734.883, 136
Trd, 258735.867, 140
Trd, 258735.983, 140
Trd, 258736.000, 140
Trd, 258736.217, 140
Trd, 258736.533, 140
Trd, 258736.733, 140
Trd, 258737.017, 140
Trd, 258737.167, 129
Trd, 258737.333, 119
Trd, 258737.400, 110
Trd, 258737.483, 136
Trd, 258737.667, 108
Trd, 258737.900, 112
Trd, 258738.050, 113
Trd, 258738.467, 100
Trd, 258739.317, 84
Trd, 258739.450, 85
Trd, 258739.533, 85
Trd, 258739.650, 86
Trd, 258739.700, 87
Trd, 258739.733, 111
Trd, 258739.767, 84
Trd, 258739.967, 111
Trd, 258740.250, 112
Trd, 258740.633, 128
Trd, 258741.133, 140
Trd, 258741.233, 140
Trd, 258741.350, 140
Trd, 258741.867, 132
Trd, 258741.883, 129
Trd, 258741.900, 128
Trd, 258742.033, 113
Trd, 258742.117, 140
Trd, 258742.150, 139
Trd, 258742.300, 138
Trd, 258742.617, 138
Trd, 258742.667, 137
Trd, 258743.133, 137
Trd, 258743.400, 137
Trd, 258743.767, 139
Trd, 258743.833, 136
Trd, 258744.267, 140
Trd, 258744.300, 140
Trd, 258744.467, 140
Trd, 258744.500, 96
Trd, 258744.917, 137
Trd, 258744.967, 116
Trd, 258745.033, 115
Trd, 258745.050, 139
Trd, 258745.317, 140
Trd, 258745.717, 60
Trd, 258745.967, 66
Trd, 258746.383, 65
Trd, 258747.000, 63
Trd, 258747.450, 60
Trd, 258747.800, 60
Trd, 258748.483, 60
Trd, 258748.583, 61
Trd, 258748.750, 60
Trd, 258748.800, 60
Trd, 258748.917, 62
Trd, 258748.933, 61
Trd, 258748.950, 63
Trd, 258749.067, 63
Trd, 258749.217, 64
Trd, 258749.300, 65
Trd, 258749.483, 67
Trd, 258749.800, 74
Trd, 258749.850, 65
Trd, 258750.033, 75
Trd, 258750.283, 87
Trd, 258750.367, 100
Trd, 258751.233, 140
Trd, 258751.667, 140
Trd, 258752.233, 140
Trd, 258752.350, 140
Trd, 258752.783, 140
Trd, 258752.800, 140
Trd, 258752.850, 140
Trd, 258752.883, 140
Trd, 258753.000, 140
Trd, 258753.017, 140
Trd, 258753.200, 140
Trd, 258753.217, 140
Trd, 258753.350, 140
Trd, 258753.450, 140
Trd, 258753.600, 140
Trd, 258753.667, 137
Trd, 258754.100, 140
Trd, 258754.200, 140
Trd, 258754.233, 140
Trd, 258754.333, 136
Trd, 258754.800, 136
Trd, 258754.917, 135
Trd, 258754.967, 137
Trd, 258755.017, 133
Trd, 258755.133, 121
Trd, 258755.500, 117
Trd, 258755.633, 137
Trd, 258755.733, 134
Trd, 258755.933, 126
Trd, 258756.650, 140
Trd, 258756.767, 140
Trd, 258757.167, 140
Trd, 258757.883, 140
Trd, 258758.683, 140
Trd, 258758.767, 140
Trd, 258758.817, 140
Trd, 258759.250, 140
Trd, 258759.333, 140
Trd, 258759.400, 140
Trd, 258759.483, 140
Trd, 258759.633, 140
Trd, 258759.717, 140
Trd, 258759.767, 140
Trd, 258759.833, 136
Trd, 258760.100, 140
Trd, 258760.200, 115
Trd, 258760.333, 115
Trd, 258760.417, 114
Trd, 258760.717, 96
Trd, 258760.850, 130
Trd, 258760.950, 63
Trd, 258761.617, 60
Trd, 258761.633, 60
Trd, 258761.683, 60
Trd, 258762.267, 60
Trd, 258762.850, 60
Trd, 258762.867, 60
Trd, 258763.083, 60
Trd, 258763.183, 60
Trd, 258763.217, 60
Trd, 258763.267, 60
Trd, 258763.283, 64
Trd, 258763.350, 60
Trd, 258763.383, 74
Trd, 258763.667, 62
Trd, 258764.100, 79
Trd, 258764.117, 80
Trd, 258764.167, 79
Trd, 258764.200, 78
Trd, 258764.633, 140
Trd, 258765.367, 140
Trd, 258765.483, 140
Trd, 258765.850, 140
Trd, 258766.483, 140
Trd, 258766.800, 140
Trd, 258767.100, 140
Trd, 258767.383, 140
Trd, 258767.417, 140
Trd, 258767.667, 140
Trd, 258767.850, 140
Trd, 258767.917, 140
Trd, 258767.950, 140
Trd, 258768.017, 140
Trd, 258768.033, 140
Trd, 258768.633, 140
Trd, 258768.850, 140
Trd, 258768.933, 140
Trd, 258769.817, 140
Trd, 258770.183, 140
Trd, 258770.300, 140
Trd, 258770.817, 140
Trd, 258770.833, 140
Trd, 258771.083, 140
Trd, 258771.167, 140
Trd, 258771.500, 140
Trd, 258771.533, 140
Trd, 258771.600, 140
Trd, 258771.700, 140
Trd, 258771.717, 140
Trd, 258771.833, 140
Trd, 258771.950, 140
Trd, 258772.300, 140
Trd, 258772.550, 140
Trd, 258772.567, 140
Trd, 258773.050, 140
Trd, 258773.517, 139
Trd, 258773.883, 140
Trd, 258774.317, 140
Trd, 258774.417, 139
Trd, 258775.683, 140
Trd, 258775.783, 140
Trd, 258775.833, 140
Trd, 258776.100, 140
Trd, 258776.267, 140
Trd, 258776.317, 140
Trd, 258776.733, 140
Trd, 258776.983, 140
Trd, 258777.150, 140
Trd, 258777.167, 140
Trd, 258777.567, 140
Trd, 258777.900, 140
Trd, 258778.250, 140
Trd, 258778.800, 140
Trd, 258778.933, 140
Trd, 258779.000, 140
Trd, 258779.017, 140
Trd, 258779.183, 140
Trd, 258779.200, 140
Trd, 258779.333, 140
Trd, 258779.417, 140
Trd, 258779.650, 133
Trd, 258779.767, 139
Trd, 258779.800, 131
Trd, 258780.483, 136
Trd, 258780.550, 136
Trd, 258780.733, 136
Trd, 258780.900, 135
Trd, 258780.917, 134
Trd, 258781.133, 135
Trd, 258781.150, 125
Trd, 258781.767, 106
Trd, 258781.950, 106
Trd, 258781.967, 105
Trd, 258782.300, 79
Trd, 258782.550, 79
Trd, 258782.650, 79
Trd, 258782.800, 80
Trd, 258782.967, 80
Trd, 258783.300, 79
Trd, 258783.417, 78
Trd, 258783.733, 79
Trd, 258783.883, 80
Trd, 258784.133, 99
Trd, 258784.217, 128
Trd, 258784.583, 140
Trd, 258784.667, 140
Trd, 258785.267, 140
Trd, 258786.183, 140
Trd, 258786.250, 140
Trd, 258786.317, 140
Trd, 258786.817, 140
Trd, 258787.033, 140
Trd, 258787.050, 140
Trd, 258787.617, 140
Trd, 258787.733, 140
Trd, 258787.817, 140
Trd, 258787.933, 140
Trd, 258787.983, 140
Trd, 258788.000, 140
Trd, 258788.067, 140
Trd, 258788.200, 140
Trd, 258788.283, 140
Trd, 258788.350, 140
Trd, 258788.483, 140
Trd, 258788.717, 139
Trd, 258788.767, 140
Trd, 258788.950, 138
Trd, 258789.133, 134
Trd, 258789.317, 128
Trd, 258789.683, 132
Trd, 258790.050, 128
Trd, 258790.150, 137
Trd, 258790.333, 140
Trd, 258791.333, 140
Trd, 258791.433, 140
Trd, 258791.600, 140
Trd, 258791.767, 140
Trd, 258791.783, 140
Trd, 258792.167, 140
Trd, 258792.183, 140
Trd, 258792.367, 140
Trd, 258792.433, 140
Trd, 258792.500, 140
Trd, 258792.550, 140
Trd, 258792.650, 140
Trd, 258792.733, 139
Trd, 258793.083, 140
Trd, 258793.167, 140
Trd, 258793.333, 140
Trd, 258793.567, 139
Trd, 258793.750, 139
Trd, 258793.767, 140
Trd, 258794.217, 139
Trd, 258794.283, 127
Trd, 258794.550, 139
Trd, 258794.817, 140
Trd, 258795.233, 128
Trd, 258795.667, 132
Trd, 258795.850, 133
Trd, 258795.933, 140
Trd, 258795.950, 132
Trd, 258796.217, 137
Trd, 258796.367, 137
Trd, 258796.567, 132
Trd, 258797.350, 135
Trd, 258797.450, 136
Trd, 258797.700, 128
Trd, 258797.867, 124
Trd, 258798.100, 131
Trd, 258798.233, 127
Trd, 258798.317, 133
Trd, 258798.617, 133
Trd, 258799.100, 133
Trd, 258799.400, 131
Trd, 258799.550, 130
Trd, 258799.683, 128
Trd, 258799.717, 127
Trd, 258799.933, 109
Trd, 258800.100, 130
Trd, 258800.417, 126
Trd, 258800.483, 134
Trd, 258800.950, 140
Trd, 258801.117, 140
Trd, 258801.200, 140
Trd, 258801.417, 138
Trd, 258801.483, 137
Trd, 258801.567, 136
Trd, 258801.867, 134
Trd, 258802.183, 135
Trd, 258802.567, 133
Trd, 258802.733, 132
Trd, 258802.767, 131
Trd, 258802.800, 132
Trd, 258802.950, 131
Trd, 258803.000, 134
Trd, 258803.517, 131
Trd, 258803.900, 132
Trd, 258803.983, 131
Trd, 258804.150, 131
Trd, 258804.217, 132
Trd, 258804.300, 133
Trd, 258804.950, 135
Trd, 258805.317, 136
Trd, 258805.383, 135
Trd, 258805.500, 137
Trd, 258805.567, 139
Trd, 258805.717, 139
Trd, 258805.917, 139
Trd, 258806.183, 138
Trd, 258806.383, 140
Trd, 258806.517, 134
Trd, 258806.667, 107
Trd, 258807.067, 110
Trd, 258807.217, 110
Trd, 258807.233, 109
Trd, 258807.250, 128
Trd, 258807.783, 129
Trd, 258807.917, 120
Trd, 258808.100, 119
Trd, 258808.317, 132
Trd, 258808.583, 133
Trd, 258808.700, 108
Trd, 258808.750, 131
Trd, 258808.783, 106
Trd, 258808.883, 135
Trd, 258809.567, 134
Trd, 258809.683, 101
Trd, 258809.767, 100
Trd, 258810.000, 97
Trd, 258810.300, 88
Trd, 258810.867, 87
Trd, 258811.017, 87
Trd, 258811.283, 90
Trd, 258811.333, 91
Trd, 258811.500, 91
Trd, 258811.900, 94
Trd, 258811.933, 106
Trd, 258811.950, 93
Trd, 258812.017, 107
Trd, 258812.100, 104
Trd, 258812.500, 107
Trd, 258812.583, 92
Trd, 258812.600, 91
Trd, 258812.633, 108
Trd, 258812.850, 113
Trd, 258812.900, 106
Trd, 258813.383, 138
Trd, 258814.417, 140
Trd, 258814.683, 140
Trd, 258814.950, 140
Trd, 258815.550, 140
Trd, 258816.000, 140
Trd, 258816.150, 140
Trd, 258816.200, 140
Trd, 258816.400, 140
Trd, 258816.450, 140
Trd, 258816.767, 140
Trd, 258816.950, 140
Trd, 258817.000, 140
Trd, 258817.333, 140
Trd, 258817.383, 140
Trd, 258817.500, 140
Trd, 258817.767, 140
Trd, 258818.250, 140
Trd, 258819.283, 140
Trd, 258819.317, 140
Trd, 258819.667, 140
Trd, 258819.833, 140
Trd, 258819.933, 140
Trd, 258820.200, 140
Trd, 258820.550, 140
Trd, 258820.717, 140
Trd, 258821.150, 140
Trd, 258821.200, 140
Trd, 258821.567, 140
Trd, 258821.650, 140
Trd, 258821.767, 140
Trd, 258821.833, 139
Trd, 258821.983, 139
Trd, 258822.100, 139
Trd, 258822.117, 137
Trd, 258822.667, 134
Trd, 258822.683, 132
Trd, 258822.883, 135
Trd, 258823.267, 132
Trd, 258823.333, 125
Trd, 258823.367, 131
Trd, 258823.517, 121
Trd, 258823.600, 121
Trd, 258823.667, 133
Trd, 258824.150, 131
Trd, 258824.200, 130
Trd, 258824.367, 130
Trd, 258824.400, 108
Trd, 258824.500, 92
Trd, 258824.517, 91
Trd, 258824.700, 130
Trd, 258825.067, 82
Trd, 258825.100, 83
Trd, 258825.583, 78
Trd, 258825.600, 77
Trd, 258825.650, 66
Trd, 258826.017, 81
Trd, 258826.317, 80
Trd, 258826.433, 60
Trd, 258826.517, 80
Trd, 258826.683, 81
Trd, 258826.733, 83
Trd, 258827.033, 63
Trd, 258827.217, 116
Trd, 258827.650, 72
Trd, 258827.800, 61
Trd, 258828.367, 60
Trd, 258828.733, 60
Trd, 258828.933, 60
Trd, 258828.967, 60
Trd, 258829.000, 60
Trd, 258829.017, 60
Trd, 258829.183, 60
Trd, 258829.250, 67
Trd, 258829.717, 79
Trd, 258829.800, 81
Trd, 258829.850, 91
Trd, 258829.917, 64
Trd, 258830.067, 138
Trd, 258831.250, 140
Trd, 258831.300, 140
Trd, 258831.500, 140
Trd, 258831.517, 140
Trd, 258832.333, 140
Trd, 258832.417, 140
Trd, 258832.817, 140
Trd, 258832.983, 140
Trd, 258833.083, 140
Trd, 258833.100, 140
Trd, 258833.183, 140
Trd, 258833.450, 140
Trd, 258833.617, 140
Trd, 258833.633, 140
Trd, 258833.650, 140
Trd, 258833.667, 139
Trd, 258834.150, 140
Trd, 258834.233, 140
Trd, 258834.283, 138
Trd, 258834.550, 138
Trd, 258834.650, 139
Trd, 258834.817, 140
Trd, 258834.983, 140
Trd, 258835.117, 139
Trd, 258835.217, 139
Trd, 258835.417, 137
Trd, 258835.817, 128
Trd, 258835.900, 127
Trd, 258836.017, 126
Trd, 258836.483, 128
Trd, 258836.550, 129
Trd, 258836.933, 128
Trd, 258837.033, 128
Trd, 258837.067, 129
Trd, 258837.233, 129
Trd, 258837.683, 134
Trd, 258837.717, 129
Trd, 258837.867, 139
Trd, 258838.083, 129
Trd, 258838.633, 139
Trd, 258838.733, 140
Trd, 258839.117, 140
Trd, 258839.450, 140
Trd, 258839.467, 140
Trd, 258839.600, 140
Trd, 258839.633, 140
Trd, 258839.833, 140
Trd, 258839.983, 139
Trd, 258840.317, 140
Trd, 258840.517, 139
Trd, 258840.550, 138
Trd, 258840.900, 137
Trd, 258841.000, 137
Trd, 258841.067, 138
Trd, 258841.283, 140
Trd, 258841.367, 139
Trd, 258841.500, 138
Trd, 258841.867, 137
Trd, 258842.000, 137
Trd, 258842.033, 139
Trd, 258842.133, 136
Trd, 258842.250, 139
Trd, 258842.333, 127
Trd, 258843.133, 136
Trd, 258843.183, 127
Trd, 258843.683, 119
Trd, 258843.750, 132
Trd, 258844.100, 136
Trd, 258844.217, 111
Trd, 258844.333, 107
Trd, 258844.633, 135
Trd, 258844.783, 139
Trd, 258845.400, 140
Trd, 258845.550, 138
Trd, 258845.617, 139
Trd, 258845.683, 138
Trd, 258845.883, 138
Trd, 258846.783, 140
Trd, 258846.967, 139
Trd, 258847.283, 139
Trd, 258847.383, 138
Trd, 258847.533, 140
Trd, 258847.850, 138
Trd, 258847.867, 137
Trd, 258848.383, 139
Trd, 258849.000, 132
Trd, 258849.150, 138
Trd, 258849.400, 139
Trd, 258849.650, 139
Trd, 258849.917, 140
Trd, 258849.933, 140
Trd, 258849.967, 139
Trd, 258850.300, 138
Trd, 258850.550, 137
Trd, 258850.750, 123
Trd, 258850.933, 129
Trd, 258851.017, 137
Trd, 258851.050, 115
Trd, 258851.117, 106
Trd, 258851.233, 138
Trd, 258851.833, 139
Trd, 258852.117, 139
Trd, 258852.550, 140
Trd, 258852.567, 139
Trd, 258852.650, 138
Trd, 258852.733, 138
Trd, 258852.833, 125
Trd, 258852.933, 120
Trd, 258853.700, 139
Trd, 258853.817, 133
Trd, 258853.917, 132
Trd, 258854.100, 138
Trd, 258854.400, 138
Trd, 258854.517, 139
Trd, 258854.533, 138
Trd, 258854.683, 138
Trd, 258855.483, 140
Trd, 258855.950, 140
Trd, 258856.183, 140
Trd, 258856.217, 140
Trd, 258856.433, 140
Trd, 258856.450, 140
Trd, 258856.533, 140
Trd, 258856.567, 140
Trd, 258856.583, 137
Trd, 258856.600, 137
Trd, 258856.700, 135
Trd, 258857.450, 140
Trd, 258857.917, 140
Trd, 258858.000, 140
Trd, 258858.183, 140
Trd, 258858.233, 140
Trd, 258858.283, 140
Trd, 258858.383, 140
Trd, 258858.600, 140
Trd, 258859.050, 126
Trd, 258859.067, 113
Trd, 258859.350, 138
Trd, 258859.550, 140
Trd, 258859.700, 106
Trd, 258859.800, 89
Trd, 258859.817, 76
Trd, 258859.867, 138
Trd, 258860.967, 124
Trd, 258861.167, 98
Trd, 258861.350, 125
Trd, 258861.583, 125
Trd, 258862.067, 88
Trd, 258862.283, 86
Trd, 258862.300, 85
Trd, 258862.617, 120
Trd, 258862.717, 94
Trd, 258862.767, 121
Trd, 258862.800, 96
Trd, 258862.817, 94
Trd, 258862.883, 93
Trd, 258863.100, 86
Trd, 258863.300, 87
Trd, 258863.567, 87
Trd, 258863.850, 88
Trd, 258863.950, 120
Trd, 258864.033, 87
Trd, 258864.233, 86
Trd, 258864.617, 85
Trd, 258865.033, 115
Trd, 258865.150, 116
Trd, 258865.333, 131
Trd, 258865.450, 121
Trd, 258865.483, 113
Trd, 258865.883, 129
Trd, 258865.933, 128
Trd, 258866.200, 119
Trd, 258866.333, 91
Trd, 258866.800, 84
Trd, 258867.517, 97
Trd, 258867.783, 98
Trd, 258868.017, 98
Trd, 258868.300, 119
Trd, 258868.417, 97
Trd, 258868.667, 121
Trd, 258869.017, 122
Trd, 258869.317, 102
Trd, 258869.533, 121
Trd, 258869.750, 105
Trd, 258869.833, 118
Trd, 258870.000, 117
Trd, 258870.250, 111
Trd, 258870.283, 110
Trd, 258870.433, 111
Trd, 258870.467, 112
Trd, 258870.533, 104
Trd, 258870.933, 112
Trd, 258871.100, 112
Trd, 258871.233, 112
Trd, 258871.317, 113
Trd, 258871.417, 114
Trd, 258871.500, 120
Trd, 258871.533, 113
Trd, 258872.033, 112
Trd, 258872.217, 120
Trd, 258872.283, 121
Trd, 258872.300, 105
Trd, 258873.017, 133
Trd, 258873.183, 136
Trd, 258873.217, 136
Trd, 258873.250, 135
Trd, 258873.400, 136
Trd, 258873.783, 132
Trd, 258873.967, 134
Trd, 258874.067, 119
Trd, 258874.317, 129
Trd, 258874.400, 130
Trd, 258874.467, 120
Trd, 258874.650, 120
Trd, 258874.683, 119
Trd, 258874.717, 130
Trd, 258874.750, 108
Trd, 258875.850, 140
Trd, 258875.983, 140
Trd, 258876.083, 140
Trd, 258876.150, 140
Trd, 258876.200, 140
Trd, 258876.217, 139
Trd, 258876.233, 65
Trd, 258876.817, 140
Trd, 258876.950, 140
Trd, 258877.433, 140
Trd, 258877.517, 140
Trd, 258877.800, 140
Trd, 258877.850, 140
Trd, 258877.883, 140
Trd, 258878.100, 86
Trd, 258878.300, 84
Trd, 258878.833, 101
Trd, 258879.050, 140
Trd, 258879.567, 140
Trd, 258879.667, 140
Trd, 258879.683, 96
Trd, 258879.733, 95
Trd, 258880.533, 118
Trd, 258880.633, 92
Trd, 258880.800, 91
Trd, 258880.833, 127
Trd, 258881.350, 126
Trd, 258881.367, 127
Trd, 258881.417, 127
Trd, 258881.667, 119
Trd, 258881.783, 117
Trd, 258881.900, 119
Trd, 258882.333, 116
Trd, 258882.350, 118
Trd, 258882.367, 120
Trd, 258882.433, 125
Trd, 258882.517, 135
Trd, 258882.700, 140
Trd, 258883.017, 140
Trd, 258883.883, 140
Trd, 258884.100, 140
Trd, 258884.117, 140
Trd, 258884.267, 140
Trd, 258884.550, 140
Trd, 258884.767, 140
Trd, 258884.833, 140
Trd, 258884.983, 140
Trd, 258885.533, 140
Trd, 258885.983, 140
Trd, 258886.183, 139
Trd, 258886.200, 138
Trd, 258886.467, 140
Trd, 258886.483, 136
Trd, 258886.600, 125
Trd, 258886.633, 125
Trd, 258887.083, 125
Trd, 258887.367, 121
Trd, 258887.417, 121
Trd, 258887.500, 123
Trd, 258887.667, 124
Trd, 258887.767, 125
Trd, 258887.950, 123
Trd, 258888.050, 120
Trd, 258888.183, 123
Trd, 258888.650, 124
Trd, 258888.717, 97
Trd, 258889.017, 86
Trd, 258889.633, 89
Trd, 258889.650, 123
Trd, 258889.767, 125
Trd, 258890.383, 93
Trd, 258890.700, 94
Trd, 258890.900, 138
Trd, 258891.000, 137
Trd, 258891.450, 140
Trd, 258891.483, 140
Trd, 258891.600, 139
Trd, 258891.900, 126
Trd, 258891.917, 125
Trd, 258892.050, 139
Trd, 258892.367, 139
Trd, 258892.400, 140
Trd, 258892.783, 135
Trd, 258893.017, 134
Trd, 258893.500, 135
Trd, 258893.667, 135
Trd, 258893.700, 133
Trd, 258893.783, 136
Trd, 258894.000, 136
Trd, 258894.200, 136
Trd, 258894.383, 137
Trd, 258894.567, 137
Trd, 258894.700, 136
Trd, 258894.750, 135
Trd, 258894.850, 140
Trd, 258895.333, 140
Trd, 258895.400, 138
Trd, 258895.717, 128
Trd, 258896.000, 138
Trd, 258896.233, 138
Trd, 258896.517, 128
Trd, 258896.667, 127
Trd, 258896.783, 125
Trd, 258897.083, 135
Trd, 258897.367, 137
Trd, 258897.717, 137
Trd, 258897.917, 133
Trd, 258897.967, 132
Trd, 258897.983, 131
Trd, 258898.000, 129
Trd, 258898.300, 134
Trd, 258898.450, 129
Trd, 258898.483, 128
Trd, 258898.567, 111
Trd, 258899.017, 134
Trd, 258899.300, 132
Trd, 258900.200, 129
Trd, 258900.333, 87
Trd, 258900.533, 87
Trd, 258900.600, 126
Trd, 258900.850, 87
Trd, 258901.000, 127
Trd, 258901.117, 87
Trd, 258901.183, 85
Trd, 258901.317, 116
Trd, 258901.400, 98
Trd, 258901.433, 97
Trd, 258901.750, 113
Trd, 258901.767, 82
Trd, 258902.133, 114
Trd, 258902.200, 115
Trd, 258902.483, 98
Trd, 258902.600, 127
Trd, 258902.917, 140
Trd, 258903.400, 140
Trd, 258903.683, 140
Trd, 258903.750, 140
Trd, 258904.050, 140
Trd, 258904.450, 140
Trd, 258904.583, 140
Trd, 258904.717, 140
Trd, 258905.350, 140
Trd, 258905.433, 140
Trd, 258905.550, 140
Trd, 258905.700, 140
Trd, 258905.733, 140
Trd, 258906.000, 140
Trd, 258906.167, 140
Trd, 258906.333, 140
Trd, 258906.433, 140
Trd, 258906.450, 140
Trd, 258906.683, 140
Trd, 258906.700, 129
Trd, 258906.767, 125
Trd, 258907.417, 134
Trd, 258907.450, 133
Trd, 258907.650, 136
Trd, 258907.750, 126
Trd, 258907.833, 125
Trd, 258908.300, 130
Trd, 258908.417, 128
Trd, 258908.583, 131
Trd, 258908.917, 127
Trd, 258908.983, 130
Trd, 258909.033, 131
Trd, 258909.317, 140
Trd, 258909.633, 140
Trd, 258909.717, 140
Trd, 258909.800, 131
Trd, 258909.883, 127
Trd, 258910.067, 127
Trd, 258910.967, 140
Trd, 258911.200, 139
Trd, 258911.383, 136
Trd, 258912.200, 140
Trd, 258912.283, 140
Trd, 258912.333, 140
Trd, 258913.017, 140
Trd, 258913.267, 140
Trd, 258913.350, 140
Trd, 258913.367, 140
Trd, 258913.667, 140
Trd, 258913.733, 140
Trd, 258913.767, 140
Trd, 258913.883, 140
Trd, 258913.900, 140
Trd, 258914.017, 140
Trd, 258914.033, 140
Trd, 258914.100, 139
Trd, 258914.733, 140
Trd, 258914.917, 140
Trd, 258915.117, 140
Trd, 258915.300, 140
Trd, 258915.767, 140
Trd, 258915.800, 139
Trd, 258916.533, 140
Trd, 258916.650, 140
Trd, 258916.850, 140
Trd, 258917.033, 140
Trd, 258917.100, 139
Trd, 258917.167, 136
Trd, 258917.333, 136
Trd, 258917.483, 136
Trd, 258917.517, 135
Trd, 258917.567, 126
Trd, 258917.750, 125
Trd, 258917.900, 136
Trd, 258918.050, 125
Trd, 258918.600, 126
Trd, 258918.683, 127
Trd, 258918.833, 126
Trd, 258918.967, 128
Trd, 258919.117, 126
Trd, 258919.200, 124
Trd, 258919.350, 129
Trd, 258919.383, 130
Trd, 258919.517, 121
Trd, 258919.833, 137
Trd, 258920.150, 106
Trd, 258920.367, 106
Trd, 258920.667, 108
Trd, 258920.700, 107
Trd, 258920.933, 124
Trd, 258920.983, 109
Trd, 258921.033, 95
Trd, 258921.383, 60
Trd, 258922.050, 60
Trd, 258922.617, 60
Trd, 258922.767, 60
Trd, 258922.833, 60
Trd, 258922.867, 60
Trd, 258923.183, 60
Trd, 258923.233, 60
Trd, 258923.250, 60
Trd, 258923.500, 60
Trd, 258923.533, 60
Trd, 258923.550, 64
Trd, 258924.017, 61
Trd, 258924.600, 60
Trd, 258924.833, 60
Trd, 258924.883, 60
Trd, 258925.750, 61
Trd, 258925.900, 62
Trd, 258926.383, 64
Trd, 258926.500, 63
Trd, 258926.717, 64
Trd, 258926.833, 67
Trd, 258927.133, 79
Trd, 258927.200, 81
Trd, 258927.267, 69
Trd, 258927.517, 89
Trd, 258927.550, 69
Trd, 258927.633, 95
Trd, 258927.650, 101
Trd, 258927.750, 76
Trd, 258928.333, 140
Trd, 258928.633, 140
Trd, 258928.667, 140
Trd, 258928.750, 140
Trd, 258928.800, 140
Trd, 258928.850, 140
Trd, 258929.167, 139
Trd, 258929.433, 140
Trd, 258929.617, 140
Trd, 258929.650, 140
Trd, 258930.533, 140
Trd, 258931.500, 140
Trd, 258931.517, 140
Trd, 258931.900, 140
Trd, 258932.417, 140
Trd, 258933.700, 140
Trd, 258933.917, 140
Trd, 258933.983, 140
Trd, 258934.000, 140
Trd, 258934.133, 140
Trd, 258934.183, 140
Trd, 258934.200, 140
Trd, 258934.383, 140
Trd, 258934.417, 140
Trd, 258934.833, 140
Trd, 258934.867, 140
Trd, 258935.033, 140
Trd, 258935.233, 140
Trd, 258935.250, 140
Trd, 258935.683, 140
Trd, 258935.750, 140
Trd, 258935.833, 140
Trd, 258936.017, 140
Trd, 258936.417, 140
Trd, 258936.617, 140
Trd, 258936.867, 140
Trd, 258936.950, 140
Trd, 258937.100, 138
Trd, 258937.283, 124
Trd, 258937.333, 123
Trd, 258937.633, 132
Trd, 258937.783, 72
Trd, 258937.983, 139
Trd, 258938.900, 140
Trd, 258939.167, 140
Trd, 258939.750, 140
Trd, 258939.883, 140
Trd, 258939.950, 140
Trd, 258940.000, 140
Trd, 258940.083, 140
Trd, 258940.150, 140
Trd, 258940.350, 139
Trd, 258940.933, 140
Trd, 258940.950, 140
Trd, 258940.983, 139
Trd, 258941.017, 138
Trd, 258941.117, 140
Trd, 258941.367, 135
Trd, 258941.550, 135
Trd, 258941.567, 88
Trd, 258941.667, 87
Trd, 258942.283, 135
Trd, 258942.317, 138
Trd, 258942.433, 135
Trd, 258942.517, 138
Trd, 258942.900, 135
Trd, 258943.050, 138
Trd, 258943.217, 137
Trd, 258943.367, 137
Trd, 258944.300, 140
Trd, 258944.517, 140
Trd, 258944.683, 140
Trd, 258944.817, 140
Trd, 258944.917, 140
Trd, 258944.950, 140
Trd, 258945.350, 140
Trd, 258945.550, 140
Trd, 258945.600, 140
Trd, 258946.533, 140
Trd, 258946.967, 140
Trd, 258947.150, 140
Trd, 258947.250, 140
Trd, 258947.533, 140
Trd, 258947.817, 140
Trd, 258948.000, 140
Trd, 258948.083, 140
Trd, 258948.100, 140
Trd, 258948.117, 140
Trd, 258948.300, 140
Trd, 258948.783, 140
Trd, 258948.967, 128
Trd, 258949.050, 139
Trd, 258949.167, 140
Trd, 258949.217, 127
Trd, 258949.317, 140
Trd, 258949.350, 139
Trd, 258949.667, 134
Trd, 258949.733, 133
Trd, 258949.850, 140
Trd, 258949.867, 132
Trd, 258950.033, 126
Trd, 258950.067, 120
Trd, 258950.767, 122
Trd, 258951.150, 140
Trd, 258951.367, 140
Trd, 258951.583, 140
Trd, 258951.767, 135
Trd, 258952.033, 123
Trd, 258952.483, 113
Trd, 258952.917, 117
Trd, 258953.400, 125
Trd, 258953.417, 113
Trd, 258953.433, 112
Trd, 258953.450, 127
Trd, 258953.500, 131
Trd, 258953.750, 137
Trd, 258953.767, 138
Trd, 258953.800, 136
Trd, 258954.317, 113
Trd, 258954.400, 111
Trd, 258954.533, 124
Trd, 258955.167, 111
Trd, 258955.550, 125
Trd, 258955.850, 137
Trd, 258955.967, 116
Trd, 258956.267, 140
Trd, 258956.367, 140
Trd, 258956.433, 140
Trd, 258956.467, 140
Trd, 258956.617, 140
Trd, 258956.750, 140
Trd, 258956.767, 136
Trd, 258957.117, 140
Trd, 258957.183, 140
Trd, 258957.250, 139
Trd, 258957.533, 140
Trd, 258957.567, 140
Trd, 258957.933, 140
Trd, 258958.417, 140
Trd, 258958.450, 140
Trd, 258958.950, 137
Trd, 258959.417, 140
Trd, 258959.833, 140
Trd, 258960.017, 138
Trd, 258960.050, 136
Trd, 258960.067, 134
Trd, 258960.200, 135
Trd, 258960.217, 139
Trd, 258960.433, 140
Trd, 258960.450, 139
Trd, 258960.750, 136
Trd, 258960.833, 135
Trd, 258961.067, 134
Trd, 258961.083, 133
Trd, 258961.200, 109
Trd, 258961.333, 89
Trd, 258961.833, 60
Trd, 258962.233, 63
Trd, 258962.433, 68
Trd, 258962.717, 65
Trd, 258962.950, 133
Trd, 258963.217, 133
Trd, 258963.467, 133
Trd, 258964.067, 131
Trd, 258964.200, 82
Trd, 258964.633, 129
Trd, 258964.817, 89
Trd, 258964.950, 128
Trd, 258965.033, 132
Trd, 258965.167, 91
Trd, 258965.650, 100
Trd, 258965.800, 140
Trd, 258965.950, 100
Trd, 258966.417, 140
Trd, 258966.483, 140
Trd, 258966.517, 140
Trd, 258966.850, 140
Trd, 258967.300, 140
Trd, 258967.733, 140
Trd, 258967.817, 140
Trd, 258968.267, 140
Trd, 258968.833, 140
Trd, 258969.350, 140
Trd, 258969.767, 140
Trd, 258969.817, 140
Trd, 258969.883, 140
Trd, 258970.217, 140
Trd, 258970.350, 140
Trd, 258970.517, 140
Trd, 258970.683, 140
Trd, 258970.733, 140
Trd, 258970.767, 140
Trd, 258970.950, 140
Trd, 258971.167, 140
Trd, 258971.200, 140
Trd, 258971.267, 140
Trd, 258971.317, 140
Trd, 258971.417, 140
Trd, 258971.533, 140
Trd, 258971.767, 140
Trd, 258971.783, 140
Trd, 258971.850, 139
Trd, 258972.117, 140
Trd, 258972.317, 140
Trd, 258972.367, 133
Trd, 258972.400, 126
Trd, 258972.433, 125
Trd, 258972.500, 136
Trd, 258972.767, 134
Trd, 258972.867, 103
Trd, 258972.950, 132
Trd, 258973.067, 126
Trd, 258973.250, 61
Trd, 258973.267, 62
Trd, 258973.533, 63
Trd, 258973.583, 83
Trd, 258973.717, 132
Trd, 258973.767, 134
Trd, 258973.883, 139
Trd, 258974.133, 129
Trd, 258974.850, 140
Trd, 258975.983, 140
Trd, 258976.717, 140
Trd, 258977.200, 140
Trd, 258977.467, 140
Trd, 258977.817, 140
Trd, 258977.833, 140
Trd, 258978.000, 140
Trd, 258978.467, 140
Trd, 258978.617, 140
Trd, 258979.150, 140
Trd, 258979.783, 140
Trd, 258979.817, 140
Trd, 258979.850, 140
Trd, 258979.967, 140
Trd, 258980.300, 140
Trd, 258981.400, 140
Trd, 258981.700, 140
Trd, 258981.967, 140
Trd, 258982.533, 140
Trd, 258982.600, 140
Trd, 258982.917, 140
Trd, 258983.217, 140
Trd, 258983.233, 140
Trd, 258983.317, 140
Trd, 258983.350, 139
Trd, 258983.383, 139
Trd, 258983.600, 140
Trd, 258983.617, 139
Trd, 258983.833, 139
Trd, 258983.983, 138
Trd, 258984.100, 138
Trd, 258984.133, 137
Trd, 258984.200, 128
Trd, 258984.583, 138
Trd, 258984.617, 125
Trd, 258984.650, 112
Trd, 258984.667, 139
Trd, 258985.033, 98
Trd, 258985.433, 125
Trd, 258985.767, 116
Trd, 258986.150, 137
Trd, 258986.300, 109
Trd, 258986.333, 108
Trd, 258986.500, 111
Trd, 258986.600, 137
Trd, 258986.733, 110
Trd, 258987.300, 109
Trd, 258987.400, 119
Trd, 258987.417, 120
Trd, 258987.533, 137
Trd, 258988.367, 139
Trd, 258988.767, 140
Trd, 258989.000, 140
Trd, 258989.217, 140
Trd, 258989.600, 140
Trd, 258989.633, 140
Trd, 258989.650, 140
Trd, 258989.767, 140
Trd, 258989.850, 140
Trd, 258990.117, 135
Trd, 258990.200, 136
Trd, 258990.417, 135
Trd, 258990.567, 140
Trd, 258990.600, 134
Trd, 258990.917, 134
Trd, 258991.017, 121
Trd, 258991.250, 120
Trd, 258991.417, 120
Trd, 258991.883, 111
Trd, 258992.050, 123
Trd, 258992.217, 124
Trd, 258992.517, 126
Trd, 258992.567, 114
Trd, 258992.883, 113
Trd, 258993.250, 119
Trd, 258993.617, 115
Trd, 258993.783, 121
Trd, 258993.800, 122
Trd, 258993.817, 113
Trd, 258993.883, 112
Trd, 258994.083, 114
Trd, 258994.533, 113
Trd, 258994.750, 114
Trd, 258994.833, 113
Trd, 258994.983, 113
Trd, 258995.133, 113
Trd, 258995.200, 112
Trd, 258995.267, 114
Trd, 258995.300, 106
Trd, 258995.317, 122
Trd, 258995.400, 92
Trd, 258995.817, 60
Trd, 258995.950, 60
Trd, 258996.883, 60
Trd, 258997.017, 60
Trd, 258997.333, 61
Trd, 258997.400, 62
Trd, 258997.567, 64
Trd, 258997.633, 66
Trd, 258997.783, 64
Trd, 258997.833, 64
Trd, 258997.850, 65
Trd, 258998.333, 61
Trd, 258998.500, 66
Trd, 258998.600, 67
Trd, 258998.950, 66
Trd, 258999.033, 62
Trd, 258999.100, 74
Trd, 258999.200, 72
Trd, 258999.383, 73
Trd, 258999.483, 60
Trd, 258999.500, 74
Trd, 258999.583, 86
Trd, 258999.650, 117
Trd, 259001.350, 140
Trd, 259001.767, 140
Trd, 259002.200, 140
Trd, 259002.967, 140
Trd, 259003.467, 140
Trd, 259003.483, 140
Trd, 259003.500, 140
Trd, 259003.733, 140
Trd, 259003.783, 140
Trd, 259003.800, 140
Trd, 259003.883, 140
Trd, 259004.017, 140
Trd, 259004.183, 140
Trd, 259004.533, 140
Trd, 259004.633, 140
Trd, 259004.717, 140
Trd, 259004.883, 140
Trd, 259004.917, 140
Trd, 259004.950, 140
Trd, 259005.000, 140
Trd, 259005.200, 140
Trd, 259005.350, 139
Trd, 259005.483, 134
Trd, 259006.233, 134
Trd, 259006.300, 122
Trd, 259006.367, 118
Trd, 259006.750, 128
Trd, 259006.850, 128
Trd, 259007.317, 126
Trd, 259007.467, 110
Trd, 259007.633, 126
Trd, 259008.133, 107
Trd, 259008.233, 107
Trd, 259008.283, 108
Trd, 259008.517, 107
Trd, 259008.800, 108
Trd, 259009.017, 107
Trd, 259009.117, 107
Trd, 259009.183, 107
Trd, 259009.300, 108
Trd, 259009.500, 109
Trd, 259009.517, 112
Trd, 259009.633, 108
Trd, 259009.683, 107
Trd, 259009.717, 121
Trd, 259009.833, 104
Trd, 259010.317, 140
Trd, 259010.333, 140
Trd, 259010.433, 140
Trd, 259010.633, 139
Trd, 259010.700, 138
Trd, 259011.050, 124
Trd, 259011.733, 140
Trd, 259012.350, 140
Trd, 259012.433, 140
Trd, 259013.783, 140
Trd, 259013.800, 140
Trd, 259014.767, 140
Trd, 259014.850, 140
Trd, 259014.883, 140
Trd, 259014.933, 140
Trd, 259014.983, 140
Trd, 259015.233, 140
Trd, 259015.250, 140
Trd, 259015.617, 140
Trd, 259015.933, 140
Trd, 259016.017, 140
Trd, 259016.083, 140
Trd, 259016.117, 140
Trd, 259016.133, 140
Trd, 259016.433, 140
Trd, 259016.517, 140
Trd, 259016.650, 140
Trd, 259016.683, 140
Trd, 259016.717, 139
Trd, 259016.883, 140
Trd, 259017.100, 140
Trd, 259017.183, 140
Trd, 259017.200, 140
Trd, 259017.500, 140
Trd, 259018.067, 140
Trd, 259018.100, 139
Trd, 259018.250, 139
Trd, 259018.400, 135
Trd, 259018.500, 129
Trd, 259018.700, 139
Trd, 259019.367, 138
Trd, 259019.500, 139
Trd, 259019.583, 132
Trd, 259020.333, 137
Trd, 259020.433, 136
Trd, 259020.500, 134
Trd, 259020.817, 133
Trd, 259021.100, 131
Trd, 259021.617, 126
Trd, 259021.633, 131
Trd, 259021.783, 139
Trd, 259021.933, 127
Trd, 259022.150, 126
Trd, 259022.167, 124
Trd, 259022.533, 139
Trd, 259022.767, 137
Trd, 259023.050, 137
Trd, 259023.467, 139
Trd, 259023.500, 139
Trd, 259023.533, 136
Trd, 259023.550, 122
Trd, 259023.817, 138
Trd, 259024.017, 130
Trd, 259024.617, 138
Trd, 259024.667, 139
Trd, 259024.867, 137
Trd, 259025.017, 136
Trd, 259025.100, 136
Trd, 259025.150, 135
Trd, 259025.267, 135
Trd, 259025.333, 134
Trd, 259025.367, 121
Trd, 259025.500, 119
Trd, 259025.567, 134
Trd, 259026.250, 125
Trd, 259026.400, 120
Trd, 259026.450, 91
Trd, 259026.667, 107
Trd, 259026.967, 107
Trd, 259026.983, 127
Trd, 259027.033, 108
Trd, 259027.417, 107
Trd, 259027.900, 124
Trd, 259028.233, 120
Trd, 259028.367, 69
Trd, 259028.500, 68
Trd, 259028.700, 116
Trd, 259028.733, 117
Trd, 259028.900, 93
Trd, 259029.000, 118
Trd, 259029.200, 93
Trd, 259029.367, 117
Trd, 259030.050, 112
Trd, 259030.133, 113
Trd, 259030.483, 112
Trd, 259030.600, 113
Trd, 259030.733, 103
Trd, 259031.000, 114
Trd, 259031.333, 105
Trd, 259031.650, 107
Trd, 259031.900, 130
Trd, 259032.217, 138
Trd, 259032.283, 140
Trd, 259032.333, 105
Trd, 259032.467, 106
Trd, 259032.567, 116
Trd, 259033.083, 106
Trd, 259033.450, 106
Trd, 259033.483, 129
Trd, 259033.533, 130
Trd, 259033.583, 132
Trd, 259033.633, 105
Trd, 259033.833, 128
Trd, 259034.100, 102
Trd, 259034.317, 120
Trd, 259034.383, 93
Trd, 259034.950, 132
Trd, 259035.300, 102
Trd, 259035.400, 106
Trd, 259035.817, 103
Trd, 259035.950, 133
Trd, 259037.200, 140
Trd, 259037.383, 140
Trd, 259037.467, 140
Trd, 259037.483, 140
Trd, 259037.783, 140
Trd, 259038.033, 140
Trd, 259038.733, 140
Trd, 259038.817, 140
Trd, 259038.983, 140
Trd, 259039.000, 140
Trd, 259039.017, 140
Trd, 259039.150, 140
Trd, 259039.200, 140
Trd, 259039.233, 138
Trd, 259039.583, 127
Trd, 259039.800, 132
Trd, 259039.917, 134
Trd, 259039.983, 120
Trd, 259040.200, 111
Trd, 259040.850, 113
Trd, 259040.883, 130
Trd, 259040.950, 131
Trd, 259041.000, 112
Trd, 259041.050, 110
Trd, 259041.067, 132
Trd, 259041.317, 68
Trd, 259041.450, 67
Trd, 259041.517, 68
Trd, 259041.583, 69
Trd, 259042.617, 140
Trd, 259042.767, 140
Trd, 259042.867, 140
Trd, 259043.550, 140
Trd, 259043.600, 140
Trd, 259043.617, 140
Trd, 259043.950, 139
Trd, 259043.983, 139
Trd, 259044.000, 137
Trd, 259044.100, 125
Trd, 259044.167, 140
Trd, 259044.800, 125
Trd, 259045.050, 133
Trd, 259045.350, 134
Trd, 259045.417, 136
Trd, 259045.433, 129
Trd, 259045.483, 124
Trd, 259045.750, 99
Trd, 259045.783, 98
Trd, 259045.883, 140
Trd, 259045.900, 140
Trd, 259046.083, 140
Trd, 259046.150, 87
Trd, 259046.450, 140
Trd, 259046.467, 140
Trd, 259046.483, 130
Trd, 259046.717, 74
Trd, 259047.383, 140
Trd, 259047.400, 138
Trd, 259047.717, 139
Trd, 259047.850, 137
Trd, 259048.083, 140
Trd, 259048.283, 63
Trd, 259048.883, 69
Trd, 259048.900, 70
Trd, 259049.150, 60
Trd, 259049.783, 60
Trd, 259050.133, 60
Trd, 259050.183, 60
Trd, 259050.450, 60
Trd, 259050.583, 62
Trd, 259051.517, 60
Trd, 259051.683, 60
Trd, 259051.700, 60
Trd, 259051.717, 60
Trd, 259051.850, 62
Trd, 259051.883, 60
Trd, 259051.983, 61
Trd, 259052.050, 61
Trd, 259052.200, 62
Trd, 259052.250, 63
Trd, 259052.317, 62
Trd, 259052.400, 63
Trd, 259052.483, 62
Trd, 259052.617, 62
Trd, 259053.617, 77
Trd, 259053.783, 77
Trd, 259053.800, 76
Trd, 259054.000, 99
Trd, 259054.017, 76
Trd, 259054.100, 77
Trd, 259054.183, 119
Trd, 259055.017, 140
Trd, 259055.117, 140
Trd, 259055.667, 140
Trd, 259055.783, 140
Trd, 259055.850, 140
Trd, 259056.100, 140
Trd, 259056.850, 140
Trd, 259057.067, 140
Trd, 259057.417, 140
Trd, 259057.650, 140
Trd, 259057.700, 140
Trd, 259058.050, 140
Trd, 259058.250, 140
Trd, 259058.300, 140
Trd, 259059.117, 140
Trd, 259059.133, 140
Trd, 259059.200, 140
Trd, 259059.217, 140
Trd, 259059.267, 140
Trd, 259059.350, 139
Trd, 259059.417, 125
Trd, 259059.500, 124
Trd, 259059.683, 136
Trd, 259059.833, 117
Trd, 259060.100, 134
Trd, 259060.267, 69
Trd, 259060.983, 134
Trd, 259061.033, 99
Trd, 259061.233, 98
Trd, 259061.267, 97
Trd, 259061.717, 140
Trd, 259061.817, 140
Trd, 259061.950, 140
Trd, 259062.567, 140
Trd, 259062.900, 140
Trd, 259063.000, 140
Trd, 259063.017, 140
Trd, 259063.050, 139
Trd, 259063.067, 139
Trd, 259063.233, 137
Trd, 259063.833, 137
Trd, 259063.850, 136
Trd, 259064.067, 140
Trd, 259064.967, 140
Trd, 259065.167, 140
Trd, 259065.183, 140
Trd, 259065.233, 140
Trd, 259065.383, 140
Trd, 259065.867, 140
Trd, 259065.933, 140
Trd, 259066.017, 140
Trd, 259066.083, 136
Trd, 259066.450, 135
Trd, 259066.850, 136
Trd, 259067.150, 135
Trd, 259067.217, 135
Trd, 259067.250, 122
Trd, 259067.483, 136
Trd, 259067.517, 137
Trd, 259067.850, 139
Trd, 259067.900, 134
Trd, 259068.000, 140
Trd, 259068.083, 132
Trd, 259068.750, 140
Trd, 259069.083, 140
Trd, 259069.150, 140
Trd, 259069.517, 140
Trd, 259069.817, 140
Trd, 259070.150, 140
Trd, 259070.183, 140
Trd, 259070.817, 140
Trd, 259070.917, 140
Trd, 259071.067, 140
Trd, 259071.500, 140
Trd, 259071.600, 140
Trd, 259072.433, 140
Trd, 259072.467, 140
Trd, 259072.533, 140
Trd, 259072.700, 140
Trd, 259072.717, 140
Trd, 259072.733, 138
Trd, 259072.817, 138
Trd, 259073.200, 127
Trd, 259073.467, 128
Trd, 259073.700, 129
Trd, 259073.750, 130
Trd, 259073.783, 126
Trd, 259073.917, 125
Trd, 259074.250, 131
Trd, 259074.500, 131
Trd, 259074.717, 132
Trd, 259074.783, 130
Trd, 259075.067, 140
Trd, 259075.150, 138
Trd, 259075.167, 116
Trd, 259075.717, 107
Trd, 259075.833, 107
Trd, 259075.983, 107
Trd, 259076.017, 106
Trd, 259076.133, 111
Trd, 259076.417, 95
Trd, 259076.583, 112
Trd, 259076.617, 94
Trd, 259076.833, 111
Trd, 259077.150, 140
Trd, 259077.633, 89
Trd, 259077.983, 140
Trd, 259078.733, 140
Trd, 259078.767, 140
Trd, 259079.217, 140
Trd, 259079.683, 140
Trd, 259079.733, 140
Trd, 259079.867, 140
Trd, 259080.033, 140
Trd, 259080.950, 140
Trd, 259080.967, 140
Trd, 259081.300, 140
Trd, 259081.683, 140
Trd, 259081.817, 140
Trd, 259082.133, 140
Trd, 259082.500, 140
Trd, 259082.683, 140
Trd, 259083.033, 140
Trd, 259083.350, 140
Trd, 259083.417, 140
Trd, 259083.450, 140
Trd, 259084.067, 132
Trd, 259084.083, 131
Trd, 259084.250, 131
Trd, 259084.300, 130
Trd, 259084.600, 119
Trd, 259084.717, 118
Trd, 259084.767, 126
Trd, 259084.800, 112
Trd, 259084.900, 127
Trd, 259085.283, 66
Trd, 259085.333, 70
Trd, 259085.533, 60
Trd, 259085.833, 60
Trd, 259086.050, 60
Trd, 259086.133, 60
Trd, 259086.167, 66
Trd, 259086.267, 75
Trd, 259086.617, 81
Trd, 259086.650, 92
Trd, 259087.117, 129
Trd, 259087.250, 131
Trd, 259087.400, 66
Trd, 259087.850, 70
Trd, 259087.900, 67
Trd, 259087.917, 65
Trd, 259088.117, 70
Trd, 259088.767, 66
Trd, 259088.783, 67
Trd, 259088.817, 68
Trd, 259088.833, 70
Trd, 259088.983, 88
Trd, 259089.250, 118
Trd, 259089.467, 74
Trd, 259090.100, 140
Trd, 259090.350, 140
Trd, 259090.400, 137
Trd, 259090.517, 125
Trd, 259090.833, 138
Trd, 259091.050, 81
Trd, 259092.133, 134
Trd, 259092.150, 133
Trd, 259092.483, 140
Trd, 259092.750, 133
Trd, 259092.883, 132
Trd, 259093.300, 137
Trd, 259093.433, 133
Trd, 259093.500, 131
Trd, 259094.233, 121
Trd, 259094.367, 120
Trd, 259094.383, 119
Trd, 259094.467, 118
Trd, 259094.517, 93
Trd, 259094.617, 119
Trd, 259094.683, 120
Trd, 259094.733, 121
Trd, 259094.750, 122
Trd, 259094.850, 94
Trd, 259095.000, 133
Trd, 259095.417, 98
Trd, 259095.500, 97
Trd, 259095.700, 136
Trd, 259096.017, 102
Trd, 259096.150, 101
Trd, 259096.417, 101
Trd, 259096.467, 100
Trd, 259096.767, 96
Trd, 259096.867, 121
Trd, 259096.883, 125
Trd, 259097.117, 78
Trd, 259097.450, 126
Trd, 259097.567, 127
Trd, 259097.717, 105
Trd, 259098.150, 123
Trd, 259098.283, 123
Trd, 259098.300, 122
Trd, 259098.317, 103
Trd, 259099.000, 112
Trd, 259099.067, 113
Trd, 259099.300, 76
Trd, 259099.317, 73
Trd, 259099.333, 114
Trd, 259099.367, 118
Trd, 259099.733, 118
Trd, 259099.750, 104
Trd, 259099.850, 119
Trd, 259100.267, 106
Trd, 259100.300, 105
Trd, 259100.450, 104
Trd, 259101.017, 140
Trd, 259101.233, 140
Trd, 259101.283, 140
Trd, 259101.467, 140
Trd, 259101.517, 140
Trd, 259102.767, 140
Trd, 259102.883, 140
Trd, 259103.217, 140
Trd, 259103.533, 139
Trd, 259103.650, 139
Trd, 259103.700, 138
Trd, 259103.733, 138
Trd, 259104.467, 140
Trd, 259104.950, 140
Trd, 259105.000, 140
Trd, 259105.083, 140
Trd, 259105.200, 140
Trd, 259105.267, 140
Trd, 259105.283, 139
Trd, 259105.367, 126
Trd, 259105.733, 132
Trd, 259105.850, 130
Trd, 259106.383, 111
Trd, 259106.967, 117
Trd, 259107.117, 130
Trd, 259107.167, 133
Trd, 259107.250, 134
Trd, 259107.350, 96
Trd, 259107.467, 98
Trd, 259107.850, 133
Trd, 259108.217, 116
Trd, 259108.283, 117
Trd, 259108.483, 132
Trd, 259108.500, 118
Trd, 259108.617, 117
Trd, 259108.783, 117
Trd, 259108.933, 133
Trd, 259109.000, 116
Trd, 259109.233, 115
Trd, 259109.583, 116
Trd, 259109.617, 117
Trd, 259109.833, 117
Trd, 259109.983, 115
Trd, 259110.033, 129
Trd, 259110.800, 105
Trd, 259110.900, 97
Trd, 259111.117, 61
Trd, 259111.167, 62
Trd, 259111.850, 83
Trd, 259112.133, 78
Trd, 259112.183, 120
Trd, 259112.283, 121
Trd, 259112.533, 80
Trd, 259112.633, 121
Trd, 259112.900, 122
Trd, 259113.000, 123
Trd, 259113.133, 82
Trd, 259113.250, 81
Trd, 259113.467, 119
Trd, 259113.950, 117
Trd, 259114.250, 118
Trd, 259114.300, 86
Trd, 259114.367, 123
Trd, 259114.383, 132
Trd, 259114.400, 86
Trd, 259114.533, 84
Trd, 259115.067, 89
Trd, 259115.700, 90
Trd, 259115.950, 90
Trd, 259116.367, 140
Trd, 259116.550, 140
Trd, 259116.733, 134
Trd, 259116.783, 88
Trd, 259117.383, 140
Trd, 259117.717, 140
Trd, 259117.817, 140
Trd, 259117.917, 140
Trd, 259118.150, 140
Trd, 259118.317, 140
Trd, 259118.367, 97
Trd, 259118.667, 109
Trd, 259118.917, 140
Trd, 259119.133, 140
Trd, 259119.167, 140
Trd, 259120.100, 140
Trd, 259120.283, 140
Trd, 259120.550, 140
Trd, 259120.567, 140
Trd, 259120.633, 140
Trd, 259120.667, 140
Trd, 259120.700, 140
Trd, 259120.783, 140
Trd, 259120.817, 140
Trd, 259121.050, 140
Trd, 259121.150, 138
Trd, 259121.583, 117
Trd, 259121.950, 136
Trd, 259122.050, 138
Trd, 259122.367, 121
Trd, 259122.383, 138
Trd, 259122.633, 120
Trd, 259122.650, 83
Trd, 259122.767, 136
Trd, 259123.117, 127
Trd, 259123.350, 94
Trd, 259123.750, 93
Trd, 259124.100, 60
Trd, 259124.333, 60
Trd, 259124.400, 60
Trd, 259124.433, 61
Trd, 259124.600, 63
Trd, 259125.933, 60
Trd, 259125.950, 60
Trd, 259126.267, 60
Trd, 259126.300, 61
Trd, 259126.433, 64
Trd, 259126.450, 63
Trd, 259126.517, 62
Trd, 259126.617, 64
Trd, 259126.733, 65
Trd, 259126.783, 65
Trd, 259127.017, 79
Trd, 259127.100, 80
Trd, 259127.267, 67
Trd, 259127.883, 117
Trd, 259127.950, 118
Trd, 259128.000, 117
Trd, 259128.067, 119
Trd, 259128.233, 117
Trd, 259128.267, 135
Trd, 259128.567, 121
Trd, 259128.950, 133
Trd, 259129.050, 134
Trd, 259129.100, 107
Trd, 259129.117, 106
Trd, 259129.150, 105
Trd, 259129.817, 134
Trd, 259129.867, 109
Trd, 259129.883, 108
Trd, 259130.233, 121
Trd, 259130.383, 120
Trd, 259130.500, 129
Trd, 259130.667, 129
Trd, 259130.700, 119
Trd, 259130.933, 104
Trd, 259130.967, 130
Trd, 259131.150, 139
Trd, 259131.267, 97
Trd, 259131.417, 68
Trd, 259132.483, 140
Trd, 259132.550, 140
Trd, 259133.150, 140
Trd, 259133.567, 140
Trd, 259134.033, 140
Trd, 259134.117, 140
Trd, 259134.383, 140
Trd, 259134.467, 140
Trd, 259134.917, 140
Trd, 259134.950, 140
Trd, 259135.067, 140
Trd, 259135.133, 140
Trd, 259135.267, 140
Trd, 259135.583, 140
Trd, 259135.717, 140
Trd, 259135.917, 140
Trd, 259135.950, 140
Trd, 259136.117, 140
Trd, 259136.367, 139
Trd, 259136.400, 139
Trd, 259136.600, 137
Trd, 259136.667, 123
Trd, 259137.033, 140
Trd, 259137.067, 123
Trd, 259137.200, 134
Trd, 259137.367, 123
Trd, 259137.467, 122
Trd, 259137.600, 95
Trd, 259137.850, 83
Trd, 259137.950, 136
Trd, 259138.433, 138
Trd, 259139.117, 138
Trd, 259139.167, 137
Trd, 259139.183, 139
Trd, 259139.783, 140
Trd, 259140.300, 140
Trd, 259140.417, 140
Trd, 259140.617, 140
Trd, 259140.717, 140
Trd, 259140.733, 140
Trd, 259140.750, 139
Trd, 259140.800, 139
Trd, 259141.000, 140
Trd, 259141.017, 140
Trd, 259141.417, 140
Trd, 259141.517, 140
Trd, 259142.017, 140
Trd, 259142.050, 140
Trd, 259142.167, 137
Trd, 259142.267, 107
Trd, 259142.667, 107
Trd, 259142.750, 126
Trd, 259142.917, 127
Trd, 259142.967, 108
Trd, 259143.000, 107
Trd, 259143.250, 87
Trd, 259143.467, 140
Trd, 259143.500, 118
Trd, 259144.033, 135
Trd, 259144.333, 134
Trd, 259144.450, 136
Trd, 259144.583, 137
Trd, 259144.667, 116
Trd, 259144.817, 116
Trd, 259144.867, 138
Trd, 259145.100, 117
Trd, 259145.250, 138
Trd, 259145.467, 116
Trd, 259146.083, 61
Trd, 259146.350, 63
Trd, 259146.733, 60
Trd, 259146.883, 60
Trd, 259147.517, 60
Trd, 259148.150, 60
Trd, 259148.183, 60
Trd, 259148.200, 60
Trd, 259148.267, 61
Trd, 259148.300, 61
Trd, 259148.383, 61
Trd, 259148.500, 62
Trd, 259148.550, 61
Trd, 259148.650, 62
Trd, 259149.000, 62
Trd, 259149.100, 63
Trd, 259149.400, 62
Trd, 259149.833, 104
Trd, 259149.867, 63
Trd, 259150.200, 138
Trd, 259150.517, 139
Trd, 259151.133, 139
Trd, 259151.600, 140
Trd, 259151.667, 140
Trd, 259152.000, 140
Trd, 259152.100, 139
Trd, 259152.683, 140
Trd, 259152.800, 140
Trd, 259153.717, 140
Trd, 259153.983, 140
Trd, 259154.000, 140
Trd, 259154.017, 139
Trd, 259154.050, 139
Trd, 259154.333, 139
Trd, 259154.400, 138
Trd, 259154.567, 136
Trd, 259154.667, 138
Trd, 259154.700, 135
Trd, 259154.967, 135
Trd, 259155.350, 125
Trd, 259155.550, 125
Trd, 259155.600, 125
Trd, 259155.750, 124
Trd, 259155.800, 125
Trd, 259156.000, 123
Trd, 259156.217, 124
Trd, 259156.300, 106
Trd, 259156.517, 126
Trd, 259156.583, 135
Trd, 259156.917, 99
Trd, 259156.983, 135
Trd, 259157.000, 136
Trd, 259158.133, 139
Trd, 259158.467, 140
Trd, 259158.483, 139
Trd, 259159.617, 140
Trd, 259160.083, 140
Trd, 259160.100, 140
Trd, 259160.133, 140
Trd, 259160.183, 140
Trd, 259160.350, 140
Trd, 259160.400, 140
Trd, 259161.250, 140
Trd, 259161.833, 140
Trd, 259161.983, 140
Trd, 259162.317, 140
Trd, 259162.467, 140
Trd, 259162.483, 139
Trd, 259162.833, 140
Trd, 259163.067, 140
Trd, 259163.150, 139
Trd, 259163.167, 139
Trd, 259163.417, 136
Trd, 259163.567, 132
Trd, 259163.883, 128
Trd, 259163.917, 93
Trd, 259164.150, 106
Trd, 259164.533, 76
Trd, 259165.250, 108
Trd, 259165.283, 110
Trd, 259165.500, 111
Trd, 259165.867, 94
Trd, 259165.933, 106
Trd, 259166.017, 104
Trd, 259166.083, 99
Trd, 259166.167, 107
Trd, 259166.183, 98
Trd, 259166.333, 107
Trd, 259166.467, 107
Trd, 259166.600, 108
Trd, 259167.317, 105
Trd, 259167.467, 106
Trd, 259167.517, 107
Trd, 259167.533, 105
Trd, 259167.900, 104
Trd, 259167.983, 102
Trd, 259168.067, 108
Trd, 259168.133, 122
Trd, 259168.233, 140
Trd, 259168.317, 98
Trd, 259168.383, 140
Trd, 259168.767, 92
Trd, 259169.100, 96
Trd, 259169.683, 104
Trd, 259170.050, 101
Trd, 259170.183, 109
Trd, 259170.550, 103
Trd, 259170.750, 103
Trd, 259171.083, 104
Trd, 259171.283, 103
Trd, 259171.350, 104
Trd, 259171.367, 105
Trd, 259171.400, 102
Trd, 259171.450, 106
Trd, 259171.533, 98
Trd, 259171.683, 98
Trd, 259171.833, 103
Trd, 259172.017, 94
Trd, 259172.167, 103
Trd, 259172.300, 98
Trd, 259173.367, 78
Trd, 259173.550, 78
Trd, 259173.583, 77
Trd, 259173.600, 78
Trd, 259173.967, 85
Trd, 259174.100, 84
Trd, 259174.300, 115
Trd, 259174.900, 140
Trd, 259174.950, 140
Trd, 259175.183, 140
Trd, 259175.450, 140
Trd, 259175.617, 140
Trd, 259175.800, 140
Trd, 259175.817, 140
Trd, 259175.917, 140
Trd, 259176.217, 140
Trd, 259176.633, 140
Trd, 259176.950, 140
Trd, 259177.117, 140
Trd, 259177.217, 140
Trd, 259177.517, 140
Trd, 259177.633, 140
Trd, 259177.883, 140
Trd, 259177.933, 140
Trd, 259178.217, 139
Trd, 259178.300, 138
Trd, 259178.783, 140
Trd, 259178.950, 140
Trd, 259179.000, 139
Trd, 259179.150, 137
Trd, 259179.250, 116
Trd, 259179.317, 140
Trd, 259179.667, 135
Trd, 259179.683, 109
Trd, 259180.083, 138
Trd, 259180.233, 137
Trd, 259180.417, 138
Trd, 259180.433, 135
Trd, 259180.583, 140
Trd, 259181.083, 139
Trd, 259181.367, 138
Trd, 259181.567, 139
Trd, 259181.700, 131
Trd, 259181.733, 131
Trd, 259182.200, 131
Trd, 259182.433, 136
Trd, 259182.650, 136
Trd, 259182.733, 136
Trd, 259182.833, 135
Trd, 259182.900, 134
Trd, 259182.933, 130
Trd, 259183.183, 135
Trd, 259184.300, 125
Trd, 259184.433, 127
Trd, 259184.567, 125
Trd, 259184.767, 124
Trd, 259184.933, 121
Trd, 259185.267, 91
Trd, 259185.300, 124
Trd, 259185.367, 114
Trd, 259185.467, 91
Trd, 259185.667, 123
Trd, 259185.767, 90
Trd, 259185.883, 124
Trd, 259186.333, 136
Trd, 259186.367, 137
Trd, 259186.467, 136
Trd, 259186.783, 138
Trd, 259186.917, 68
Trd, 259187.133, 65
Trd, 259187.350, 140
Trd, 259187.383, 140
Trd, 259187.433, 140
Trd, 259187.583, 123
Trd, 259187.617, 122
Trd, 259188.817, 140
Trd, 259188.883, 140
Trd, 259189.033, 140
Trd, 259189.167, 140
Trd, 259189.200, 140
Trd, 259189.633, 140
Trd, 259189.783, 140
Trd, 259190.067, 140
Trd, 259190.217, 140
Trd, 259190.250, 140
Trd, 259190.600, 140
Trd, 259191.050, 140
Trd, 259191.133, 140
Trd, 259191.450, 140
Trd, 259191.683, 140
Trd, 259191.717, 140
Trd, 259191.950, 140
Trd, 259192.167, 140
Trd, 259192.233, 139
Trd, 259192.283, 140
Trd, 259192.517, 140
Trd, 259192.717, 140
Trd, 259192.850, 130
Trd, 259192.950, 140
Trd, 259192.967, 129
Trd, 259193.033, 124
Trd, 259193.933, 136
Trd, 259194.000, 136
Trd, 259194.133, 136
Trd, 259194.417, 136
Trd, 259194.433, 135
Trd, 259194.550, 121
Trd, 259194.650, 93
Trd, 259195.183, 131
Trd, 259195.267, 132
Trd, 259195.633, 129
Trd, 259195.983, 140
Trd, 259196.017, 140
Trd, 259196.050, 140
Trd, 259196.150, 140
Trd, 259196.400, 140
Trd, 259196.617, 114
Trd, 259196.767, 139
Trd, 259196.833, 113
Trd, 259197.383, 140
Trd, 259197.467, 140
Trd, 259197.817, 140
Trd, 259198.083, 140
Trd, 259199.000, 140
Trd, 259199.117, 140
Trd, 259199.167, 140
Trd, 259199.417, 140
Trd, 259199.633, 140
Trd, 259199.833, 140
Trd, 259199.883, 140
