Trd, 258566.700, 139
Trd, 258567.000, 138
Trd, 258567.083, 137
Trd, 258567.283, 122
Trd, 258567.617, 125
Trd, 258567.667, 126
Trd, 258567.683, 118
Trd, 258567.867, 128
Trd, 258568.000, 135
Trd, 258568.467, 126
Trd, 258568.550, 111
Trd, 258568.600, 104
Trd, 258569.233, 138
Trd, 258569.333, 126
Trd, 258569.617, 117
Trd, 258570.083, 116
Trd, 258570.117, 114
Trd, 258570.283, 117
Trd, 258570.700, 103
Trd, 258571.017, 117
Trd, 258571.183, 118
Trd, 258571.217, 121
Trd, 258571.367, 92
Trd, 258571.433, 93
Trd, 258571.700, 101
Trd, 258571.750, 86
Trd, 258572.183, 89
Trd, 258572.417, 107
Trd, 258573.050, 109
Trd, 258573.150, 118
Trd, 258573.283, 102
Trd, 258573.467, 129
Trd, 258573.567, 118
Trd, 258574.133, 105
Trd, 258574.367, 91
Trd, 258574.617, 106
Trd, 258574.683, 115
Trd, 258575.083, 140
Trd, 258575.367, 104
Trd, 258575.433, 120
Trd, 258575.517, 123
Trd, 258576.150, 134
Trd, 258576.683, 135
Trd, 258576.850, 107
Trd, 258577.333, 108
Trd, 258577.883, 109
Trd, 258577.900, 110
Trd, 258578.150, 111
Trd, 258578.483, 109
Trd, 258578.683, 106
Trd, 258578.883, 106
Trd, 258579.000, 105
Trd, 258579.317, 110
Trd, 258579.450, 138
Trd, 258579.767, 98
Trd, 258580.333, 112
Trd, 258580.417, 98
Trd, 258580.533, 113
Trd, 258581.067, 110
Trd, 258581.317, 112
Trd, 258581.833, 90
Trd, 258581.967, 104
Trd, 258582.033, 117
Trd, 258582.350, 123
Trd, 258582.383, 126
Trd, 258582.417, 122
Trd, 258583.133, 129
Trd, 258583.417, 132
Trd, 258584.117, 126
Trd, 258584.483, 125
Trd, 258584.683, 114
Trd, 258584.883, 138
Trd, 258585.917, 140
Trd, 258586.217, 132
Trd, 258586.533, 123
Trd, 258586.650, 125
Trd, 258587.167, 123
Trd, 258587.350, 113
Trd, 258587.517, 114
Trd, 258587.683, 101
Trd, 258588.017, 99
Trd, 258588.067, 96
Trd, 258588.083, 103
Trd, 258588.167, 125
Trd, 258588.300, 109
Trd, 258588.483, 140
Trd, 258588.783, 120
Trd, 258588.850, 116
Trd, 258588.933, 140
Trd, 258589.417, 138
Trd, 258589.733, 98
Trd, 258590.167, 84
Trd, 258590.300, 87
Trd, 258591.450, 119
Trd, 258591.467, 119
Trd, 258591.983, 135
Trd, 258592.017, 132
Trd, 258592.183, 135
Trd, 258592.267, 126
Trd, 258592.367, 126
Trd, 258592.650, 118
Trd, 258592.683, 127
Trd, 258592.733, 117
Trd, 258592.833, 112
Trd, 258593.033, 110
Trd, 258593.117, 136
Trd, 258593.333, 98
Trd, 258594.017, 139
Trd, 258594.133, 110
Trd, 258594.317, 98
Trd, 258594.967, 125
Trd, 258595.367, 128
Trd, 258596.000, 132
Trd, 258596.233, 129
Trd, 258596.650, 111
Trd, 258596.867, 123
Trd, 258596.933, 131
Trd, 258597.117, 118
Trd, 258597.300, 117
Trd, 258597.367, 105
Trd, 258598.533, 125
Trd, 258598.633, 120
Trd, 258598.733, 112
Trd, 258599.250, 121
Trd, 258599.517, 119
Trd, 258599.567, 122
Trd, 258599.683, 114
Trd, 258599.933, 113
Trd, 258599.950, 121
Trd, 258600.100, 123
Trd, 258600.300, 111
Trd, 258600.550, 128
Trd, 258600.850, 108
Trd, 258600.950, 107
Trd, 258601.633, 140
Trd, 258601.800, 140
Trd, 258601.983, 138
Trd, 258602.083, 138
Trd, 258602.200, 132
Trd, 258602.533, 110
Trd, 258602.650, 130
Trd, 258602.883, 132
Trd, 258602.950, 120
Trd, 258603.550, 110
Trd, 258604.167, 119
Trd, 258605.550, 103
Trd, 258605.567, 89
Trd, 258605.783, 104
Trd, 258605.917, 116
Trd, 258606.017, 118
Trd, 258606.033, 136
Trd, 258606.183, 97
Trd, 258606.467, 89
Trd, 258606.500, 99
Trd, 258606.667, 88
Trd, 258606.717, 81
Trd, 258606.750, 128
Trd, 258607.033, 115
Trd, 258607.083, 126
Trd, 258607.200, 96
Trd, 258607.233, 139
Trd, 258607.350, 92
Trd, 258607.533, 103
Trd, 258607.650, 139
Trd, 258607.950, 88
Trd, 258608.417, 140
Trd, 258608.600, 138
Trd, 258608.967, 131
Trd, 258609.333, 111
Trd, 258609.483, 128
Trd, 258609.883, 126
Trd, 258610.133, 112
Trd, 258610.283, 134
Trd, 258610.433, 134
Trd, 258610.567, 133
Trd, 258610.933, 135
Trd, 258611.133, 119
Trd, 258611.600, 115
Trd, 258611.683, 127
Trd, 258611.700, 110
Trd, 258612.217, 111
Trd, 258612.350, 105
Trd, 258612.517, 97
Trd, 258612.533, 112
Trd, 258612.967, 112
Trd, 258613.050, 91
Trd, 258613.267, 114
Trd, 258613.517, 116
Trd, 258613.967, 108
Trd, 258614.183, 107
Trd, 258614.450, 136
Trd, 258614.667, 96
Trd, 258614.850, 137
Trd, 258615.000, 136
Trd, 258615.383, 83
Trd, 258615.483, 101
Trd, 258615.850, 121
Trd, 258616.067, 138
Trd, 258616.783, 139
Trd, 258617.683, 136
Trd, 258618.567, 134
Trd, 258618.583, 116
Trd, 258618.950, 137
Trd, 258619.300, 115
Trd, 258620.167, 130
Trd, 258620.217, 116
Trd, 258620.483, 113
Trd, 258620.550, 133
Trd, 258620.667, 135
Trd, 258620.800, 128
Trd, 258621.067, 106
Trd, 258621.117, 105
Trd, 258621.317, 124
Trd, 258621.383, 102
Trd, 258621.883, 129
Trd, 258622.083, 127
Trd, 258622.317, 115
Trd, 258622.350, 127
Trd, 258622.450, 129
Trd, 258622.533, 135
Trd, 258622.583, 102
Trd, 258623.050, 101
Trd, 258623.333, 94
Trd, 258623.567, 104
Trd, 258623.583, 93
Trd, 258623.617, 105
Trd, 258624.417, 100
Trd, 258624.783, 94
Trd, 258624.983, 123
Trd, 258625.733, 134
Trd, 258626.033, 120
Trd, 258626.200, 120
Trd, 258626.350, 125
Trd, 258626.617, 130
Trd, 258626.833, 102
Trd, 258627.083, 137
Trd, 258627.367, 138
Trd, 258627.617, 127
Trd, 258627.883, 121
Trd, 258628.000, 124
Trd, 258628.250, 125
Trd, 258628.483, 138
Trd, 258628.800, 124
Trd, 258629.417, 114
Trd, 258629.433, 113
Trd, 258629.450, 109
Trd, 258630.467, 139
Trd, 258630.833, 112
Trd, 258631.083, 129
Trd, 258631.183, 140
Trd, 258631.300, 125
Trd, 258631.700, 121
Trd, 258631.800, 120
Trd, 258632.017, 121
Trd, 258632.200, 139
Trd, 258632.533, 139
Trd, 258632.600, 121
Trd, 258632.717, 127
Trd, 258633.000, 118
Trd, 258633.633, 112
Trd, 258634.100, 104
Trd, 258634.117, 103
Trd, 258634.400, 95
Trd, 258634.467, 107
Trd, 258634.683, 129
Trd, 258634.767, 97
Trd, 258634.883, 129
Trd, 258634.967, 129
Trd, 258635.050, 112
Trd, 258635.450, 131
Trd, 258635.467, 95
Trd, 258636.367, 125
Trd, 258636.450, 126
Trd, 258636.633, 122
Trd, 258637.300, 110
Trd, 258637.367, 102
Trd, 258637.467, 97
Trd, 258637.717, 93
Trd, 258638.600, 132
Trd, 258638.683, 131
Trd, 258639.483, 135
Trd, 258639.800, 139
Trd, 258639.833, 134
Trd, 258640.200, 107
Trd, 258640.517, 115
Trd, 258640.617, 118
Trd, 258640.633, 104
Trd, 258640.767, 117
Trd, 258640.783, 89
Trd, 258641.483, 113
Trd, 258641.800, 140
Trd, 258641.967, 139
Trd, 258642.033, 136
Trd, 258642.150, 120
Trd, 258642.500, 140
Trd, 258642.600, 110
Trd, 258642.817, 110
Trd, 258643.233, 105
Trd, 258643.283, 106
Trd, 258643.533, 116
Trd, 258643.617, 120
Trd, 258644.117, 116
Trd, 258644.433, 132
Trd, 258644.767, 122
Trd, 258645.283, 132
Trd, 258645.433, 121
Trd, 258645.517, 130
Trd, 258645.617, 103
Trd, 258645.733, 110
Trd, 258645.750, 104
Trd, 258645.767, 132
Trd, 258646.283, 118
Trd, 258646.500, 119
Trd, 258646.667, 104
Trd, 258647.183, 104
Trd, 258647.250, 129
Trd, 258647.283, 92
Trd, 258647.350, 81
Trd, 258647.650, 90
Trd, 258648.167, 121
Trd, 258648.200, 131
Trd, 258648.850, 89
Trd, 258649.133, 133
Trd, 258649.283, 140
Trd, 258649.417, 118
Trd, 258649.583, 117
Trd, 258649.983, 126
Trd, 258650.783, 104
Trd, 258651.233, 134
Trd, 258651.300, 93
Trd, 258651.417, 92
Trd, 258651.667, 122
Trd, 258651.700, 89
Trd, 258652.150, 115
Trd, 258652.167, 109
Trd, 258652.483, 124
Trd, 258652.583, 99
Trd, 258652.817, 126
Trd, 258652.867, 123
Trd, 258653.317, 83
Trd, 258653.467, 128
Trd, 258653.767, 102
Trd, 258653.867, 104
Trd, 258654.017, 105
Trd, 258654.150, 139
Trd, 258654.717, 110
Trd, 258654.883, 112
Trd, 258655.033, 99
Trd, 258655.333, 113
Trd, 258655.733, 110
Trd, 258656.017, 102
Trd, 258656.800, 114
Trd, 258656.850, 115
Trd, 258657.350, 140
Trd, 258657.500, 103
Trd, 258657.767, 126
Trd, 258657.833, 102
Trd, 258658.417, 100
Trd, 258658.450, 138
Trd, 258658.467, 99
Trd, 258658.517, 95
Trd, 258658.850, 128
Trd, 258658.967, 95
Trd, 258659.367, 121
Trd, 258659.617, 139
Trd, 258659.850, 119
Trd, 258660.017, 116
Trd, 258660.133, 107
Trd, 258660.933, 108
Trd, 258661.383, 116
Trd, 258661.517, 106
Trd, 258661.600, 97
Trd, 258661.650, 114
Trd, 258661.683, 116
Trd, 258661.767, 88
Trd, 258661.867, 94
Trd, 258661.983, 86
Trd, 258662.383, 123
Trd, 258662.617, 116
Trd, 258663.133, 128
Trd, 258663.183, 103
Trd, 258663.767, 106
Trd, 258663.850, 128
Trd, 258664.117, 129
Trd, 258664.217, 136
Trd, 258664.750, 89
Trd, 258665.050, 113
Trd, 258665.400, 110
Trd, 258665.483, 106
Trd, 258665.583, 96
Trd, 258666.300, 140
Trd, 258667.350, 140
Trd, 258667.417, 140
Trd, 258667.583, 135
Trd, 258667.917, 120
Trd, 258668.067, 140
Trd, 258668.767, 118
Trd, 258669.050, 117
Trd, 258669.183, 116
Trd, 258669.233, 114
Trd, 258669.433, 122
Trd, 258669.500, 113
Trd, 258669.617, 126
Trd, 258669.733, 101
Trd, 258669.800, 101
Trd, 258669.967, 129
Trd, 258670.633, 127
Trd, 258670.783, 138
Trd, 258670.933, 119
Trd, 258671.683, 138
Trd, 258671.817, 137
Trd, 258671.917, 137
Trd, 258672.600, 119
Trd, 258672.700, 114
Trd, 258672.917, 138
Trd, 258672.967, 111
Trd, 258673.267, 140
Trd, 258673.617, 125
Trd, 258673.667, 121
Trd, 258674.317, 116
Trd, 258674.500, 132
Trd, 258674.617, 133
Trd, 258674.633, 108
Trd, 258675.417, 111
Trd, 258675.467, 107
Trd, 258675.533, 111
Trd, 258675.800, 111
Trd, 258675.917, 91
Trd, 258676.000, 123
Trd, 258676.017, 89
Trd, 258676.133, 89
Trd, 258676.350, 86
Trd, 258676.550, 94
Trd, 258676.667, 119
Trd, 258677.350, 140
Trd, 258677.767, 140
Trd, 258677.950, 112
Trd, 258678.367, 135
Trd, 258678.383, 119
Trd, 258678.767, 120
Trd, 258678.800, 104
Trd, 258678.950, 139
Trd, 258679.150, 107
Trd, 258680.533, 133
Trd, 258680.600, 106
Trd, 258680.717, 100
Trd, 258681.017, 114
Trd, 258681.250, 92
Trd, 258682.617, 140
Trd, 258682.633, 140
Trd, 258682.650, 138
Trd, 258682.667, 137
Trd, 258682.867, 116
Trd, 258683.183, 125
Trd, 258683.783, 127
Trd, 258683.800, 124
Trd, 258683.833, 117
Trd, 258683.967, 139
Trd, 258684.317, 120
Trd, 258684.383, 117
Trd, 258684.533, 112
Trd, 258684.767, 138
Trd, 258684.867, 124
Trd, 258685.350, 125
Trd, 258685.717, 126
Trd, 258685.950, 126
Trd, 258686.000, 139
Trd, 258686.633, 106
Trd, 258687.167, 124
Trd, 258687.183, 106
Trd, 258687.450, 98
Trd, 258687.750, 98
Trd, 258687.950, 94
Trd, 258687.967, 112
Trd, 258688.117, 91
Trd, 258689.050, 111
Trd, 258689.133, 91
Trd, 258689.383, 112
Trd, 258689.850, 121
Trd, 258690.417, 126
Trd, 258690.467, 132
Trd, 258691.567, 140
Trd, 258691.900, 140
Trd, 258692.000, 139
Trd, 258692.100, 139
Trd, 258692.117, 131
Trd, 258692.233, 114
Trd, 258692.300, 110
Trd, 258692.883, 131
Trd, 258693.200, 126
Trd, 258693.300, 110
Trd, 258693.683, 129
Trd, 258693.983, 126
Trd, 258694.783, 131
Trd, 258695.100, 121
Trd, 258695.250, 120
Trd, 258695.350, 112
Trd, 258695.367, 111
Trd, 258695.517, 134
Trd, 258695.700, 113
Trd, 258695.933, 133
Trd, 258696.567, 119
Trd, 258696.667, 117
Trd, 258696.750, 104
Trd, 258696.817, 133
Trd, 258696.867, 104
Trd, 258697.417, 140
Trd, 258697.583, 140
Trd, 258697.600, 133
Trd, 258697.817, 127
Trd, 258698.217, 138
Trd, 258698.417, 136
Trd, 258698.567, 133
Trd, 258699.400, 137
Trd, 258699.417, 132
Trd, 258699.750, 122
Trd, 258700.650, 124
Trd, 258700.817, 127
Trd, 258700.833, 120
Trd, 258700.983, 117
Trd, 258701.383, 114
Trd, 258701.583, 113
Trd, 258701.767, 116
Trd, 258702.167, 126
Trd, 258702.383, 115
Trd, 258702.550, 117
Trd, 258702.650, 125
Trd, 258703.033, 118
Trd, 258704.000, 116
Trd, 258704.067, 101
Trd, 258704.183, 108
Trd, 258704.333, 121
Trd, 258704.417, 126
Trd, 258704.700, 117
Trd, 258704.900, 119
Trd, 258705.333, 125
Trd, 258705.717, 135
Trd, 258706.050, 106
Trd, 258706.167, 102
Trd, 258706.533, 96
Trd, 258706.967, 125
Trd, 258707.283, 107
Trd, 258707.850, 118
Trd, 258708.033, 121
Trd, 258708.100, 103
Trd, 258708.250, 124
Trd, 258709.367, 140
Trd, 258709.600, 139
Trd, 258709.800, 140
Trd, 258709.817, 138
Trd, 258710.033, 126
Trd, 258710.050, 125
Trd, 258710.533, 139
Trd, 258710.733, 112
Trd, 258710.800, 140
Trd, 258711.083, 140
Trd, 258711.600, 138
Trd, 258712.333, 140
Trd, 258712.617, 138
Trd, 258712.767, 137
Trd, 258712.817, 126
Trd, 258712.917, 117
Trd, 258713.750, 134
Trd, 258713.883, 131
Trd, 258714.050, 123
Trd, 258714.200, 116
Trd, 258714.583, 121
Trd, 258714.817, 115
Trd, 258715.083, 119
Trd, 258715.483, 118
Trd, 258715.617, 119
Trd, 258715.733, 108
Trd, 258715.933, 121
Trd, 258716.600, 104
Trd, 258716.783, 96
Trd, 258716.933, 108
Trd, 258716.950, 94
Trd, 258717.050, 131
Trd, 258717.450, 129
Trd, 258717.750, 128
Trd, 258718.117, 111
Trd, 258718.133, 110
Trd, 258718.233, 122
Trd, 258718.450, 131
Trd, 258718.633, 112
Trd, 258718.717, 105
Trd, 258719.100, 100
Trd, 258719.517, 118
Trd, 258720.000, 113
Trd, 258720.017, 113
Trd, 258720.233, 99
Trd, 258720.417, 125
Trd, 258720.450, 95
Trd, 258721.067, 131
Trd, 258721.100, 128
Trd, 258722.067, 140
Trd, 258722.083, 140
Trd, 258722.300, 129
Trd, 258722.550, 136
Trd, 258722.800, 122
Trd, 258722.867, 140
Trd, 258722.917, 122
Trd, 258722.950, 118
Trd, 258723.267, 107
Trd, 258723.417, 116
Trd, 258723.800, 136
Trd, 258724.000, 126
Trd, 258724.350, 134
Trd, 258724.750, 89
Trd, 258725.283, 140
Trd, 258725.367, 140
Trd, 258725.783, 117
Trd, 258726.333, 117
Trd, 258726.400, 97
Trd, 258726.917, 117
Trd, 258727.533, 101
Trd, 258727.600, 113
Trd, 258727.733, 100
Trd, 258727.750, 97
Trd, 258727.900, 115
Trd, 258728.433, 115
Trd, 258728.533, 112
Trd, 258728.600, 112
Trd, 258728.650, 118
Trd, 258728.767, 140
Trd, 258728.917, 128
Trd, 258729.133, 96
Trd, 258729.517, 94
Trd, 258729.917, 140
Trd, 258730.383, 138
Trd, 258731.000, 137
Trd, 258731.217, 128
Trd, 258731.367, 126
Trd, 258731.617, 130
Trd, 258731.917, 121
Trd, 258732.000, 119
Trd, 258732.200, 117
Trd, 258732.233, 92
Trd, 258732.767, 97
Trd, 258732.967, 128
Trd, 258733.283, 120
Trd, 258733.367, 121
Trd, 258733.383, 115
Trd, 258733.483, 122
Trd, 258733.950, 140
Trd, 258734.083, 138
Trd, 258734.200, 127
Trd, 258734.667, 120
Trd, 258735.283, 134
Trd, 258735.950, 114
Trd, 258735.983, 113
Trd, 258736.433, 102
Trd, 258736.583, 103
Trd, 258736.767, 92
Trd, 258736.833, 104
Trd, 258737.050, 124
Trd, 258737.450, 123
Trd, 258737.483, 121
Trd, 258737.800, 116
Trd, 258737.950, 129
Trd, 258738.267, 122
Trd, 258738.350, 115
Trd, 258738.600, 122
Trd, 258738.683, 102
Trd, 258738.917, 128
Trd, 258739.183, 130
Trd, 258739.583, 108
Trd, 258739.917, 111
Trd, 258739.983, 133
Trd, 258740.233, 122
Trd, 258740.500, 119
Trd, 258740.667, 106
Trd, 258741.500, 119
Trd, 258741.717, 107
Trd, 258741.900, 103
Trd, 258742.583, 120
Trd, 258742.700, 108
Trd, 258743.700, 124
Trd, 258743.800, 124
Trd, 258744.033, 126
Trd, 258744.067, 117
Trd, 258744.400, 109
Trd, 258744.567, 110
Trd, 258744.700, 129
Trd, 258744.767, 109
Trd, 258744.800, 108
Trd, 258745.200, 131
Trd, 258745.517, 126
Trd, 258745.667, 108
Trd, 258745.750, 129
Trd, 258745.833, 104
Trd, 258745.850, 96
Trd, 258745.950, 94
Trd, 258746.500, 125
Trd, 258746.633, 127
Trd, 258747.117, 111
Trd, 258747.617, 106
Trd, 258747.867, 102
Trd, 258748.133, 129
Trd, 258748.417, 92
Trd, 258748.783, 123
Trd, 258749.067, 122
Trd, 258749.383, 134
Trd, 258749.700, 140
Trd, 258749.983, 135
Trd, 258750.183, 125
Trd, 258750.283, 140
Trd, 258750.750, 140
Trd, 258750.817, 140
Trd, 258750.850, 114
Trd, 258751.183, 109
Trd, 258751.533, 108
Trd, 258751.567, 136
Trd, 258752.150, 139
Trd, 258752.167, 127
Trd, 258752.367, 129
Trd, 258752.450, 117
Trd, 258752.717, 116
Trd, 258752.950, 123
Trd, 258752.967, 105
Trd, 258753.683, 133
Trd, 258753.783, 122
Trd, 258754.000, 120
Trd, 258754.150, 113
Trd, 258754.733, 112
Trd, 258754.867, 105
Trd, 258755.233, 118
Trd, 258755.517, 119
Trd, 258755.550, 105
Trd, 258755.683, 121
Trd, 258755.767, 100
Trd, 258755.933, 85
Trd, 258756.017, 122
Trd, 258756.483, 92
Trd, 258756.517, 83
Trd, 258756.783, 120
Trd, 258757.483, 106
Trd, 258757.517, 92
Trd, 258757.733, 131
Trd, 258758.367, 132
Trd, 258758.400, 122
Trd, 258758.600, 100
Trd, 258759.050, 90
Trd, 258760.100, 139
Trd, 258760.583, 138
Trd, 258760.783, 119
Trd, 258761.133, 121
Trd, 258761.200, 113
Trd, 258761.450, 134
Trd, 258761.550, 131
Trd, 258761.750, 112
Trd, 258761.900, 131
Trd, 258761.950, 125
Trd, 258762.233, 98
Trd, 258762.467, 120
Trd, 258762.767, 124
Trd, 258762.850, 112
Trd, 258762.983, 105
Trd, 258763.283, 98
Trd, 258763.500, 131
Trd, 258764.233, 116
Trd, 258764.250, 107
Trd, 258764.367, 105
Trd, 258765.200, 113
Trd, 258765.317, 116
Trd, 258765.350, 110
Trd, 258765.683, 95
Trd, 258766.017, 97
Trd, 258766.050, 115
Trd, 258766.200, 112
Trd, 258766.350, 111
Trd, 258766.533, 112
Trd, 258766.750, 135
Trd, 258767.217, 140
Trd, 258767.383, 139
Trd, 258767.800, 138
Trd, 258768.017, 127
Trd, 258768.583, 137
Trd, 258768.750, 137
Trd, 258769.183, 115
Trd, 258769.233, 113
Trd, 258769.317, 112
Trd, 258769.350, 99
Trd, 258769.367, 95
Trd, 258769.500, 89
Trd, 258769.583, 127
Trd, 258769.950, 120
Trd, 258770.217, 131
Trd, 258770.450, 130
Trd, 258770.933, 122
Trd, 258771.217, 119
Trd, 258771.233, 118
Trd, 258771.833, 132
Trd, 258772.100, 110
Trd, 258772.200, 133
Trd, 258772.583, 106
Trd, 258772.883, 99
Trd, 258773.000, 93
Trd, 258773.350, 116
Trd, 258773.917, 113
Trd, 258774.350, 107
Trd, 258774.483, 120
Trd, 258774.683, 108
Trd, 258774.750, 136
Trd, 258774.850, 140
Trd, 258775.783, 107
Trd, 258775.833, 105
Trd, 258776.083, 135
Trd, 258776.200, 114
Trd, 258776.417, 111
Trd, 258776.767, 135
Trd, 258776.817, 99
Trd, 258776.933, 136
Trd, 258777.050, 90
Trd, 258777.217, 92
Trd, 258777.650, 122
Trd, 258777.833, 140
Trd, 258778.883, 94
Trd, 258779.083, 99
Trd, 258779.133, 89
Trd, 258779.167, 118
Trd, 258779.617, 116
Trd, 258779.717, 84
Trd, 258780.050, 117
Trd, 258780.250, 116
Trd, 258780.517, 101
Trd, 258780.617, 111
Trd, 258780.983, 99
Trd, 258781.017, 117
Trd, 258781.067, 96
Trd, 258782.050, 140
Trd, 258782.183, 137
Trd, 258782.367, 131
Trd, 258782.833, 137
Trd, 258783.517, 111
Trd, 258783.667, 122
Trd, 258783.783, 106
Trd, 258783.883, 94
Trd, 258784.483, 113
Trd, 258784.800, 112
Trd, 258785.050, 115
Trd, 258785.200, 131
Trd, 258785.350, 85
Trd, 258785.367, 132
Trd, 258785.600, 83
Trd, 258786.083, 139
Trd, 258786.483, 139
Trd, 258786.883, 136
Trd, 258787.367, 80
Trd, 258787.550, 96
Trd, 258787.667, 82
Trd, 258788.100, 121
Trd, 258788.367, 122
Trd, 258788.683, 104
Trd, 258789.400, 109
Trd, 258789.450, 110
Trd, 258789.583, 117
Trd, 258790.717, 138
Trd, 258790.767, 129
Trd, 258790.933, 124
Trd, 258791.017, 118
Trd, 258791.217, 132
Trd, 258791.517, 127
Trd, 258791.733, 135
Trd, 258791.750, 138
Trd, 258792.383, 125
Trd, 258792.567, 139
Trd, 258792.667, 131
Trd, 258792.833, 126
Trd, 258793.333, 112
Trd, 258793.633, 110
Trd, 258793.733, 109
Trd, 258793.883, 120
Trd, 258794.317, 118
Trd, 258794.717, 115
Trd, 258794.950, 99
Trd, 258795.033, 116
Trd, 258795.100, 117
Trd, 258795.283, 98
Trd, 258795.400, 97
Trd, 258795.617, 95
Trd, 258795.650, 90
Trd, 258795.950, 86
Trd, 258796.117, 117
Trd, 258796.533, 140
Trd, 258797.000, 140
Trd, 258797.100, 119
Trd, 258797.233, 113
Trd, 258797.283, 109
Trd, 258797.533, 106
Trd, 258797.883, 117
Trd, 258797.900, 112
Trd, 258798.233, 137
Trd, 258798.283, 112
Trd, 258798.483, 136
Trd, 258798.833, 126
Trd, 258799.650, 137
Trd, 258799.667, 127
Trd, 258799.950, 136
Trd, 258800.350, 124
Trd, 258800.683, 140
Trd, 258800.800, 124
Trd, 258800.850, 123
Trd, 258801.050, 115
Trd, 258801.150, 109
Trd, 258801.250, 99
Trd, 258801.283, 116
Trd, 258801.533, 123
Trd, 258801.650, 117
Trd, 258801.783, 88
Trd, 258802.183, 135
Trd, 258802.233, 96
Trd, 258802.433, 135
Trd, 258803.050, 120
Trd, 258803.350, 111
Trd, 258803.517, 127
Trd, 258804.383, 103
Trd, 258804.517, 108
Trd, 258804.533, 109
Trd, 258804.817, 93
Trd, 258804.900, 94
Trd, 258805.433, 127
Trd, 258805.900, 135
Trd, 258806.400, 139
Trd, 258806.600, 135
Trd, 258806.667, 134
Trd, 258807.133, 139
Trd, 258807.467, 128
Trd, 258808.100, 116
Trd, 258808.233, 98
Trd, 258808.567, 99
Trd, 258808.783, 100
Trd, 258808.850, 111
Trd, 258809.183, 88
Trd, 258809.217, 118
Trd, 258809.233, 87
Trd, 258809.333, 87
Trd, 258809.500, 96
Trd, 258809.783, 131
Trd, 258810.033, 126
Trd, 258810.133, 116
Trd, 258810.250, 106
Trd, 258810.867, 91
Trd, 258811.183, 113
Trd, 258811.517, 131
Trd, 258812.000, 106
Trd, 258812.067, 107
Trd, 258812.283, 128
Trd, 258812.583, 103
Trd, 258813.200, 98
Trd, 258813.417, 95
Trd, 258813.550, 116
Trd, 258813.650, 118
Trd, 258813.667, 110
Trd, 258813.750, 104
Trd, 258813.850, 132
Trd, 258814.000, 115
Trd, 258814.183, 140
Trd, 258814.583, 136
Trd, 258814.750, 135
Trd, 258815.350, 126
Trd, 258815.467, 127
Trd, 258815.817, 120
Trd, 258816.333, 119
Trd, 258816.900, 140
Trd, 258817.067, 135
Trd, 258817.200, 136
Trd, 258817.250, 127
Trd, 258818.067, 113
Trd, 258818.483, 124
Trd, 258818.800, 113
Trd, 258819.017, 115
Trd, 258819.417, 120
Trd, 258819.567, 103
Trd, 258819.600, 96
Trd, 258819.883, 94
Trd, 258820.000, 116
Trd, 258820.083, 81
Trd, 258820.233, 76
Trd, 258820.350, 79
Trd, 258820.367, 80
Trd, 258820.433, 98
Trd, 258820.517, 113
Trd, 258821.000, 116
Trd, 258821.050, 116
Trd, 258821.283, 115
Trd, 258821.417, 97
Trd, 258821.450, 117
Trd, 258821.500, 89
Trd, 258822.550, 140
Trd, 258822.583, 140
Trd, 258822.800, 120
Trd, 258822.883, 140
Trd, 258823.083, 112
Trd, 258823.250, 111
Trd, 258823.533, 94
Trd, 258824.083, 107
Trd, 258824.100, 92
Trd, 258824.500, 91
Trd, 258824.583, 87
Trd, 258824.667, 89
Trd, 258824.800, 86
Trd, 258824.850, 62
Trd, 258825.200, 135
Trd, 258826.417, 140
Trd, 258826.767, 140
Trd, 258826.800, 139
Trd, 258827.250, 137
Trd, 258827.350, 128
Trd, 258828.083, 127
Trd, 258828.133, 136
Trd, 258828.383, 133
Trd, 258828.567, 116
Trd, 258828.600, 132
Trd, 258828.917, 134
Trd, 258828.983, 127
Trd, 258829.050, 112
Trd, 258829.083, 123
Trd, 258829.400, 108
Trd, 258829.500, 101
Trd, 258829.583, 101
Trd, 258829.700, 99
Trd, 258829.733, 107
Trd, 258829.850, 96
Trd, 258830.050, 108
Trd, 258830.333, 108
Trd, 258830.350, 84
Trd, 258830.467, 83
Trd, 258830.583, 109
Trd, 258830.667, 122
Trd, 258831.217, 93
Trd, 258831.433, 140
Trd, 258832.733, 138
Trd, 258832.883, 127
Trd, 258832.967, 106
Trd, 258833.083, 109
Trd, 258833.283, 104
Trd, 258833.917, 111
Trd, 258834.017, 107
Trd, 258834.533, 119
Trd, 258835.083, 121
Trd, 258835.217, 116
Trd, 258835.383, 116
Trd, 258835.750, 140
Trd, 258836.000, 140
Trd, 258836.733, 124
Trd, 258837.117, 126
Trd, 258837.167, 122
Trd, 258837.233, 121
Trd, 258837.750, 111
Trd, 258837.917, 101
Trd, 258838.233, 132
Trd, 258838.317, 100
Trd, 258838.400, 96
Trd, 258838.700, 113
Trd, 258838.800, 126
Trd, 258839.050, 122
Trd, 258839.433, 121
Trd, 258839.700, 103
Trd, 258839.867, 101
Trd, 258839.983, 122
Trd, 258840.133, 91
Trd, 258840.317, 94
Trd, 258840.817, 104
Trd, 258841.667, 95
Trd, 258841.767, 98
Trd, 258841.967, 94
Trd, 258842.033, 123
Trd, 258842.133, 124
Trd, 258842.400, 79
Trd, 258842.667, 103
Trd, 258842.900, 105
Trd, 258843.083, 121
Trd, 258843.967, 124
Trd, 258843.983, 107
Trd, 258844.000, 105
Trd, 258844.117, 125
Trd, 258844.150, 99
Trd, 258844.217, 139
Trd, 258844.700, 140
Trd, 258844.717, 106
Trd, 258844.950, 91
Trd, 258845.433, 119
Trd, 258845.483, 119
Trd, 258846.083, 126
Trd, 258846.417, 133
Trd, 258846.583, 115
Trd, 258846.683, 133
Trd, 258846.850, 112
Trd, 258847.500, 132
Trd, 258847.633, 100
Trd, 258848.133, 120
Trd, 258848.583, 126
Trd, 258849.067, 137
Trd, 258849.417, 140
Trd, 258849.500, 140
Trd, 258849.567, 138
Trd, 258849.583, 135
Trd, 258850.050, 115
Trd, 258850.917, 140
Trd, 258850.933, 140
Trd, 258850.983, 140
Trd, 258851.250, 122
Trd, 258851.583, 118
Trd, 258851.800, 111
Trd, 258852.050, 116
Trd, 258852.183, 118
Trd, 258852.217, 105
Trd, 258852.267, 120
Trd, 258852.500, 91
Trd, 258852.833, 132
Trd, 258853.117, 115
Trd, 258853.667, 90
Trd, 258853.783, 130
Trd, 258854.100, 104
Trd, 258854.450, 107
Trd, 258854.567, 108
Trd, 258855.467, 104
Trd, 258855.750, 103
Trd, 258856.033, 99
Trd, 258856.117, 87
Trd, 258856.150, 85
Trd, 258856.167, 80
Trd, 258856.350, 110
Trd, 258856.683, 87
Trd, 258856.783, 105
Trd, 258857.067, 87
Trd, 258857.217, 114
Trd, 258857.733, 86
Trd, 258858.067, 93
Trd, 258858.150, 114
Trd, 258858.233, 84
Trd, 258858.517, 114
Trd, 258858.667, 114
Trd, 258858.833, 115
Trd, 258859.433, 128
Trd, 258859.800, 121
Trd, 258859.967, 117
Trd, 258860.283, 112
Trd, 258860.400, 119
Trd, 258860.550, 118
Trd, 258860.567, 119
Trd, 258860.617, 120
Trd, 258861.050, 129
Trd, 258861.350, 108
Trd, 258861.683, 117
Trd, 258861.817, 107
Trd, 258861.900, 101
Trd, 258862.633, 121
Trd, 258862.867, 112
Trd, 258863.400, 120
Trd, 258863.583, 123
Trd, 258863.717, 124
Trd, 258863.800, 116
Trd, 258864.483, 113
Trd, 258864.850, 125
Trd, 258864.900, 94
Trd, 258864.983, 137
Trd, 258865.133, 93
Trd, 258865.367, 133
Trd, 258865.617, 134
Trd, 258866.167, 140
Trd, 258866.317, 138
Trd, 258866.800, 140
Trd, 258866.867, 129
Trd, 258867.300, 108
Trd, 258868.150, 132
Trd, 258868.217, 125
Trd, 258868.267, 123
Trd, 258868.583, 137
Trd, 258868.783, 120
Trd, 258869.283, 125
Trd, 258869.317, 126
Trd, 258869.400, 109
Trd, 258869.667, 89
Trd, 258869.783, 85
Trd, 258870.017, 82
Trd, 258870.100, 124
Trd, 258870.317, 81
Trd, 258871.167, 84
Trd, 258871.350, 96
Trd, 258871.483, 90
Trd, 258871.633, 94
Trd, 258871.767, 96
Trd, 258871.800, 92
Trd, 258871.950, 97
Trd, 258872.033, 112
Trd, 258872.483, 108
Trd, 258872.767, 126
Trd, 258872.883, 83
Trd, 258873.267, 128
Trd, 258873.600, 86
Trd, 258873.883, 122
Trd, 258874.067, 133
Trd, 258874.533, 102
Trd, 258874.800, 125
Trd, 258874.917, 126
Trd, 258875.433, 121
Trd, 258875.483, 126
Trd, 258875.933, 140
Trd, 258876.183, 134
Trd, 258877.050, 139
Trd, 258877.117, 130
Trd, 258877.550, 130
Trd, 258877.817, 124
Trd, 258878.417, 134
Trd, 258878.450, 135
Trd, 258878.483, 117
Trd, 258878.800, 133
Trd, 258878.933, 128
Trd, 258878.950, 112
Trd, 258878.967, 110
Trd, 258879.333, 131
Trd, 258879.383, 128
Trd, 258879.583, 129
Trd, 258879.633, 128
Trd, 258879.750, 123
Trd, 258879.833, 131
Trd, 258879.950, 132
Trd, 258880.033, 125
Trd, 258880.417, 86
Trd, 258880.867, 139
Trd, 258881.033, 121
Trd, 258881.367, 138
Trd, 258881.517, 115
Trd, 258881.583, 111
Trd, 258881.900, 94
Trd, 258882.217, 130
Trd, 258882.583, 112
Trd, 258882.967, 113
Trd, 258883.433, 136
Trd, 258883.583, 124
Trd, 258883.617, 119
Trd, 258883.633, 138
Trd, 258883.700, 111
Trd, 258884.167, 93
Trd, 258884.183, 96
Trd, 258884.483, 140
Trd, 258884.933, 129
Trd, 258885.533, 139
Trd, 258885.700, 126
Trd, 258885.883, 140
Trd, 258886.033, 123
Trd, 258886.050, 113
Trd, 258886.283, 137
Trd, 258886.733, 122
Trd, 258886.850, 140
Trd, 258887.483, 140
Trd, 258887.900, 140
Trd, 258888.283, 138
Trd, 258888.617, 118
Trd, 258888.767, 108
Trd, 258889.033, 109
Trd, 258889.167, 106
Trd, 258889.267, 117
Trd, 258889.417, 102
Trd, 258889.583, 102
Trd, 258889.767, 108
Trd, 258889.850, 101
Trd, 258890.033, 111
Trd, 258890.417, 95
Trd, 258890.600, 119
Trd, 258890.700, 120
Trd, 258890.733, 88
Trd, 258891.817, 140
Trd, 258892.183, 140
Trd, 258892.283, 140
Trd, 258892.450, 140
Trd, 258892.750, 140
Trd, 258893.083, 138
Trd, 258893.133, 136
Trd, 258893.167, 112
Trd, 258893.733, 126
Trd, 258893.883, 119
Trd, 258894.167, 120
Trd, 258894.733, 128
Trd, 258895.183, 126
Trd, 258895.617, 106
Trd, 258896.017, 126
Trd, 258896.383, 103
Trd, 258896.483, 105
Trd, 258896.750, 128
Trd, 258896.767, 129
Trd, 258896.817, 133
Trd, 258896.883, 122
Trd, 258897.467, 125
Trd, 258897.717, 119
Trd, 258897.917, 91
Trd, 258898.017, 122
Trd, 258898.267, 103
Trd, 258898.617, 97
Trd, 258898.967, 120
Trd, 258899.017, 118
Trd, 258899.167, 136
Trd, 258899.283, 108
Trd, 258899.333, 138
Trd, 258899.483, 107
Trd, 258899.700, 139
Trd, 258900.317, 125
Trd, 258900.467, 108
Trd, 258900.750, 117
Trd, 258900.850, 122
Trd, 258900.917, 116
Trd, 258901.183, 114
Trd, 258901.383, 103
Trd, 258901.667, 132
Trd, 258901.833, 128
Trd, 258901.950, 94
Trd, 258902.683, 99
Trd, 258903.500, 104
Trd, 258903.550, 105
Trd, 258903.583, 98
Trd, 258903.833, 92
Trd, 258903.917, 106
Trd, 258903.983, 106
Trd, 258904.167, 87
Trd, 258904.383, 107
Trd, 258904.467, 103
Trd, 258904.567, 85
Trd, 258905.483, 81
Trd, 258905.533, 106
Trd, 258905.617, 107
Trd, 258905.700, 93
Trd, 258906.250, 112
Trd, 258906.367, 109
Trd, 258906.700, 110
Trd, 258906.800, 109
Trd, 258906.900, 97
Trd, 258907.283, 117
Trd, 258907.467, 124
Trd, 258907.700, 72
Trd, 258907.800, 100
Trd, 258907.867, 131
Trd, 258908.217, 106
Trd, 258908.500, 105
Trd, 258908.600, 108
Trd, 258909.050, 101
Trd, 258909.150, 102
Trd, 258909.300, 103
Trd, 258909.367, 94
Trd, 258909.400, 108
Trd, 258909.933, 104
Trd, 258909.950, 129
Trd, 258910.350, 112
Trd, 258910.533, 94
Trd, 258911.333, 73
Trd, 258911.583, 81
Trd, 258912.450, 113
Trd, 258912.617, 115
Trd, 258913.833, 103
Trd, 258913.883, 110
Trd, 258914.267, 119
Trd, 258914.283, 126
Trd, 258914.317, 104
Trd, 258914.467, 140
Trd, 258914.500, 108
Trd, 258914.550, 106
Trd, 258914.583, 121
Trd, 258914.867, 105
Trd, 258914.950, 105
Trd, 258915.350, 121
Trd, 258915.500, 115
Trd, 258915.667, 91
Trd, 258915.833, 125
Trd, 258915.917, 137
Trd, 258916.183, 73
Trd, 258916.250, 74
Trd, 258916.667, 85
Trd, 258917.617, 140
Trd, 258917.750, 124
Trd, 258918.250, 121
Trd, 258918.383, 139
Trd, 258918.533, 119
Trd, 258918.700, 111
Trd, 258919.167, 118
Trd, 258919.183, 109
Trd, 258919.333, 128
Trd, 258919.417, 96
Trd, 258919.633, 122
Trd, 258919.800, 128
Trd, 258920.100, 134
Trd, 258920.550, 122
Trd, 258920.950, 128
Trd, 258921.467, 105
Trd, 258921.867, 109
Trd, 258922.067, 128
Trd, 258922.583, 122
Trd, 258922.933, 130
Trd, 258923.033, 119
Trd, 258923.133, 111
Trd, 258923.333, 100
Trd, 258923.500, 107
Trd, 258924.083, 104
Trd, 258924.217, 93
Trd, 258924.267, 106
Trd, 258924.833, 92
Trd, 258925.117, 124
Trd, 258925.267, 137
Trd, 258925.483, 91
Trd, 258926.567, 139
Trd, 258927.067, 128
Trd, 258927.633, 127
Trd, 258927.750, 129
Trd, 258927.950, 128
Trd, 258928.283, 134
Trd, 258928.417, 138
Trd, 258928.650, 139
Trd, 258928.917, 127
Trd, 258928.967, 110
Trd, 258929.233, 109
Trd, 258929.650, 125
Trd, 258929.950, 138
Trd, 258930.717, 97
Trd, 258930.767, 124
Trd, 258930.833, 91
Trd, 258930.867, 132
Trd, 258931.050, 138
Trd, 258931.567, 134
Trd, 258931.783, 116
Trd, 258932.000, 134
Trd, 258932.167, 99
Trd, 258932.183, 89
Trd, 258932.333, 114
Trd, 258932.417, 115
Trd, 258933.100, 137
Trd, 258933.483, 105
Trd, 258933.533, 99
Trd, 258933.667, 120
Trd, 258933.883, 118
Trd, 258934.083, 130
Trd, 258934.117, 122
Trd, 258934.433, 117
Trd, 258935.150, 125
Trd, 258935.450, 117
Trd, 258935.750, 129
Trd, 258935.817, 116
Trd, 258935.900, 107
Trd, 258935.950, 105
Trd, 258936.183, 103
Trd, 258936.250, 110
Trd, 258936.900, 139
Trd, 258936.967, 138
Trd, 258937.317, 117
Trd, 258937.583, 119
Trd, 258937.633, 114
Trd, 258938.167, 92
Trd, 258938.300, 114
Trd, 258938.950, 138
Trd, 258939.083, 137
Trd, 258939.250, 97
Trd, 258939.767, 135
Trd, 258939.800, 125
Trd, 258939.867, 111
Trd, 258939.983, 117
Trd, 258940.333, 100
Trd, 258940.717, 128
Trd, 258940.900, 97
Trd, 258941.000, 95
Trd, 258941.117, 82
Trd, 258941.283, 129
Trd, 258941.417, 130
Trd, 258941.683, 120
Trd, 258942.250, 124
Trd, 258942.283, 123
Trd, 258942.550, 125
Trd, 258942.817, 118
Trd, 258942.900, 114
Trd, 258943.267, 138
Trd, 258943.700, 119
Trd, 258944.167, 130
Trd, 258944.233, 134
Trd, 258944.283, 129
Trd, 258944.333, 103
Trd, 258944.700, 140
Trd, 258944.850, 140
Trd, 258944.900, 118
Trd, 258945.283, 121
Trd, 258945.750, 120
Trd, 258945.933, 121
Trd, 258946.017, 119
Trd, 258946.100, 134
Trd, 258946.800, 140
Trd, 258947.250, 118
Trd, 258947.467, 117
Trd, 258948.000, 115
Trd, 258948.350, 117
Trd, 258948.417, 110
Trd, 258948.633, 118
Trd, 258948.817, 138
Trd, 258949.750, 111
Trd, 258949.767, 109
Trd, 258950.433, 132
Trd, 258950.850, 133
Trd, 258951.067, 124
Trd, 258951.117, 106
Trd, 258951.183, 97
Trd, 258951.467, 138
Trd, 258951.583, 130
Trd, 258951.767, 105
Trd, 258952.233, 133
Trd, 258952.267, 126
Trd, 258952.900, 111
Trd, 258953.067, 104
Trd, 258953.167, 128
Trd, 258953.317, 111
Trd, 258953.983, 99
Trd, 258954.083, 134
Trd, 258954.417, 120
Trd, 258954.633, 125
Trd, 258954.800, 134
Trd, 258955.150, 130
Trd, 258955.233, 112
Trd, 258955.983, 135
Trd, 258956.567, 140
Trd, 258958.033, 127
Trd, 258958.100, 139
Trd, 258958.300, 126
Trd, 258959.017, 128
Trd, 258959.517, 137
Trd, 258959.750, 109
Trd, 258959.767, 138
Trd, 258960.000, 109
Trd, 258960.133, 111
Trd, 258960.150, 104
Trd, 258960.367, 129
Trd, 258960.567, 120
Trd, 258960.633, 111
Trd, 258961.017, 99
Trd, 258961.117, 95
Trd, 258961.400, 108
Trd, 258961.550, 137
Trd, 258962.550, 109
Trd, 258962.583, 107
Trd, 258962.633, 126
Trd, 258962.883, 88
Trd, 258963.017, 137
Trd, 258963.417, 94
Trd, 258963.467, 95
Trd, 258963.550, 81
Trd, 258963.783, 92
Trd, 258963.833, 122
Trd, 258964.000, 91
Trd, 258964.067, 83
Trd, 258964.217, 80
Trd, 258964.450, 124
Trd, 258964.650, 116
Trd, 258964.767, 140
Trd, 258965.000, 125
Trd, 258965.050, 98
Trd, 258965.483, 110
Trd, 258965.517, 111
Trd, 258965.650, 109
Trd, 258965.683, 108
Trd, 258966.267, 138
Trd, 258966.633, 138
Trd, 258966.783, 124
Trd, 258967.700, 132
Trd, 258967.833, 118
Trd, 258968.683, 129
Trd, 258968.767, 120
Trd, 258969.100, 139
Trd, 258969.300, 124
Trd, 258970.033, 128
Trd, 258970.417, 114
Trd, 258970.433, 112
Trd, 258970.650, 121
Trd, 258970.950, 105
Trd, 258970.983, 129
Trd, 258971.417, 131
Trd, 258971.433, 117
Trd, 258971.650, 122
Trd, 258972.100, 93
Trd, 258972.650, 106
Trd, 258973.167, 137
Trd, 258973.500, 139
Trd, 258973.733, 132
Trd, 258974.533, 136
Trd, 258974.617, 135
Trd, 258974.683, 134
Trd, 258975.167, 132
Trd, 258975.450, 113
Trd, 258975.483, 111
Trd, 258975.783, 121
Trd, 258975.950, 130
Trd, 258976.450, 131
Trd, 258976.600, 116
Trd, 258976.983, 128
Trd, 258977.017, 102
Trd, 258977.750, 138
Trd, 258977.950, 132
Trd, 258978.533, 126
Trd, 258979.133, 138
Trd, 258979.167, 124
Trd, 258979.267, 122
Trd, 258979.733, 131
Trd, 258980.067, 136
Trd, 258980.217, 130
Trd, 258980.850, 120
Trd, 258981.167, 96
Trd, 258981.383, 95
Trd, 258982.117, 123
Trd, 258982.667, 124
Trd, 258982.867, 115
Trd, 258982.967, 114
Trd, 258982.983, 125
Trd, 258984.033, 124
Trd, 258984.200, 119
Trd, 258984.333, 112
Trd, 258984.833, 135
Trd, 258984.900, 120
Trd, 258984.950, 119
Trd, 258985.067, 139
Trd, 258985.183, 116
Trd, 258985.300, 109
Trd, 258985.600, 111
Trd, 258985.683, 108
Trd, 258985.733, 108
Trd, 258985.783, 107
Trd, 258985.817, 101
Trd, 258985.917, 98
Trd, 258985.967, 92
Trd, 258986.033, 87
Trd, 258986.150, 139
Trd, 258986.450, 140
Trd, 258987.867, 140
Trd, 258988.000, 122
Trd, 258988.250, 118
Trd, 258988.300, 114
Trd, 258988.700, 113
Trd, 258988.933, 122
Trd, 258989.067, 140
Trd, 258989.933, 100
Trd, 258990.350, 140
Trd, 258990.500, 101
Trd, 258990.600, 99
Trd, 258990.817, 102
Trd, 258990.833, 103
Trd, 258991.117, 127
Trd, 258991.150, 128
Trd, 258991.667, 96
Trd, 258991.850, 90
Trd, 258991.967, 108
Trd, 258992.167, 110
Trd, 258992.300, 128
Trd, 258992.783, 113
Trd, 258993.083, 95
Trd, 258993.200, 125
Trd, 258993.217, 88
Trd, 258993.983, 140
Trd, 258994.267, 120
Trd, 258994.417, 119
Trd, 258994.483, 137
Trd, 258994.583, 109
Trd, 258995.267, 139
Trd, 258995.283, 137
Trd, 258995.350, 131
Trd, 258995.983, 123
Trd, 258996.050, 123
Trd, 258996.633, 120
Trd, 258996.783, 119
Trd, 258996.850, 117
Trd, 258996.867, 107
Trd, 258996.933, 137
Trd, 258997.017, 124
Trd, 258997.067, 101
Trd, 258997.150, 95
Trd, 258997.233, 89
Trd, 258997.283, 100
Trd, 258997.783, 134
Trd, 258997.950, 139
Trd, 258998.317, 140
Trd, 258998.600, 125
Trd, 258998.933, 124
Trd, 258999.317, 100
Trd, 258999.700, 100
Trd, 258999.800, 108
Trd, 258999.967, 108
Trd, 259000.050, 101
Trd, 259000.300, 105
Trd, 259000.483, 109
Trd, 259001.017, 101
Trd, 259001.217, 96
Trd, 259001.950, 106
Trd, 259002.033, 111
Trd, 259002.200, 114
Trd, 259002.233, 115
Trd, 259002.617, 112
Trd, 259002.767, 111
Trd, 259003.250, 99
Trd, 259003.350, 118
Trd, 259004.150, 102
Trd, 259004.550, 89
Trd, 259004.617, 100
Trd, 259004.667, 107
Trd, 259005.033, 101
Trd, 259005.200, 93
Trd, 259005.217, 91
Trd, 259005.617, 132
Trd, 259005.650, 119
Trd, 259006.267, 117
Trd, 259006.500, 117
Trd, 259006.517, 113
Trd, 259007.050, 106
Trd, 259007.217, 91
Trd, 259007.467, 107
Trd, 259007.550, 121
Trd, 259007.717, 100
Trd, 259008.050, 127
Trd, 259008.150, 115
Trd, 259008.667, 108
Trd, 259008.983, 92
Trd, 259009.250, 110
Trd, 259009.400, 111
Trd, 259009.750, 114
Trd, 259009.767, 88
Trd, 259010.133, 136
Trd, 259010.617, 140
Trd, 259010.817, 115
Trd, 259010.850, 113
Trd, 259010.883, 113
Trd, 259011.017, 109
Trd, 259011.350, 129
Trd, 259011.383, 122
Trd, 259011.517, 130
Trd, 259011.800, 135
Trd, 259012.000, 117
Trd, 259012.167, 114
Trd, 259012.517, 123
Trd, 259012.583, 100
Trd, 259012.867, 127
Trd, 259013.500, 139
Trd, 259013.517, 138
Trd, 259013.900, 135
Trd, 259014.200, 128
Trd, 259014.617, 127
Trd, 259015.100, 121
Trd, 259015.150, 99
Trd, 259015.483, 111
Trd, 259015.533, 105
Trd, 259015.950, 109
Trd, 259016.717, 132
Trd, 259016.967, 130
Trd, 259017.083, 134
Trd, 259017.183, 135
Trd, 259017.900, 135
Trd, 259018.067, 136
Trd, 259018.100, 120
Trd, 259018.117, 106
Trd, 259018.300, 140
Trd, 259019.267, 125
Trd, 259019.983, 129
Trd, 259020.017, 106
Trd, 259020.117, 101
Trd, 259020.800, 105
Trd, 259021.383, 135
Trd, 259021.583, 100
Trd, 259022.100, 95
Trd, 259022.433, 111
Trd, 259022.450, 100
Trd, 259022.467, 90
Trd, 259022.783, 106
Trd, 259023.150, 125
Trd, 259023.267, 130
Trd, 259023.483, 125
Trd, 259023.633, 99
Trd, 259023.667, 97
Trd, 259024.000, 103
Trd, 259024.100, 123
Trd, 259024.350, 132
Trd, 259024.750, 133
Trd, 259024.817, 103
Trd, 259024.933, 97
Trd, 259025.133, 87
Trd, 259025.367, 115
Trd, 259025.450, 88
Trd, 259025.500, 81
Trd, 259025.567, 116
Trd, 259025.833, 107
Trd, 259026.050, 115
Trd, 259026.250, 98
Trd, 259026.567, 114
Trd, 259026.633, 99
Trd, 259026.817, 117
Trd, 259027.083, 91
Trd, 259027.667, 112
Trd, 259028.067, 101
Trd, 259028.483, 122
Trd, 259028.633, 130
Trd, 259028.683, 104
Trd, 259029.117, 105
Trd, 259029.183, 100
Trd, 259029.500, 83
Trd, 259029.783, 82
Trd, 259030.367, 113
Trd, 259030.700, 117
Trd, 259030.750, 118
Trd, 259030.867, 118
Trd, 259030.967, 120
Trd, 259031.050, 121
Trd, 259031.383, 122
Trd, 259031.917, 130
Trd, 259032.067, 124
Trd, 259032.367, 132
Trd, 259032.400, 122
Trd, 259032.650, 119
Trd, 259032.900, 132
Trd, 259033.350, 133
Trd, 259033.617, 134
Trd, 259033.767, 127
Trd, 259034.483, 134
Trd, 259034.717, 126
Trd, 259034.767, 135
Trd, 259034.883, 139
Trd, 259035.050, 127
Trd, 259035.117, 116
Trd, 259035.533, 129
Trd, 259036.017, 110
Trd, 259036.467, 126
Trd, 259036.967, 126
Trd, 259037.383, 128
Trd, 259037.417, 139
Trd, 259037.633, 123
Trd, 259037.700, 121
Trd, 259038.100, 122
Trd, 259038.583, 126
Trd, 259038.850, 114
Trd, 259039.017, 135
Trd, 259039.067, 136
Trd, 259039.150, 111
Trd, 259039.183, 121
Trd, 259039.233, 94
Trd, 259039.317, 132
Trd, 259039.500, 83
Trd, 259040.050, 104
Trd, 259040.450, 124
Trd, 259040.550, 137
Trd, 259040.567, 99
Trd, 259041.583, 137
Trd, 259041.767, 114
Trd, 259041.883, 135
Trd, 259041.917, 114
Trd, 259042.917, 140
Trd, 259043.183, 127
Trd, 259043.467, 133
Trd, 259043.700, 127
Trd, 259043.867, 139
Trd, 259044.017, 108
Trd, 259044.333, 105
Trd, 259044.683, 110
Trd, 259044.817, 133
Trd, 259045.250, 116
Trd, 259045.333, 132
Trd, 259046.150, 124
Trd, 259046.300, 123
Trd, 259046.533, 110
Trd, 259046.600, 111
Trd, 259046.650, 105
Trd, 259046.783, 104
Trd, 259047.217, 119
Trd, 259047.400, 107
Trd, 259047.867, 120
Trd, 259047.900, 121
Trd, 259047.983, 122
Trd, 259048.283, 123
Trd, 259048.683, 115
Trd, 259048.750, 116
Trd, 259049.000, 113
Trd, 259049.300, 127
Trd, 259049.600, 121
Trd, 259050.433, 140
Trd, 259050.550, 140
Trd, 259050.600, 126
Trd, 259050.750, 122
Trd, 259051.333, 112
Trd, 259051.383, 111
Trd, 259052.033, 104
Trd, 259052.233, 99
Trd, 259052.550, 95
Trd, 259052.567, 128
Trd, 259052.600, 94
Trd, 259052.850, 100
Trd, 259053.117, 117
Trd, 259053.183, 131
Trd, 259053.383, 125
Trd, 259053.483, 108
Trd, 259053.517, 95
Trd, 259054.033, 98
Trd, 259054.067, 105
Trd, 259054.117, 131
Trd, 259054.467, 97
Trd, 259054.867, 114
Trd, 259054.950, 115
Trd, 259055.583, 140
Trd, 259055.833, 140
Trd, 259055.950, 140
Trd, 259056.033, 140
Trd, 259056.433, 140
Trd, 259056.617, 110
Trd, 259058.050, 121
Trd, 259058.867, 115
Trd, 259058.883, 121
Trd, 259059.367, 129
Trd, 259059.667, 112
Trd, 259060.333, 130
Trd, 259060.350, 134
Trd, 259060.417, 135
Trd, 259060.750, 127
Trd, 259060.917, 115
Trd, 259061.083, 92
Trd, 259061.100, 88
Trd, 259061.250, 131
Trd, 259061.283, 101
Trd, 259061.317, 132
Trd, 259061.550, 132
Trd, 259061.983, 125
Trd, 259062.050, 124
Trd, 259062.400, 126
Trd, 259062.833, 127
Trd, 259062.850, 124
Trd, 259062.967, 137
Trd, 259063.133, 122
Trd, 259063.217, 120
Trd, 259063.767, 120
Trd, 259063.833, 104
Trd, 259063.900, 115
Trd, 259064.517, 137
Trd, 259064.667, 120
Trd, 259064.817, 134
Trd, 259064.850, 119
Trd, 259064.900, 113
Trd, 259065.967, 113
Trd, 259066.083, 114
Trd, 259066.183, 126
Trd, 259066.383, 104
Trd, 259066.817, 137
Trd, 259067.067, 114
Trd, 259067.467, 140
Trd, 259067.800, 114
Trd, 259067.833, 108
Trd, 259068.133, 134
Trd, 259069.017, 121
Trd, 259069.050, 116
Trd, 259069.200, 131
Trd, 259069.450, 122
Trd, 259069.550, 110
Trd, 259069.717, 92
Trd, 259070.017, 127
Trd, 259070.050, 128
Trd, 259070.283, 129
Trd, 259070.533, 140
Trd, 259071.183, 140
Trd, 259071.467, 128
Trd, 259071.567, 116
Trd, 259071.850, 120
Trd, 259072.550, 109
Trd, 259072.683, 102
Trd, 259072.833, 95
Trd, 259073.700, 102
Trd, 259073.717, 116
Trd, 259073.817, 97
Trd, 259073.850, 94
Trd, 259073.900, 70
Trd, 259074.100, 117
Trd, 259074.417, 104
Trd, 259074.683, 139
Trd, 259074.817, 140
Trd, 259074.917, 140
Trd, 259075.100, 106
Trd, 259075.533, 99
Trd, 259075.717, 107
Trd, 259075.850, 99
Trd, 259075.983, 131
Trd, 259076.433, 116
Trd, 259077.017, 113
Trd, 259077.233, 125
Trd, 259078.350, 118
Trd, 259078.550, 134
Trd, 259078.833, 123
Trd, 259078.983, 105
Trd, 259079.217, 98
Trd, 259079.267, 115
Trd, 259079.633, 106
Trd, 259079.733, 126
Trd, 259079.900, 126
Trd, 259079.967, 127
Trd, 259080.267, 85
Trd, 259080.333, 84
Trd, 259080.700, 115
Trd, 259081.183, 112
Trd, 259081.250, 130
Trd, 259081.417, 106
Trd, 259081.450, 89
Trd, 259081.683, 135
Trd, 259082.000, 132
Trd, 259082.267, 125
Trd, 259082.400, 95
Trd, 259082.600, 125
Trd, 259082.750, 126
Trd, 259083.483, 127
Trd, 259083.550, 118
Trd, 259083.733, 140
Trd, 259084.150, 140
Trd, 259084.650, 121
Trd, 259084.767, 101
Trd, 259084.900, 103
Trd, 259085.100, 93
Trd, 259085.383, 133
Trd, 259085.450, 88
Trd, 259085.467, 88
Trd, 259085.533, 139
Trd, 259085.650, 140
Trd, 259085.767, 134
Trd, 259085.933, 86
Trd, 259086.017, 136
Trd, 259086.567, 97
Trd, 259087.117, 139
Trd, 259087.483, 131
Trd, 259087.850, 106
Trd, 259087.917, 106
Trd, 259087.950, 105
Trd, 259088.117, 101
Trd, 259088.150, 100
Trd, 259088.433, 98
Trd, 259088.467, 106
Trd, 259088.567, 137
Trd, 259088.767, 136
Trd, 259088.867, 139
Trd, 259088.950, 96
Trd, 259089.433, 121
Trd, 259090.167, 131
Trd, 259090.450, 112
Trd, 259090.483, 111
Trd, 259090.517, 111
Trd, 259090.633, 105
Trd, 259090.750, 114
Trd, 259091.417, 113
Trd, 259091.633, 104
Trd, 259091.900, 90
Trd, 259091.983, 110
Trd, 259092.083, 116
Trd, 259092.283, 104
Trd, 259092.450, 75
Trd, 259092.550, 74
Trd, 259093.283, 137
Trd, 259094.067, 140
Trd, 259094.133, 138
Trd, 259094.500, 121
Trd, 259094.733, 138
Trd, 259094.817, 128
Trd, 259096.300, 140
Trd, 259096.733, 132
Trd, 259096.750, 132
Trd, 259096.867, 140
Trd, 259097.017, 130
Trd, 259097.217, 129
Trd, 259097.850, 132
Trd, 259098.083, 131
Trd, 259098.617, 122
Trd, 259099.083, 122
Trd, 259099.400, 119
Trd, 259099.617, 122
Trd, 259099.767, 130
Trd, 259100.317, 126
Trd, 259100.367, 127
Trd, 259100.717, 113
Trd, 259100.850, 111
Trd, 259101.067, 126
Trd, 259101.133, 137
Trd, 259101.433, 131
Trd, 259101.500, 109
Trd, 259101.650, 104
Trd, 259101.767, 132
Trd, 259101.833, 84
Trd, 259102.167, 107
Trd, 259102.317, 82
Trd, 259102.400, 127
Trd, 259102.567, 77
Trd, 259102.733, 128
Trd, 259102.833, 129
Trd, 259103.067, 126
Trd, 259103.167, 125
Trd, 259103.683, 126
Trd, 259104.067, 122
Trd, 259104.367, 129
Trd, 259104.750, 127
Trd, 259104.833, 126
Trd, 259105.167, 112
Trd, 259105.583, 126
Trd, 259105.950, 128
Trd, 259106.167, 127
Trd, 259106.200, 126
Trd, 259106.850, 116
Trd, 259106.983, 113
Trd, 259107.167, 128
Trd, 259107.300, 125
Trd, 259107.567, 111
Trd, 259107.867, 129
Trd, 259108.067, 116
Trd, 259108.533, 113
Trd, 259108.567, 106
Trd, 259108.717, 104
Trd, 259108.867, 138
Trd, 259109.050, 107
Trd, 259109.133, 94
Trd, 259109.517, 114
Trd, 259109.867, 128
Trd, 259110.083, 123
Trd, 259110.100, 122
Trd, 259110.283, 115
Trd, 259110.700, 123
Trd, 259110.950, 137
Trd, 259111.400, 137
Trd, 259111.567, 136
Trd, 259111.600, 122
Trd, 259111.867, 139
Trd, 259112.050, 120
Trd, 259112.550, 127
Trd, 259112.567, 101
Trd, 259112.783, 100
Trd, 259113.033, 119
Trd, 259113.167, 120
Trd, 259113.250, 101
Trd, 259113.367, 100
Trd, 259113.400, 134
Trd, 259113.983, 114
Trd, 259114.100, 99
Trd, 259114.200, 117
Trd, 259114.250, 118
Trd, 259114.700, 112
Trd, 259114.767, 111
Trd, 259115.150, 117
Trd, 259115.550, 92
Trd, 259115.567, 130
Trd, 259115.650, 89
Trd, 259116.833, 127
Trd, 259117.867, 140
Trd, 259118.050, 137
Trd, 259118.167, 136
Trd, 259118.283, 118
Trd, 259118.333, 107
Trd, 259118.700, 105
Trd, 259118.917, 137
Trd, 259119.183, 140
Trd, 259119.633, 133
Trd, 259119.883, 106
Trd, 259119.950, 114
Trd, 259120.000, 115
Trd, 259120.033, 99
Trd, 259120.433, 116
Trd, 259120.550, 116
Trd, 259120.750, 83
Trd, 259120.900, 131
Trd, 259120.933, 98
Trd, 259121.317, 74
Trd, 259121.600, 76
Trd, 259121.750, 100
Trd, 259122.133, 100
Trd, 259122.200, 101
Trd, 259122.350, 132
Trd, 259122.483, 140
Trd, 259122.833, 131
Trd, 259122.850, 130
Trd, 259123.267, 130
Trd, 259124.017, 103
Trd, 259124.433, 126
Trd, 259125.083, 96
Trd, 259125.500, 115
Trd, 259125.967, 102
Trd, 259126.050, 105
Trd, 259126.333, 103
Trd, 259126.350, 102
Trd, 259126.450, 105
Trd, 259126.600, 107
Trd, 259126.717, 88
Trd, 259127.617, 109
Trd, 259127.783, 110
Trd, 259127.983, 105
Trd, 259128.267, 99
Trd, 259128.300, 122
Trd, 259128.483, 96
Trd, 259128.833, 102
Trd, 259129.183, 110
Trd, 259129.283, 103
Trd, 259129.383, 95
Trd, 259129.467, 103
Trd, 259129.500, 96
Trd, 259129.633, 115
Trd, 259129.667, 117
Trd, 259129.767, 139
Trd, 259130.317, 140
Trd, 259130.767, 138
Trd, 259131.333, 125
Trd, 259131.367, 119
Trd, 259131.700, 101
Trd, 259131.783, 98
Trd, 259132.300, 124
Trd, 259132.367, 97
Trd, 259132.650, 104
Trd, 259132.667, 91
Trd, 259132.767, 132
Trd, 259133.017, 128
Trd, 259133.517, 110
Trd, 259133.700, 116
Trd, 259133.800, 117
Trd, 259134.517, 138
Trd, 259134.900, 139
Trd, 259135.317, 132
Trd, 259135.967, 126
Trd, 259136.483, 140
Trd, 259136.500, 121
Trd, 259136.800, 139
Trd, 259137.200, 120
Trd, 259137.350, 123
Trd, 259137.733, 125
Trd, 259137.883, 118
Trd, 259137.917, 136
Trd, 259138.717, 138
Trd, 259138.733, 120
Trd, 259139.233, 133
Trd, 259139.533, 94
Trd, 259139.750, 120
Trd, 259140.300, 127
Trd, 259140.350, 128
Trd, 259140.567, 127
Trd, 259140.700, 118
Trd, 259140.950, 117
Trd, 259141.117, 129
Trd, 259141.533, 121
Trd, 259141.700, 128
Trd, 259141.900, 119
Trd, 259142.283, 129
Trd, 259143.483, 139
Trd, 259143.500, 138
Trd, 259143.717, 137
Trd, 259143.783, 135
Trd, 259144.017, 125
Trd, 259144.267, 124
Trd, 259144.583, 135
Trd, 259144.633, 120
Trd, 259144.950, 106
Trd, 259145.200, 138
Trd, 259145.300, 139
Trd, 259145.333, 128
Trd, 259145.383, 106
Trd, 259145.883, 133
Trd, 259145.933, 101
Trd, 259146.783, 101
Trd, 259146.850, 99
Trd, 259147.133, 89
Trd, 259147.367, 112
Trd, 259147.533, 114
Trd, 259147.850, 133
Trd, 259147.900, 103
Trd, 259147.917, 102
Trd, 259148.183, 109
Trd, 259148.600, 123
Trd, 259148.667, 109
Trd, 259148.700, 134
Trd, 259148.883, 108
Trd, 259149.017, 135
Trd, 259149.150, 123
Trd, 259149.233, 135
Trd, 259149.617, 102
Trd, 259149.883, 90
Trd, 259150.100, 94
Trd, 259150.700, 118
Trd, 259151.067, 122
Trd, 259151.667, 134
Trd, 259151.800, 123
Trd, 259152.150, 115
Trd, 259152.800, 121
Trd, 259153.117, 108
Trd, 259153.283, 121
Trd, 259153.783, 122
Trd, 259153.933, 123
Trd, 259153.967, 115
Trd, 259154.233, 105
Trd, 259154.283, 111
Trd, 259154.717, 101
Trd, 259155.000, 93
Trd, 259155.117, 114
Trd, 259155.283, 87
Trd, 259155.683, 107
Trd, 259155.783, 86
Trd, 259155.883, 113
Trd, 259156.400, 115
Trd, 259156.467, 93
Trd, 259157.200, 99
Trd, 259157.283, 90
Trd, 259158.017, 111
Trd, 259158.100, 99
Trd, 259158.167, 98
Trd, 259158.433, 110
Trd, 259158.667, 112
Trd, 259158.983, 114
Trd, 259159.167, 114
Trd, 259159.200, 87
Trd, 259159.717, 86
Trd, 259160.050, 106
Trd, 259160.433, 123
Trd, 259160.533, 115
Trd, 259160.817, 125
Trd, 259161.017, 106
Trd, 259161.033, 123
Trd, 259161.400, 119
Trd, 259161.533, 125
Trd, 259161.850, 103
Trd, 259162.033, 129
Trd, 259163.167, 132
Trd, 259163.750, 125
Trd, 259163.800, 109
Trd, 259164.050, 126
Trd, 259164.200, 133
Trd, 259164.533, 136
Trd, 259164.900, 105
Trd, 259165.017, 135
Trd, 259165.317, 109
Trd, 259165.650, 108
Trd, 259166.167, 118
Trd, 259166.233, 110
Trd, 259166.683, 102
Trd, 259166.883, 102
Trd, 259167.167, 100
Trd, 259167.200, 96
Trd, 259167.417, 92
Trd, 259167.467, 105
Trd, 259167.617, 101
Trd, 259167.800, 107
Trd, 259168.317, 88
Trd, 259168.767, 129
Trd, 259168.783, 130
Trd, 259168.867, 140
Trd, 259168.900, 124
Trd, 259168.917, 113
Trd, 259169.600, 139
Trd, 259169.633, 138
Trd, 259169.867, 131
Trd, 259169.917, 115
Trd, 259170.100, 106
Trd, 259170.183, 132
Trd, 259170.333, 126
Trd, 259171.167, 121
Trd, 259171.500, 134
Trd, 259171.600, 119
Trd, 259171.717, 113
Trd, 259171.917, 122
Trd, 259172.583, 137
Trd, 259172.717, 138
Trd, 259172.750, 126
Trd, 259172.900, 125
Trd, 259174.233, 135
Trd, 259174.717, 122
Trd, 259174.750, 128
Trd, 259174.783, 134
Trd, 259175.600, 124
Trd, 259175.633, 115
Trd, 259175.867, 114
Trd, 259176.133, 114
Trd, 259176.433, 92
Trd, 259177.133, 119
Trd, 259177.267, 121
Trd, 259177.417, 118
Trd, 259177.650, 117
Trd, 259177.850, 122
Trd, 259177.867, 114
Trd, 259178.350, 114
Trd, 259178.483, 99
Trd, 259179.450, 121
Trd, 259179.483, 111
Trd, 259179.633, 122
Trd, 259179.683, 107
Trd, 259179.750, 99
Trd, 259179.783, 95
Trd, 259180.050, 109
Trd, 259180.500, 108
Trd, 259181.617, 138
Trd, 259181.683, 139
Trd, 259181.900, 138
Trd, 259181.967, 119
Trd, 259182.233, 118
Trd, 259182.267, 117
Trd, 259182.333, 119
Trd, 259182.700, 118
Trd, 259182.733, 135
Trd, 259182.833, 110
Trd, 259182.933, 136
Trd, 259183.033, 107
Trd, 259183.167, 107
Trd, 259183.633, 123
Trd, 259184.717, 139
Trd, 259184.833, 124
Trd, 259185.500, 133
Trd, 259185.800, 133
Trd, 259185.983, 132
Trd, 259186.467, 138
Trd, 259186.483, 122
Trd, 259187.100, 128
Trd, 259187.117, 125
Trd, 259187.450, 120
Trd, 259187.467, 109
Trd, 259187.817, 106
Trd, 259188.000, 98
Trd, 259188.017, 91
Trd, 259188.083, 86
Trd, 259188.283, 115
Trd, 259188.617, 93
Trd, 259188.800, 122
Trd, 259189.183, 113
Trd, 259189.300, 92
Trd, 259189.367, 126
Trd, 259189.450, 139
Trd, 259190.417, 140
Trd, 259190.467, 139
Trd, 259191.017, 140
Trd, 259191.033, 124
Trd, 259191.067, 115
Trd, 259191.300, 117
Trd, 259191.367, 113
Trd, 259191.700, 123
Trd, 259191.733, 123
Trd, 259192.117, 115
Trd, 259192.467, 128
Trd, 259192.900, 117
Trd, 259193.267, 104
Trd, 259193.567, 140
Trd, 259193.750, 137
Trd, 259194.067, 100
Trd, 259194.217, 117
Trd, 259194.250, 130
Trd, 259194.267, 116
Trd, 259194.533, 101
Trd, 259194.817, 137
Trd, 259195.000, 94
Trd, 259195.033, 91
Trd, 259195.300, 115
Trd, 259195.433, 109
Trd, 259195.617, 132
Trd, 259196.317, 131
Trd, 259196.367, 107
Trd, 259196.450, 134
Trd, 259196.617, 130
Trd, 259196.667, 105
Trd, 259197.100, 109
Trd, 259197.717, 138
Trd, 259197.933, 119
Trd, 259199.050, 132
Trd, 259199.200, 130
Trd, 259199.400, 118
Trd, 259199.533, 118
Trd, 259199.567, 112
Trd, 259199.850, 126
