Trd, 258569.150, 134
Trd, 258569.417, 107
Trd, 258569.467, 95
Trd, 258569.633, 102
Trd, 258569.700, 88
Trd, 258569.750, 138
Trd, 258570.367, 124
Trd, 258570.400, 133
Trd, 258570.433, 116
Trd, 258570.767, 126
Trd, 258570.933, 112
Trd, 258570.967, 93
Trd, 258571.267, 124
Trd, 258571.533, 132
Trd, 258571.633, 118
Trd, 258572.617, 139
Trd, 258573.000, 137
Trd, 258573.217, 133
Trd, 258573.650, 140
Trd, 258573.767, 129
Trd, 258573.800, 129
Trd, 258574.533, 130
Trd, 258574.633, 125
Trd, 258575.000, 111
Trd, 258575.083, 111
Trd, 258575.283, 106
Trd, 258576.033, 132
Trd, 258576.117, 116
Trd, 258576.200, 134
Trd, 258576.567, 113
Trd, 258576.700, 115
Trd, 258577.033, 101
Trd, 258577.267, 126
Trd, 258577.433, 123
Trd, 258577.450, 122
Trd, 258577.683, 100
Trd, 258577.867, 124
Trd, 258578.317, 97
Trd, 258578.400, 107
Trd, 258578.533, 132
Trd, 258578.617, 133
Trd, 258578.817, 136
Trd, 258579.383, 115
Trd, 258579.950, 105
Trd, 258580.133, 120
Trd, 258580.767, 93
Trd, 258580.950, 115
Trd, 258581.050, 118
Trd, 258581.100, 90
Trd, 258581.667, 133
Trd, 258582.050, 132
Trd, 258582.283, 132
Trd, 258582.317, 116
Trd, 258582.367, 112
Trd, 258582.517, 101
Trd, 258582.633, 88
Trd, 258582.717, 85
Trd, 258582.783, 96
Trd, 258583.117, 111
Trd, 258583.283, 96
Trd, 258583.800, 132
Trd, 258584.000, 121
Trd, 258584.533, 139
Trd, 258584.783, 121
Trd, 258585.050, 135
Trd, 258585.250, 127
Trd, 258585.650, 112
Trd, 258585.667, 114
Trd, 258585.700, 116
Trd, 258585.950, 126
Trd, 258586.050, 103
Trd, 258586.133, 103
Trd, 258586.317, 105
Trd, 258586.983, 116
Trd, 258587.133, 109
Trd, 258587.300, 102
Trd, 258588.050, 139
Trd, 258588.200, 123
Trd, 258588.650, 119
Trd, 258589.900, 137
Trd, 258590.033, 134
Trd, 258590.800, 137
Trd, 258590.867, 132
Trd, 258591.183, 131
Trd, 258591.633, 122
Trd, 258591.750, 117
Trd, 258591.800, 112
Trd, 258591.900, 128
Trd, 258591.933, 108
Trd, 258592.567, 132
Trd, 258592.633, 132
Trd, 258592.867, 124
Trd, 258592.900, 122
Trd, 258592.950, 115
Trd, 258593.367, 113
Trd, 258593.467, 108
Trd, 258593.633, 106
Trd, 258593.717, 118
Trd, 258594.250, 140
Trd, 258594.517, 132
Trd, 258594.600, 125
Trd, 258595.067, 138
Trd, 258595.100, 123
Trd, 258595.150, 117
Trd, 258595.400, 133
Trd, 258595.417, 115
Trd, 258596.600, 138
Trd, 258596.633, 122
Trd, 258597.150, 135
Trd, 258597.267, 135
Trd, 258597.383, 130
Trd, 258598.000, 117
Trd, 258598.067, 104
Trd, 258598.083, 102
Trd, 258598.817, 119
Trd, 258599.167, 114
Trd, 258599.300, 109
Trd, 258599.483, 98
Trd, 258599.517, 96
Trd, 258599.550, 100
Trd, 258599.600, 84
Trd, 258599.767, 112
Trd, 258600.117, 88
Trd, 258600.133, 79
Trd, 258600.350, 78
Trd, 258600.600, 125
Trd, 258600.950, 126
Trd, 258601.283, 109
Trd, 258601.650, 125
Trd, 258602.017, 109
Trd, 258602.217, 109
Trd, 258602.417, 124
Trd, 258602.933, 123
Trd, 258603.200, 140
Trd, 258603.283, 129
Trd, 258603.550, 107
Trd, 258603.700, 112
Trd, 258603.950, 131
Trd, 258604.067, 105
Trd, 258604.517, 114
Trd, 258604.867, 133
Trd, 258605.283, 126
Trd, 258605.600, 130
Trd, 258606.017, 131
Trd, 258606.067, 114
Trd, 258606.217, 120
Trd, 258606.483, 112
Trd, 258606.717, 106
Trd, 258606.733, 100
Trd, 258606.883, 116
Trd, 258607.367, 124
Trd, 258607.817, 128
Trd, 258607.850, 102
Trd, 258608.333, 127
Trd, 258608.550, 125
Trd, 258608.833, 103
Trd, 258609.350, 99
Trd, 258609.633, 122
Trd, 258609.717, 112
Trd, 258609.933, 134
Trd, 258610.283, 135
Trd, 258610.850, 103
Trd, 258611.167, 118
Trd, 258611.350, 137
Trd, 258611.400, 118
Trd, 258612.200, 120
Trd, 258612.300, 124
Trd, 258612.617, 130
Trd, 258613.033, 117
Trd, 258613.367, 126
Trd, 258613.650, 140
Trd, 258613.700, 134
Trd, 258614.283, 128
Trd, 258614.533, 125
Trd, 258614.550, 115
Trd, 258614.717, 120
Trd, 258614.950, 130
Trd, 258615.033, 135
Trd, 258615.267, 124
Trd, 258615.833, 140
Trd, 258616.300, 118
Trd, 258616.317, 112
Trd, 258616.433, 111
Trd, 258617.033, 127
Trd, 258617.400, 108
Trd, 258617.417, 107
Trd, 258617.583, 130
Trd, 258618.233, 137
Trd, 258618.533, 131
Trd, 258618.850, 133
Trd, 258619.333, 131
Trd, 258619.400, 110
Trd, 258619.800, 116
Trd, 258619.817, 115
Trd, 258619.883, 114
Trd, 258619.967, 106
Trd, 258620.083, 90
Trd, 258620.667, 73
Trd, 258621.217, 120
Trd, 258621.367, 131
Trd, 258621.550, 133
Trd, 258621.783, 117
Trd, 258621.917, 97
Trd, 258622.500, 135
Trd, 258622.633, 123
Trd, 258622.900, 124
Trd, 258623.017, 110
Trd, 258623.217, 138
Trd, 258623.317, 129
Trd, 258623.333, 109
Trd, 258624.700, 129
Trd, 258625.017, 124
Trd, 258625.550, 140
Trd, 258625.767, 136
Trd, 258625.867, 133
Trd, 258626.050, 128
Trd, 258626.217, 130
Trd, 258626.617, 124
Trd, 258626.783, 130
Trd, 258627.117, 132
Trd, 258627.450, 131
Trd, 258627.683, 129
Trd, 258627.750, 121
Trd, 258627.783, 124
Trd, 258628.100, 118
Trd, 258628.433, 125
Trd, 258628.650, 114
Trd, 258628.717, 112
Trd, 258629.550, 118
Trd, 258629.750, 116
Trd, 258630.017, 114
Trd, 258630.117, 109
Trd, 258630.383, 92
Trd, 258630.567, 88
Trd, 258630.633, 75
Trd, 258630.767, 83
Trd, 258631.083, 81
Trd, 258631.150, 79
Trd, 258631.533, 73
Trd, 258631.933, 84
Trd, 258632.017, 94
Trd, 258632.350, 93
Trd, 258632.783, 99
Trd, 258632.967, 110
Trd, 258633.400, 96
Trd, 258633.750, 103
Trd, 258633.817, 119
Trd, 258633.967, 126
Trd, 258634.617, 140
Trd, 258634.950, 119
Trd, 258635.067, 131
Trd, 258635.133, 102
Trd, 258635.183, 97
Trd, 258635.567, 90
Trd, 258636.150, 117
Trd, 258636.650, 105
Trd, 258636.683, 103
Trd, 258636.783, 137
Trd, 258636.950, 96
Trd, 258637.200, 139
Trd, 258637.417, 114
Trd, 258637.650, 99
Trd, 258637.833, 86
Trd, 258638.217, 80
Trd, 258638.483, 103
Trd, 258638.567, 102
Trd, 258639.033, 100
Trd, 258639.483, 134
Trd, 258639.517, 132
Trd, 258640.133, 113
Trd, 258640.167, 129
Trd, 258640.467, 118
Trd, 258640.517, 112
Trd, 258640.633, 136
Trd, 258640.900, 140
Trd, 258640.983, 129
Trd, 258641.617, 137
Trd, 258642.017, 109
Trd, 258642.150, 126
Trd, 258642.217, 103
Trd, 258642.383, 128
Trd, 258642.567, 134
Trd, 258642.717, 122
Trd, 258642.783, 126
Trd, 258643.017, 104
Trd, 258643.033, 97
Trd, 258643.117, 136
Trd, 258643.617, 128
Trd, 258643.800, 125
Trd, 258644.100, 128
Trd, 258644.350, 127
Trd, 258644.517, 127
Trd, 258644.817, 139
Trd, 258645.217, 134
Trd, 258645.650, 132
Trd, 258645.900, 117
Trd, 258645.917, 108
Trd, 258646.083, 91
Trd, 258646.317, 132
Trd, 258646.367, 134
Trd, 258646.600, 92
Trd, 258646.883, 95
Trd, 258646.933, 85
Trd, 258648.100, 136
Trd, 258648.483, 135
Trd, 258648.517, 121
Trd, 258648.917, 120
Trd, 258649.500, 134
Trd, 258649.750, 136
Trd, 258650.000, 131
Trd, 258650.400, 128
Trd, 258650.667, 133
Trd, 258650.767, 126
Trd, 258650.950, 129
Trd, 258651.283, 122
Trd, 258651.317, 122
Trd, 258651.433, 119
Trd, 258651.667, 117
Trd, 258651.783, 111
Trd, 258652.383, 137
Trd, 258652.883, 110
Trd, 258653.167, 131
Trd, 258653.500, 101
Trd, 258653.967, 133
Trd, 258654.150, 117
Trd, 258654.167, 114
Trd, 258654.667, 112
Trd, 258654.783, 101
Trd, 258655.083, 131
Trd, 258655.100, 139
Trd, 258655.667, 119
Trd, 258655.883, 118
Trd, 258656.150, 113
Trd, 258656.617, 104
Trd, 258656.700, 103
Trd, 258656.933, 112
Trd, 258657.117, 98
Trd, 258657.367, 92
Trd, 258658.067, 106
Trd, 258658.283, 113
Trd, 258658.533, 94
Trd, 258658.900, 92
Trd, 258659.183, 140
Trd, 258659.567, 139
Trd, 258659.867, 137
Trd, 258660.117, 122
Trd, 258660.233, 121
Trd, 258660.383, 133
Trd, 258660.400, 121
Trd, 258660.883, 137
Trd, 258661.217, 118
Trd, 258661.400, 112
Trd, 258661.483, 137
Trd, 258661.850, 124
Trd, 258662.283, 131
Trd, 258662.317, 113
Trd, 258662.500, 139
Trd, 258662.900, 126
Trd, 258663.083, 135
Trd, 258663.117, 123
Trd, 258663.150, 107
Trd, 258663.317, 100
Trd, 258663.433, 83
Trd, 258663.517, 72
Trd, 258663.633, 71
Trd, 258663.867, 115
Trd, 258664.117, 122
Trd, 258664.900, 123
Trd, 258665.133, 109
Trd, 258665.233, 135
Trd, 258665.267, 98
Trd, 258665.767, 97
Trd, 258665.817, 96
Trd, 258665.950, 102
Trd, 258666.117, 86
Trd, 258666.233, 101
Trd, 258666.317, 105
Trd, 258667.117, 102
Trd, 258667.417, 106
Trd, 258667.617, 127
Trd, 258667.700, 127
Trd, 258668.117, 134
Trd, 258668.233, 123
Trd, 258668.267, 122
Trd, 258668.600, 113
Trd, 258668.617, 111
Trd, 258668.667, 136
Trd, 258668.733, 105
Trd, 258668.883, 101
Trd, 258668.900, 82
Trd, 258670.100, 110
Trd, 258670.350, 137
Trd, 258670.600, 104
Trd, 258671.183, 132
Trd, 258672.233, 138
Trd, 258672.550, 136
Trd, 258672.783, 130
Trd, 258672.833, 129
Trd, 258673.383, 140
Trd, 258673.483, 124
Trd, 258673.500, 121
Trd, 258673.633, 124
Trd, 258674.167, 116
Trd, 258674.367, 113
Trd, 258674.650, 134
Trd, 258675.283, 127
Trd, 258675.683, 122
Trd, 258676.017, 106
Trd, 258676.183, 106
Trd, 258676.250, 116
Trd, 258676.433, 140
Trd, 258677.017, 132
Trd, 258677.083, 117
Trd, 258677.167, 133
Trd, 258677.183, 114
Trd, 258677.533, 122
Trd, 258677.683, 113
Trd, 258677.750, 103
Trd, 258678.017, 131
Trd, 258678.033, 129
Trd, 258678.050, 102
Trd, 258678.433, 140
Trd, 258678.567, 135
Trd, 258679.383, 125
Trd, 258679.483, 120
Trd, 258679.883, 138
Trd, 258679.967, 129
Trd, 258680.733, 137
Trd, 258680.800, 121
Trd, 258680.983, 112
Trd, 258681.100, 111
Trd, 258681.283, 131
Trd, 258681.600, 137
Trd, 258681.617, 127
Trd, 258681.850, 109
Trd, 258681.983, 97
Trd, 258682.450, 110
Trd, 258682.650, 137
Trd, 258683.383, 131
Trd, 258683.517, 121
Trd, 258683.750, 136
Trd, 258684.200, 112
Trd, 258684.900, 140
Trd, 258685.000, 136
Trd, 258685.117, 112
Trd, 258685.700, 117
Trd, 258686.283, 131
Trd, 258686.333, 131
Trd, 258686.433, 130
Trd, 258686.583, 115
Trd, 258686.883, 115
Trd, 258686.900, 106
Trd, 258687.750, 114
Trd, 258687.800, 106
Trd, 258688.283, 114
Trd, 258688.967, 121
Trd, 258689.233, 137
Trd, 258689.383, 131
Trd, 258689.417, 116
Trd, 258689.833, 137
Trd, 258689.950, 133
Trd, 258690.367, 130
Trd, 258690.567, 121
Trd, 258690.617, 108
Trd, 258690.817, 134
Trd, 258690.933, 140
Trd, 258690.950, 115
Trd, 258691.717, 106
Trd, 258691.833, 118
Trd, 258692.117, 125
Trd, 258692.200, 124
Trd, 258692.717, 130
Trd, 258692.767, 117
Trd, 258692.983, 112
Trd, 258693.150, 138
Trd, 258693.500, 120
Trd, 258693.667, 110
Trd, 258694.250, 121
Trd, 258694.400, 109
Trd, 258694.950, 105
Trd, 258695.233, 127
Trd, 258696.067, 127
Trd, 258696.100, 102
Trd, 258696.300, 128
Trd, 258696.433, 112
Trd, 258696.733, 129
Trd, 258696.933, 114
Trd, 258697.417, 131
Trd, 258697.517, 122
Trd, 258698.000, 116
Trd, 258698.250, 129
Trd, 258698.650, 113
Trd, 258699.367, 136
Trd, 258699.600, 120
Trd, 258699.617, 117
Trd, 258699.767, 109
Trd, 258700.067, 126
Trd, 258700.133, 120
Trd, 258700.150, 106
Trd, 258700.167, 127
Trd, 258700.267, 99
Trd, 258700.300, 96
Trd, 258700.350, 107
Trd, 258700.817, 137
Trd, 258701.133, 123
Trd, 258701.350, 119
Trd, 258701.400, 118
Trd, 258702.100, 100
Trd, 258702.267, 80
Trd, 258702.533, 118
Trd, 258702.700, 96
Trd, 258703.033, 118
Trd, 258703.167, 133
Trd, 258703.600, 87
Trd, 258704.133, 126
Trd, 258704.250, 121
Trd, 258704.417, 95
Trd, 258704.550, 81
Trd, 258704.800, 118
Trd, 258704.817, 70
Trd, 258705.150, 113
Trd, 258705.250, 101
Trd, 258705.633, 96
Trd, 258705.700, 105
Trd, 258706.383, 106
Trd, 258706.550, 124
Trd, 258706.617, 126
Trd, 258706.633, 119
Trd, 258706.883, 135
Trd, 258707.250, 138
Trd, 258707.567, 104
Trd, 258708.000, 122
Trd, 258708.417, 126
Trd, 258708.600, 126
Trd, 258708.717, 138
Trd, 258708.783, 125
Trd, 258708.933, 109
Trd, 258709.200, 112
Trd, 258709.333, 113
Trd, 258709.567, 99
Trd, 258709.700, 94
Trd, 258710.017, 107
Trd, 258710.517, 125
Trd, 258710.683, 122
Trd, 258710.717, 120
Trd, 258710.833, 130
Trd, 258710.933, 119
Trd, 258711.283, 118
Trd, 258711.400, 107
Trd, 258711.550, 127
Trd, 258712.467, 140
Trd, 258712.867, 140
Trd, 258713.183, 109
Trd, 258713.250, 134
Trd, 258713.317, 104
Trd, 258714.067, 120
Trd, 258714.200, 119
Trd, 258714.367, 126
Trd, 258714.517, 98
Trd, 258714.833, 97
Trd, 258714.950, 96
Trd, 258715.017, 102
Trd, 258715.233, 85
Trd, 258715.550, 110
Trd, 258715.683, 82
Trd, 258716.267, 97
Trd, 258716.450, 106
Trd, 258716.600, 105
Trd, 258716.817, 106
Trd, 258717.050, 75
Trd, 258717.200, 107
Trd, 258717.400, 110
Trd, 258717.550, 104
Trd, 258717.567, 104
Trd, 258718.150, 119
Trd, 258718.283, 116
Trd, 258718.567, 126
Trd, 258718.767, 127
Trd, 258718.983, 105
Trd, 258719.217, 118
Trd, 258719.233, 103
Trd, 258719.383, 98
Trd, 258719.533, 92
Trd, 258719.717, 129
Trd, 258719.983, 88
Trd, 258720.183, 87
Trd, 258720.350, 87
Trd, 258720.467, 121
Trd, 258720.500, 80
Trd, 258720.767, 88
Trd, 258720.967, 90
Trd, 258721.083, 68
Trd, 258721.167, 87
Trd, 258721.317, 98
Trd, 258721.483, 125
Trd, 258721.833, 108
Trd, 258722.667, 110
Trd, 258722.767, 101
Trd, 258723.267, 130
Trd, 258723.800, 136
Trd, 258723.833, 125
Trd, 258724.017, 107
Trd, 258724.250, 104
Trd, 258724.517, 109
Trd, 258724.550, 133
Trd, 258725.100, 108
Trd, 258725.533, 112
Trd, 258725.650, 133
Trd, 258725.767, 110
Trd, 258726.433, 127
Trd, 258726.683, 138
Trd, 258726.867, 108
Trd, 258727.067, 126
Trd, 258727.533, 104
Trd, 258727.733, 109
Trd, 258727.750, 106
Trd, 258728.083, 109
Trd, 258728.150, 108
Trd, 258728.367, 99
Trd, 258728.600, 135
Trd, 258728.783, 126
Trd, 258728.867, 120
Trd, 258729.200, 124
Trd, 258729.350, 107
Trd, 258729.700, 119
Trd, 258729.800, 139
Trd, 258729.850, 119
Trd, 258729.867, 119
Trd, 258730.050, 116
Trd, 258730.800, 140
Trd, 258731.133, 139
Trd, 258731.217, 130
Trd, 258731.233, 123
Trd, 258731.267, 123
Trd, 258731.783, 121
Trd, 258732.133, 117
Trd, 258732.400, 140
Trd, 258732.667, 137
Trd, 258732.700, 123
Trd, 258732.750, 117
Trd, 258732.983, 113
Trd, 258733.383, 111
Trd, 258733.567, 105
Trd, 258733.717, 114
Trd, 258733.883, 104
Trd, 258734.050, 104
Trd, 258734.350, 118
Trd, 258734.383, 121
Trd, 258734.583, 129
Trd, 258735.733, 139
Trd, 258735.800, 136
Trd, 258735.883, 128
Trd, 258736.050, 136
Trd, 258736.400, 121
Trd, 258736.567, 121
Trd, 258736.633, 120
Trd, 258736.750, 113
Trd, 258737.400, 139
Trd, 258737.567, 121
Trd, 258737.600, 110
Trd, 258737.850, 133
Trd, 258737.933, 109
Trd, 258738.100, 109
Trd, 258738.467, 125
Trd, 258738.867, 115
Trd, 258738.883, 126
Trd, 258739.117, 104
Trd, 258739.317, 109
Trd, 258739.383, 104
Trd, 258739.583, 94
Trd, 258740.533, 140
Trd, 258740.850, 115
Trd, 258741.050, 114
Trd, 258741.317, 123
Trd, 258741.367, 130
Trd, 258741.383, 131
Trd, 258741.483, 112
Trd, 258741.900, 122
Trd, 258742.783, 135
Trd, 258743.000, 125
Trd, 258743.233, 107
Trd, 258743.750, 123
Trd, 258743.917, 126
Trd, 258743.983, 115
Trd, 258744.433, 121
Trd, 258744.550, 111
Trd, 258744.667, 126
Trd, 258744.783, 102
Trd, 258744.817, 99
Trd, 258745.133, 95
Trd, 258745.433, 125
Trd, 258745.633, 99
Trd, 258745.667, 108
Trd, 258745.900, 121
Trd, 258745.983, 94
Trd, 258746.117, 86
Trd, 258746.400, 102
Trd, 258746.567, 126
Trd, 258747.233, 114
Trd, 258747.250, 112
Trd, 258748.533, 123
Trd, 258749.233, 116
Trd, 258749.250, 134
Trd, 258749.717, 124
Trd, 258749.933, 120
Trd, 258750.150, 119
Trd, 258750.550, 133
Trd, 258751.167, 140
Trd, 258751.350, 137
Trd, 258752.083, 139
Trd, 258752.100, 138
Trd, 258752.150, 138
Trd, 258752.467, 126
Trd, 258752.550, 121
Trd, 258752.633, 111
Trd, 258752.733, 125
Trd, 258753.067, 133
Trd, 258753.117, 130
Trd, 258753.217, 118
Trd, 258753.333, 125
Trd, 258753.983, 118
Trd, 258754.017, 128
Trd, 258754.033, 112
Trd, 258754.433, 116
Trd, 258754.750, 108
Trd, 258754.950, 108
Trd, 258755.000, 108
Trd, 258755.067, 116
Trd, 258755.250, 103
Trd, 258755.317, 98
Trd, 258755.333, 96
Trd, 258755.583, 110
Trd, 258755.733, 117
Trd, 258755.917, 95
Trd, 258756.067, 104
Trd, 258756.100, 105
Trd, 258756.167, 130
Trd, 258756.217, 131
Trd, 258756.433, 105
Trd, 258756.600, 118
Trd, 258757.167, 95
Trd, 258757.867, 95
Trd, 258757.900, 72
Trd, 258757.983, 68
Trd, 258758.083, 96
Trd, 258758.300, 113
Trd, 258758.550, 108
Trd, 258758.717, 109
Trd, 258759.100, 122
Trd, 258759.267, 72
Trd, 258759.350, 90
Trd, 258759.567, 91
Trd, 258759.883, 63
Trd, 258760.317, 78
Trd, 258760.433, 72
Trd, 258761.250, 73
Trd, 258761.333, 82
Trd, 258761.433, 108
Trd, 258761.583, 81
Trd, 258761.817, 84
Trd, 258762.150, 117
Trd, 258762.167, 119
Trd, 258762.983, 95
Trd, 258763.067, 123
Trd, 258763.300, 87
Trd, 258763.350, 83
Trd, 258763.417, 80
Trd, 258763.450, 79
Trd, 258763.550, 129
Trd, 258763.617, 79
Trd, 258763.683, 77
Trd, 258764.083, 120
Trd, 258764.667, 104
Trd, 258764.883, 129
Trd, 258765.533, 102
Trd, 258765.550, 90
Trd, 258766.017, 128
Trd, 258766.217, 122
Trd, 258766.450, 122
Trd, 258767.067, 120
Trd, 258767.533, 126
Trd, 258767.617, 109
Trd, 258768.150, 125
Trd, 258768.700, 117
Trd, 258768.733, 107
Trd, 258768.767, 104
Trd, 258768.850, 101
Trd, 258769.150, 133
Trd, 258769.950, 139
Trd, 258770.167, 124
Trd, 258770.583, 110
Trd, 258770.683, 109
Trd, 258770.800, 133
Trd, 258771.183, 133
Trd, 258771.517, 103
Trd, 258771.750, 108
Trd, 258771.917, 105
Trd, 258771.983, 113
Trd, 258772.067, 102
Trd, 258772.133, 100
Trd, 258772.233, 93
Trd, 258772.900, 127
Trd, 258773.333, 126
Trd, 258773.467, 132
Trd, 258773.550, 123
Trd, 258773.667, 108
Trd, 258773.867, 127
Trd, 258773.900, 100
Trd, 258774.783, 115
Trd, 258775.200, 130
Trd, 258775.400, 112
Trd, 258776.083, 114
Trd, 258776.133, 121
Trd, 258776.233, 117
Trd, 258776.800, 119
Trd, 258777.033, 108
Trd, 258777.083, 107
Trd, 258777.167, 105
Trd, 258777.217, 121
Trd, 258777.350, 98
Trd, 258777.483, 90
Trd, 258777.733, 103
Trd, 258777.917, 79
Trd, 258777.967, 101
Trd, 258778.400, 120
Trd, 258778.533, 132
Trd, 258778.567, 136
Trd, 258778.683, 134
Trd, 258779.217, 114
Trd, 258779.733, 99
Trd, 258780.200, 140
Trd, 258780.817, 118
Trd, 258780.983, 124
Trd, 258781.633, 114
Trd, 258781.933, 117
Trd, 258781.983, 130
Trd, 258782.017, 115
Trd, 258782.450, 135
Trd, 258782.483, 125
Trd, 258782.967, 129
Trd, 258783.183, 119
Trd, 258783.250, 119
Trd, 258783.317, 114
Trd, 258783.433, 114
Trd, 258783.483, 98
Trd, 258783.583, 127
Trd, 258783.633, 91
Trd, 258783.767, 90
Trd, 258783.917, 81
Trd, 258784.067, 87
Trd, 258784.467, 102
Trd, 258784.550, 69
Trd, 258784.683, 70
Trd, 258784.800, 106
Trd, 258785.200, 108
Trd, 258785.367, 120
Trd, 258786.383, 133
Trd, 258786.633, 140
Trd, 258786.983, 129
Trd, 258787.700, 129
Trd, 258787.933, 128
Trd, 258788.067, 121
Trd, 258788.117, 117
Trd, 258788.300, 130
Trd, 258788.417, 117
Trd, 258789.000, 102
Trd, 258789.133, 100
Trd, 258789.217, 127
Trd, 258789.383, 99
Trd, 258789.400, 97
Trd, 258789.817, 123
Trd, 258789.833, 138
Trd, 258790.000, 108
Trd, 258790.267, 102
Trd, 258791.250, 127
Trd, 258791.567, 131
Trd, 258792.017, 140
Trd, 258792.467, 139
Trd, 258793.117, 122
Trd, 258793.267, 122
Trd, 258793.433, 120
Trd, 258794.067, 119
Trd, 258794.117, 111
Trd, 258794.167, 130
Trd, 258794.983, 140
Trd, 258795.233, 140
Trd, 258795.750, 117
Trd, 258796.250, 109
Trd, 258796.383, 119
Trd, 258796.417, 108
Trd, 258796.583, 107
Trd, 258796.650, 106
Trd, 258796.783, 105
Trd, 258797.417, 134
Trd, 258797.750, 126
Trd, 258797.917, 123
Trd, 258798.050, 116
Trd, 258798.567, 135
Trd, 258798.833, 132
Trd, 258798.950, 136
Trd, 258799.133, 130
Trd, 258799.367, 126
Trd, 258799.583, 119
Trd, 258799.750, 125
Trd, 258799.783, 113
Trd, 258799.867, 122
Trd, 258800.117, 112
Trd, 258800.383, 113
Trd, 258800.417, 137
Trd, 258800.600, 136
Trd, 258801.217, 131
Trd, 258801.500, 134
Trd, 258801.517, 126
Trd, 258803.000, 106
Trd, 258803.133, 134
Trd, 258803.450, 113
Trd, 258803.533, 99
Trd, 258803.700, 93
Trd, 258804.283, 119
Trd, 258804.350, 118
Trd, 258804.617, 120
Trd, 258804.733, 117
Trd, 258805.233, 116
Trd, 258805.433, 136
Trd, 258806.500, 119
Trd, 258806.750, 139
Trd, 258806.783, 139
Trd, 258806.883, 116
Trd, 258807.150, 116
Trd, 258807.283, 108
Trd, 258807.550, 110
Trd, 258808.200, 117
Trd, 258808.233, 100
Trd, 258808.400, 117
Trd, 258808.567, 102
Trd, 258808.633, 99
Trd, 258808.683, 95
Trd, 258808.933, 93
Trd, 258808.967, 117
Trd, 258808.983, 92
Trd, 258809.050, 83
Trd, 258809.417, 76
Trd, 258809.900, 112
Trd, 258810.083, 106
Trd, 258810.150, 92
Trd, 258810.400, 106
Trd, 258810.767, 97
Trd, 258810.933, 110
Trd, 258811.100, 94
Trd, 258811.417, 89
Trd, 258811.433, 109
Trd, 258812.383, 102
Trd, 258812.467, 97
Trd, 258812.700, 104
Trd, 258812.717, 119
Trd, 258813.133, 104
Trd, 258813.783, 103
Trd, 258813.917, 98
Trd, 258813.983, 136
Trd, 258814.300, 138
Trd, 258814.700, 123
Trd, 258814.733, 110
Trd, 258814.883, 109
Trd, 258815.150, 106
Trd, 258815.183, 111
Trd, 258815.750, 117
Trd, 258815.817, 110
Trd, 258815.867, 105
Trd, 258816.333, 117
Trd, 258817.200, 138
Trd, 258817.250, 137
Trd, 258817.267, 130
Trd, 258817.300, 128
Trd, 258817.450, 129
Trd, 258817.750, 126
Trd, 258817.867, 135
Trd, 258818.100, 122
Trd, 258818.117, 116
Trd, 258818.367, 118
Trd, 258818.667, 115
Trd, 258819.017, 123
Trd, 258819.167, 129
Trd, 258820.050, 121
Trd, 258820.350, 112
Trd, 258820.950, 117
Trd, 258821.150, 126
Trd, 258821.250, 115
Trd, 258821.817, 127
Trd, 258821.950, 128
Trd, 258822.500, 124
Trd, 258822.767, 116
Trd, 258823.000, 130
Trd, 258823.300, 109
Trd, 258823.517, 107
Trd, 258823.750, 106
Trd, 258823.800, 114
Trd, 258824.033, 119
Trd, 258824.083, 123
Trd, 258824.117, 115
Trd, 258824.133, 131
Trd, 258824.483, 107
Trd, 258825.283, 132
Trd, 258825.850, 140
Trd, 258826.317, 124
Trd, 258826.450, 121
Trd, 258826.850, 118
Trd, 258826.950, 117
Trd, 258826.967, 112
Trd, 258827.350, 117
Trd, 258827.550, 119
Trd, 258827.733, 138
Trd, 258827.850, 109
Trd, 258828.167, 133
Trd, 258828.233, 113
Trd, 258828.383, 104
Trd, 258828.400, 98
Trd, 258828.417, 106
Trd, 258828.500, 107
Trd, 258828.717, 135
Trd, 258829.050, 131
Trd, 258829.600, 128
Trd, 258830.000, 138
Trd, 258830.233, 139
Trd, 258830.517, 139
Trd, 258830.533, 137
Trd, 258830.600, 130
Trd, 258830.800, 137
Trd, 258830.833, 127
Trd, 258831.383, 123
Trd, 258831.433, 125
Trd, 258832.083, 118
Trd, 258832.967, 125
Trd, 258833.000, 129
Trd, 258833.300, 114
Trd, 258833.750, 131
Trd, 258833.783, 113
Trd, 258833.833, 112
Trd, 258834.083, 108
Trd, 258834.100, 116
Trd, 258834.217, 132
Trd, 258835.117, 131
Trd, 258835.217, 130
Trd, 258835.700, 123
Trd, 258835.750, 133
Trd, 258835.817, 106
Trd, 258836.100, 123
Trd, 258836.467, 115
Trd, 258836.667, 115
Trd, 258837.200, 106
Trd, 258837.250, 99
Trd, 258837.600, 135
Trd, 258837.817, 133
Trd, 258837.900, 131
Trd, 258838.167, 112
Trd, 258838.200, 112
Trd, 258838.317, 130
Trd, 258838.500, 98
Trd, 258838.717, 95
Trd, 258838.800, 126
Trd, 258839.233, 104
Trd, 258839.650, 117
Trd, 258839.717, 104
Trd, 258839.933, 110
Trd, 258839.983, 97
Trd, 258840.283, 133
Trd, 258840.650, 129
Trd, 258840.783, 98
Trd, 258841.300, 124
Trd, 258841.483, 139
Trd, 258841.600, 135
Trd, 258841.667, 130
Trd, 258841.717, 123
Trd, 258841.867, 118
Trd, 258842.117, 117
Trd, 258842.400, 129
Trd, 258842.733, 124
Trd, 258842.983, 132
Trd, 258843.183, 123
Trd, 258843.383, 117
Trd, 258843.467, 110
Trd, 258843.533, 91
Trd, 258843.650, 91
Trd, 258844.100, 98
Trd, 258844.317, 72
Trd, 258844.333, 99
Trd, 258844.933, 119
Trd, 258845.067, 112
Trd, 258845.567, 121
Trd, 258846.150, 124
Trd, 258846.317, 136
Trd, 258846.517, 133
Trd, 258846.700, 114
Trd, 258847.000, 119
Trd, 258847.150, 113
Trd, 258847.367, 106
Trd, 258847.850, 106
Trd, 258847.900, 114
Trd, 258847.983, 116
Trd, 258848.367, 132
Trd, 258848.450, 133
Trd, 258848.467, 131
Trd, 258848.583, 116
Trd, 258848.867, 128
Trd, 258849.233, 134
Trd, 258849.883, 139
Trd, 258849.967, 117
Trd, 258850.017, 107
Trd, 258850.083, 104
Trd, 258850.733, 130
Trd, 258851.450, 126
Trd, 258851.750, 133
Trd, 258852.117, 124
Trd, 258852.417, 126
Trd, 258852.517, 124
Trd, 258852.617, 110
Trd, 258852.950, 128
Trd, 258853.233, 110
Trd, 258853.300, 139
Trd, 258853.483, 107
Trd, 258853.583, 105
Trd, 258853.917, 140
Trd, 258854.000, 100
Trd, 258854.367, 125
Trd, 258854.667, 137
Trd, 258854.750, 128
Trd, 258855.000, 122
Trd, 258855.233, 107
Trd, 258855.817, 134
Trd, 258856.217, 121
Trd, 258856.333, 118
Trd, 258856.550, 121
Trd, 258856.617, 122
Trd, 258856.783, 140
Trd, 258856.967, 127
Trd, 258857.283, 111
Trd, 258857.533, 132
Trd, 258857.567, 124
Trd, 258857.583, 119
Trd, 258857.617, 108
Trd, 258858.450, 139
Trd, 258858.583, 131
Trd, 258858.617, 128
Trd, 258858.667, 120
Trd, 258858.833, 114
Trd, 258859.467, 123
Trd, 258859.783, 123
Trd, 258859.817, 111
Trd, 258860.017, 107
Trd, 258860.167, 91
Trd, 258860.350, 119
Trd, 258860.567, 129
Trd, 258861.233, 97
Trd, 258861.250, 99
Trd, 258861.467, 121
Trd, 258861.683, 127
Trd, 258862.167, 116
Trd, 258862.717, 134
Trd, 258862.967, 122
Trd, 258863.100, 112
Trd, 258863.267, 111
Trd, 258863.600, 111
Trd, 258863.717, 107
Trd, 258863.967, 126
Trd, 258864.333, 105
Trd, 258865.133, 135
Trd, 258865.350, 118
Trd, 258865.583, 113
Trd, 258865.767, 111
Trd, 258865.800, 127
Trd, 258865.817, 100
Trd, 258866.317, 99
Trd, 258866.400, 96
Trd, 258866.717, 131
Trd, 258866.750, 116
Trd, 258866.817, 103
Trd, 258866.983, 115
Trd, 258868.233, 132
Trd, 258868.417, 118
Trd, 258868.483, 116
Trd, 258868.783, 107
Trd, 258869.050, 139
Trd, 258869.533, 133
Trd, 258869.667, 132
Trd, 258869.717, 135
Trd, 258869.783, 127
Trd, 258869.833, 107
Trd, 258870.000, 98
Trd, 258870.250, 96
Trd, 258871.367, 140
Trd, 258871.417, 140
Trd, 258871.800, 133
Trd, 258872.200, 135
Trd, 258872.383, 129
Trd, 258872.450, 117
Trd, 258872.750, 115
Trd, 258873.200, 125
Trd, 258873.350, 133
Trd, 258873.433, 115
Trd, 258874.133, 130
Trd, 258874.350, 111
Trd, 258874.533, 107
Trd, 258874.667, 122
Trd, 258875.167, 130
Trd, 258875.683, 140
Trd, 258875.783, 139
Trd, 258875.850, 128
Trd, 258875.967, 134
Trd, 258876.100, 119
Trd, 258876.150, 114
Trd, 258876.550, 139
Trd, 258876.667, 137
Trd, 258876.750, 121
Trd, 258877.033, 109
Trd, 258877.183, 101
Trd, 258877.383, 104
Trd, 258877.667, 115
Trd, 258878.017, 126
Trd, 258878.317, 109
Trd, 258878.833, 113
Trd, 258879.050, 97
Trd, 258879.067, 89
Trd, 258879.083, 117
Trd, 258879.317, 86
Trd, 258879.367, 123
Trd, 258879.633, 111
Trd, 258879.733, 82
Trd, 258879.833, 130
Trd, 258879.967, 123
Trd, 258879.983, 122
Trd, 258880.167, 88
Trd, 258880.667, 101
Trd, 258880.717, 87
Trd, 258880.750, 81
Trd, 258881.017, 114
Trd, 258881.267, 109
Trd, 258881.300, 112
Trd, 258881.467, 117
Trd, 258881.800, 117
Trd, 258881.883, 114
Trd, 258882.333, 102
Trd, 258882.933, 96
Trd, 258883.483, 134
Trd, 258883.917, 132
Trd, 258884.167, 130
Trd, 258884.183, 118
Trd, 258884.267, 113
Trd, 258884.333, 132
Trd, 258885.167, 103
Trd, 258885.200, 104
Trd, 258885.233, 93
Trd, 258885.283, 131
Trd, 258885.550, 107
Trd, 258886.417, 128
Trd, 258886.583, 114
Trd, 258886.600, 113
Trd, 258886.800, 115
Trd, 258887.100, 128
Trd, 258887.383, 97
Trd, 258887.467, 95
Trd, 258887.667, 101
Trd, 258888.217, 122
Trd, 258889.150, 134
Trd, 258889.367, 135
Trd, 258889.400, 132
Trd, 258889.467, 111
Trd, 258889.650, 109
Trd, 258889.800, 133
Trd, 258889.867, 108
Trd, 258890.333, 137
Trd, 258890.350, 124
Trd, 258890.983, 131
Trd, 258891.683, 140
Trd, 258892.483, 127
Trd, 258892.800, 131
Trd, 258893.050, 140
Trd, 258893.433, 124
Trd, 258893.700, 113
Trd, 258893.750, 133
Trd, 258893.783, 119
Trd, 258893.817, 113
Trd, 258893.850, 103
Trd, 258894.450, 132
Trd, 258894.567, 134
Trd, 258894.683, 129
Trd, 258895.033, 133
Trd, 258895.433, 129
Trd, 258895.833, 129
Trd, 258896.033, 128
Trd, 258896.050, 120
Trd, 258896.383, 113
Trd, 258896.433, 106
Trd, 258896.533, 106
Trd, 258897.400, 138
Trd, 258897.500, 121
Trd, 258897.600, 119
Trd, 258898.067, 134
Trd, 258898.617, 131
Trd, 258898.633, 140
Trd, 258898.800, 126
Trd, 258899.317, 116
Trd, 258899.700, 131
Trd, 258900.200, 107
Trd, 258900.217, 107
Trd, 258900.333, 105
Trd, 258901.033, 123
Trd, 258901.217, 124
Trd, 258901.750, 102
Trd, 258901.867, 117
Trd, 258901.933, 99
Trd, 258902.250, 106
Trd, 258902.383, 110
Trd, 258902.517, 123
Trd, 258903.050, 140
Trd, 258903.150, 139
Trd, 258903.200, 107
Trd, 258903.267, 106
Trd, 258903.667, 106
Trd, 258903.733, 105
Trd, 258903.917, 105
Trd, 258904.200, 100
Trd, 258904.317, 130
Trd, 258904.867, 127
Trd, 258904.950, 124
Trd, 258905.167, 116
Trd, 258905.333, 124
Trd, 258905.533, 103
Trd, 258905.867, 140
Trd, 258905.967, 116
Trd, 258906.100, 101
Trd, 258906.467, 125
Trd, 258906.850, 96
Trd, 258907.017, 117
Trd, 258907.250, 119
Trd, 258907.467, 118
Trd, 258907.567, 113
Trd, 258907.683, 100
Trd, 258907.817, 80
Trd, 258907.967, 114
Trd, 258908.017, 74
Trd, 258908.117, 127
Trd, 258908.400, 139
Trd, 258908.433, 134
Trd, 258908.717, 133
Trd, 258909.017, 117
Trd, 258909.383, 124
Trd, 258909.833, 85
Trd, 258910.150, 72
Trd, 258910.300, 97
Trd, 258910.583, 99
Trd, 258910.667, 96
Trd, 258910.850, 120
Trd, 258911.500, 115
Trd, 258911.633, 100
Trd, 258911.917, 102
Trd, 258912.283, 104
Trd, 258912.417, 103
Trd, 258912.450, 95
Trd, 258912.700, 91
Trd, 258913.000, 87
Trd, 258913.283, 138
Trd, 258913.367, 98
Trd, 258913.467, 133
Trd, 258913.900, 136
Trd, 258914.633, 101
Trd, 258914.750, 83
Trd, 258914.850, 105
Trd, 258915.200, 133
Trd, 258915.350, 131
Trd, 258915.400, 124
Trd, 258916.383, 120
Trd, 258916.583, 111
Trd, 258916.617, 107
Trd, 258917.067, 121
Trd, 258917.433, 135
Trd, 258917.633, 124
Trd, 258917.983, 138
Trd, 258918.383, 137
Trd, 258918.517, 136
Trd, 258918.533, 126
Trd, 258918.883, 126
Trd, 258918.933, 132
Trd, 258919.017, 125
Trd, 258919.100, 110
Trd, 258919.200, 109
Trd, 258919.783, 111
Trd, 258919.933, 111
Trd, 258920.367, 104
Trd, 258920.417, 107
Trd, 258920.717, 119
Trd, 258920.800, 102
Trd, 258921.617, 104
Trd, 258921.633, 103
Trd, 258921.650, 101
Trd, 258922.100, 107
Trd, 258923.517, 114
Trd, 258923.733, 123
Trd, 258923.767, 106
Trd, 258924.217, 128
Trd, 258924.250, 120
Trd, 258924.800, 134
Trd, 258924.850, 118
Trd, 258924.883, 114
Trd, 258925.017, 105
Trd, 258925.733, 114
Trd, 258925.800, 101
Trd, 258925.917, 109
Trd, 258926.100, 97
Trd, 258926.383, 112
Trd, 258926.617, 111
Trd, 258926.700, 94
Trd, 258926.717, 115
Trd, 258927.200, 92
Trd, 258927.300, 105
Trd, 258927.317, 106
Trd, 258927.617, 122
Trd, 258928.000, 104
Trd, 258928.200, 96
Trd, 258928.250, 91
Trd, 258928.517, 123
Trd, 258928.700, 81
Trd, 258929.033, 113
Trd, 258929.117, 93
Trd, 258929.250, 111
Trd, 258929.450, 96
Trd, 258929.733, 107
Trd, 258929.833, 111
Trd, 258930.183, 132
Trd, 258930.550, 116
Trd, 258930.983, 136
Trd, 258931.517, 129
Trd, 258931.650, 137
Trd, 258931.717, 133
Trd, 258931.917, 119
Trd, 258932.250, 136
Trd, 258932.300, 130
Trd, 258932.433, 128
Trd, 258933.283, 122
Trd, 258933.383, 119
Trd, 258933.767, 116
Trd, 258933.917, 111
Trd, 258934.450, 125
Trd, 258934.850, 122
Trd, 258935.233, 121
Trd, 258935.333, 113
Trd, 258935.383, 107
Trd, 258935.600, 103
Trd, 258935.900, 102
Trd, 258936.133, 91
Trd, 258936.267, 121
Trd, 258936.783, 114
Trd, 258937.167, 82
Trd, 258937.267, 118
Trd, 258937.300, 132
Trd, 258937.417, 123
Trd, 258937.667, 96
Trd, 258937.800, 134
Trd, 258937.900, 95
Trd, 258937.950, 138
Trd, 258938.250, 138
Trd, 258938.467, 116
Trd, 258938.800, 87
Trd, 258938.983, 134
Trd, 258939.233, 103
Trd, 258939.300, 81
Trd, 258939.550, 134
Trd, 258939.583, 88
Trd, 258939.650, 80
Trd, 258939.817, 82
Trd, 258939.850, 64
Trd, 258940.033, 65
Trd, 258940.150, 83
Trd, 258940.683, 90
Trd, 258940.800, 117
Trd, 258940.900, 120
Trd, 258940.933, 122
Trd, 258940.967, 89
Trd, 258941.317, 100
Trd, 258941.467, 75
Trd, 258941.550, 64
Trd, 258942.483, 132
Trd, 258942.550, 114
Trd, 258942.683, 102
Trd, 258942.767, 95
Trd, 258943.133, 115
Trd, 258943.200, 78
Trd, 258943.417, 132
Trd, 258944.217, 112
Trd, 258944.800, 104
Trd, 258945.083, 113
Trd, 258945.717, 104
Trd, 258945.883, 110
Trd, 258946.017, 101
Trd, 258946.150, 138
Trd, 258946.550, 126
Trd, 258946.567, 117
Trd, 258947.183, 140
Trd, 258947.283, 112
Trd, 258947.617, 125
Trd, 258948.117, 131
Trd, 258948.617, 99
Trd, 258948.717, 140
Trd, 258948.733, 139
Trd, 258949.050, 111
Trd, 258949.433, 116
Trd, 258950.067, 115
Trd, 258950.133, 128
Trd, 258950.383, 127
Trd, 258950.450, 116
Trd, 258950.550, 114
Trd, 258950.850, 129
Trd, 258950.950, 135
Trd, 258951.050, 128
Trd, 258951.200, 130
Trd, 258951.700, 117
Trd, 258952.283, 131
Trd, 258953.033, 116
Trd, 258953.100, 113
Trd, 258953.483, 105
Trd, 258953.717, 115
Trd, 258953.733, 101
Trd, 258953.917, 99
Trd, 258954.067, 116
Trd, 258954.283, 93
Trd, 258954.517, 115
Trd, 258955.033, 115
Trd, 258955.133, 112
Trd, 258955.483, 101
Trd, 258955.733, 123
Trd, 258955.883, 119
Trd, 258955.933, 101
Trd, 258956.183, 114
Trd, 258956.750, 120
Trd, 258956.783, 135
Trd, 258956.967, 133
Trd, 258957.100, 121
Trd, 258957.183, 117
Trd, 258957.267, 105
Trd, 258957.367, 127
Trd, 258958.033, 117
Trd, 258958.483, 129
Trd, 258958.567, 123
Trd, 258959.433, 107
Trd, 258959.883, 122
Trd, 258960.000, 116
Trd, 258960.500, 114
Trd, 258960.550, 111
Trd, 258960.650, 100
Trd, 258961.200, 97
Trd, 258961.250, 93
Trd, 258961.333, 125
Trd, 258962.217, 134
Trd, 258962.817, 129
Trd, 258962.833, 127
Trd, 258963.067, 118
Trd, 258963.333, 116
Trd, 258963.817, 113
Trd, 258963.983, 115
Trd, 258964.000, 112
Trd, 258964.033, 105
Trd, 258964.600, 114
Trd, 258964.617, 117
Trd, 258964.683, 91
Trd, 258964.900, 95
Trd, 258965.233, 122
Trd, 258965.300, 114
Trd, 258965.867, 120
Trd, 258965.967, 90
Trd, 258966.250, 80
Trd, 258966.867, 119
Trd, 258967.117, 113
Trd, 258967.783, 106
Trd, 258967.967, 137
Trd, 258968.483, 128
Trd, 258968.600, 135
Trd, 258968.850, 108
Trd, 258969.150, 116
Trd, 258969.183, 115
Trd, 258969.417, 132
Trd, 258969.450, 126
Trd, 258969.667, 130
Trd, 258969.983, 138
Trd, 258970.117, 119
Trd, 258970.333, 131
Trd, 258970.550, 132
Trd, 258970.717, 136
Trd, 258970.883, 119
Trd, 258971.183, 116
Trd, 258971.400, 116
Trd, 258971.433, 114
Trd, 258971.517, 137
Trd, 258971.667, 87
Trd, 258971.800, 87
Trd, 258971.933, 108
Trd, 258972.250, 104
Trd, 258972.600, 112
Trd, 258972.667, 128
Trd, 258972.883, 90
Trd, 258973.833, 131
Trd, 258974.250, 118
Trd, 258974.267, 119
Trd, 258974.400, 121
Trd, 258974.600, 115
Trd, 258975.300, 111
Trd, 258975.617, 97
Trd, 258975.883, 133
Trd, 258976.183, 139
Trd, 258976.333, 139
Trd, 258976.667, 138
Trd, 258976.783, 129
Trd, 258977.400, 129
Trd, 258978.100, 140
Trd, 258978.133, 140
Trd, 258978.267, 139
Trd, 258978.433, 130
Trd, 258978.783, 123
Trd, 258978.833, 123
Trd, 258978.883, 122
Trd, 258979.767, 125
Trd, 258980.150, 121
Trd, 258980.167, 118
Trd, 258980.383, 125
Trd, 258980.433, 130
Trd, 258980.817, 132
Trd, 258981.400, 121
Trd, 258981.800, 130
Trd, 258982.067, 119
Trd, 258982.133, 127
Trd, 258982.233, 130
Trd, 258982.900, 122
Trd, 258983.150, 129
Trd, 258983.167, 114
Trd, 258983.417, 110
Trd, 258983.583, 109
Trd, 258983.850, 93
Trd, 258983.933, 89
Trd, 258984.133, 93
Trd, 258984.733, 135
Trd, 258984.750, 130
Trd, 258984.817, 114
Trd, 258984.833, 113
Trd, 258985.517, 120
Trd, 258985.617, 119
Trd, 258985.733, 130
Trd, 258985.767, 111
Trd, 258985.883, 133
Trd, 258986.567, 105
Trd, 258987.417, 132
Trd, 258987.467, 95
Trd, 258987.733, 125
Trd, 258987.933, 104
Trd, 258988.633, 139
Trd, 258988.683, 126
Trd, 258989.067, 113
Trd, 258989.417, 126
Trd, 258989.667, 99
Trd, 258989.833, 127
Trd, 258990.050, 99
Trd, 258990.267, 126
Trd, 258990.367, 124
Trd, 258990.617, 118
Trd, 258991.233, 125
Trd, 258991.500, 120
Trd, 258991.650, 131
Trd, 258991.750, 116
Trd, 258992.200, 118
Trd, 258992.233, 116
Trd, 258992.783, 119
Trd, 258992.900, 122
Trd, 258993.300, 104
Trd, 258993.367, 101
Trd, 258993.833, 105
Trd, 258993.933, 100
Trd, 258994.000, 99
Trd, 258994.250, 91
Trd, 258994.533, 101
Trd, 258994.667, 102
Trd, 258994.683, 90
Trd, 258994.717, 111
Trd, 258995.383, 123
Trd, 258995.400, 98
Trd, 258995.600, 138
Trd, 258995.667, 107
Trd, 258995.700, 97
Trd, 258995.883, 86
Trd, 258996.100, 129
Trd, 258996.300, 123
Trd, 258996.417, 111
Trd, 258996.517, 102
Trd, 258996.617, 126
Trd, 258996.983, 106
Trd, 258997.283, 106
Trd, 258997.483, 87
Trd, 258997.617, 86
Trd, 258997.700, 139
Trd, 258998.400, 117
Trd, 258998.717, 116
Trd, 258998.750, 117
Trd, 258998.817, 115
Trd, 258999.733, 115
Trd, 259000.000, 137
Trd, 259000.067, 121
Trd, 259000.400, 117
Trd, 259000.983, 138
Trd, 259001.083, 125
Trd, 259001.217, 111
Trd, 259001.350, 139
Trd, 259001.500, 123
Trd, 259001.633, 135
Trd, 259001.700, 119
Trd, 259002.033, 115
Trd, 259002.483, 95
Trd, 259002.733, 94
Trd, 259003.050, 95
Trd, 259003.233, 108
Trd, 259003.267, 109
Trd, 259003.667, 106
Trd, 259003.867, 105
Trd, 259004.100, 103
Trd, 259004.183, 115
Trd, 259004.533, 138
Trd, 259004.750, 121
Trd, 259005.267, 131
Trd, 259005.533, 129
Trd, 259006.450, 128
Trd, 259006.600, 126
Trd, 259006.767, 124
Trd, 259006.867, 123
Trd, 259007.150, 113
Trd, 259007.283, 112
Trd, 259007.517, 133
Trd, 259007.633, 113
Trd, 259007.767, 108
Trd, 259008.150, 123
Trd, 259008.500, 139
Trd, 259008.550, 128
Trd, 259008.950, 132
Trd, 259009.017, 119
Trd, 259009.200, 105
Trd, 259009.517, 94
Trd, 259009.717, 132
Trd, 259010.583, 110
Trd, 259010.683, 129
Trd, 259010.767, 97
Trd, 259011.167, 128
Trd, 259011.200, 104
Trd, 259011.583, 109
Trd, 259012.550, 93
Trd, 259012.633, 107
Trd, 259012.650, 111
Trd, 259013.067, 134
Trd, 259013.200, 127
Trd, 259013.367, 88
Trd, 259014.033, 127
Trd, 259014.700, 117
Trd, 259015.067, 127
Trd, 259015.567, 109
Trd, 259015.633, 129
Trd, 259015.800, 108
Trd, 259016.067, 132
Trd, 259016.400, 128
Trd, 259016.450, 126
Trd, 259016.617, 126
Trd, 259016.750, 121
Trd, 259016.767, 115
Trd, 259016.900, 111
Trd, 259016.917, 102
Trd, 259017.017, 132
Trd, 259017.350, 140
Trd, 259017.383, 137
Trd, 259017.450, 122
Trd, 259017.600, 94
Trd, 259018.050, 124
Trd, 259018.333, 140
Trd, 259019.517, 115
Trd, 259019.767, 116
Trd, 259019.800, 126
Trd, 259019.900, 111
Trd, 259020.700, 118
Trd, 259020.867, 136
Trd, 259021.283, 121
Trd, 259021.383, 95
Trd, 259022.150, 127
Trd, 259022.800, 124
Trd, 259023.233, 126
Trd, 259023.467, 127
Trd, 259023.533, 123
Trd, 259023.617, 138
Trd, 259023.917, 117
Trd, 259024.050, 115
Trd, 259024.967, 119
Trd, 259025.150, 111
Trd, 259025.667, 129
Trd, 259025.783, 109
Trd, 259025.850, 103
Trd, 259025.933, 102
Trd, 259026.133, 140
Trd, 259026.417, 129
Trd, 259026.967, 133
Trd, 259027.050, 109
Trd, 259027.267, 101
Trd, 259027.767, 131
Trd, 259027.800, 120
Trd, 259028.150, 138
Trd, 259028.233, 130
Trd, 259028.367, 118
Trd, 259028.883, 130
Trd, 259028.950, 113
Trd, 259029.867, 128
Trd, 259030.250, 115
Trd, 259030.500, 110
Trd, 259030.517, 119
Trd, 259031.617, 110
Trd, 259032.300, 133
Trd, 259032.750, 120
Trd, 259032.850, 114
Trd, 259032.883, 110
Trd, 259032.933, 134
Trd, 259033.217, 113
Trd, 259033.433, 134
Trd, 259033.700, 130
Trd, 259034.333, 135
Trd, 259034.367, 114
Trd, 259034.967, 120
Trd, 259034.983, 114
Trd, 259035.017, 108
Trd, 259035.367, 111
Trd, 259035.483, 105
Trd, 259035.633, 97
Trd, 259035.733, 125
Trd, 259036.083, 93
Trd, 259036.467, 139
Trd, 259036.633, 138
Trd, 259036.700, 129
Trd, 259036.850, 110
Trd, 259037.100, 130
Trd, 259037.283, 131
Trd, 259037.833, 98
Trd, 259038.367, 126
Trd, 259038.383, 116
Trd, 259038.800, 132
Trd, 259039.283, 128
Trd, 259039.500, 122
Trd, 259039.567, 114
Trd, 259040.183, 116
Trd, 259040.333, 135
Trd, 259040.517, 112
Trd, 259040.833, 106
Trd, 259041.233, 129
Trd, 259041.367, 105
Trd, 259041.667, 121
Trd, 259041.817, 100
Trd, 259042.267, 120
Trd, 259042.283, 108
Trd, 259042.400, 104
Trd, 259042.433, 121
Trd, 259042.500, 104
Trd, 259042.683, 102
Trd, 259043.617, 114
Trd, 259044.100, 128
Trd, 259044.283, 118
Trd, 259044.367, 119
Trd, 259044.400, 113
Trd, 259044.467, 120
Trd, 259044.550, 110
Trd, 259044.967, 135
Trd, 259045.017, 131
Trd, 259045.267, 139
Trd, 259045.367, 132
Trd, 259045.700, 109
Trd, 259045.833, 106
Trd, 259046.050, 107
Trd, 259046.550, 110
Trd, 259046.900, 112
Trd, 259047.483, 118
Trd, 259047.600, 104
Trd, 259047.817, 98
Trd, 259048.450, 120
Trd, 259048.467, 140
Trd, 259048.717, 118
Trd, 259048.767, 107
Trd, 259049.067, 112
Trd, 259049.167, 94
Trd, 259049.367, 93
Trd, 259049.450, 128
Trd, 259049.467, 122
Trd, 259049.633, 131
Trd, 259050.333, 140
Trd, 259050.450, 139
Trd, 259050.567, 134
Trd, 259050.700, 131
Trd, 259051.383, 122
Trd, 259051.417, 121
Trd, 259051.517, 93
Trd, 259051.717, 89
Trd, 259051.750, 89
Trd, 259052.367, 101
Trd, 259052.500, 102
Trd, 259052.783, 95
Trd, 259052.917, 81
Trd, 259053.083, 96
Trd, 259053.133, 99
Trd, 259053.867, 120
Trd, 259054.300, 135
Trd, 259054.450, 120
Trd, 259055.117, 127
Trd, 259055.150, 126
Trd, 259055.217, 114
Trd, 259055.267, 112
Trd, 259055.350, 110
Trd, 259055.883, 106
Trd, 259055.983, 105
Trd, 259056.500, 135
Trd, 259056.683, 112
Trd, 259056.750, 106
Trd, 259056.767, 106
Trd, 259057.117, 108
Trd, 259057.133, 103
Trd, 259057.183, 110
Trd, 259057.417, 106
Trd, 259057.717, 130
Trd, 259058.033, 133
Trd, 259058.233, 131
Trd, 259058.700, 129
Trd, 259058.917, 109
Trd, 259059.383, 109
Trd, 259059.667, 121
Trd, 259059.850, 123
Trd, 259060.067, 113
Trd, 259060.217, 116
Trd, 259060.300, 101
Trd, 259060.883, 127
Trd, 259061.033, 120
Trd, 259061.100, 115
Trd, 259061.433, 131
Trd, 259061.567, 113
Trd, 259061.717, 124
Trd, 259061.883, 110
Trd, 259061.967, 101
Trd, 259062.500, 113
Trd, 259062.633, 119
Trd, 259062.817, 138
Trd, 259062.933, 111
Trd, 259063.050, 107
Trd, 259063.400, 125
Trd, 259064.567, 138
Trd, 259064.583, 137
Trd, 259064.933, 135
Trd, 259065.083, 131
Trd, 259065.183, 120
Trd, 259065.567, 119
Trd, 259065.600, 133
Trd, 259065.700, 137
Trd, 259066.350, 127
Trd, 259066.933, 118
Trd, 259067.117, 106
Trd, 259067.350, 125
Trd, 259067.683, 129
Trd, 259067.817, 122
Trd, 259067.917, 119
Trd, 259068.317, 118
Trd, 259068.333, 114
Trd, 259068.483, 114
Trd, 259068.583, 109
Trd, 259068.850, 126
Trd, 259068.950, 122
Trd, 259069.150, 109
Trd, 259069.200, 104
Trd, 259069.250, 92
Trd, 259069.417, 130
Trd, 259069.650, 109
Trd, 259069.717, 92
Trd, 259069.733, 136
Trd, 259070.283, 140
Trd, 259070.317, 122
Trd, 259070.483, 88
Trd, 259070.733, 105
Trd, 259071.150, 121
Trd, 259071.250, 124
Trd, 259071.617, 119
Trd, 259071.667, 133
Trd, 259072.550, 137
Trd, 259072.933, 106
Trd, 259072.950, 107
Trd, 259073.017, 135
Trd, 259073.300, 103
Trd, 259073.350, 104
Trd, 259073.433, 102
Trd, 259073.833, 88
Trd, 259074.150, 134
Trd, 259074.650, 140
Trd, 259074.683, 139
Trd, 259074.833, 125
Trd, 259074.917, 116
Trd, 259075.000, 110
Trd, 259075.100, 108
Trd, 259075.150, 81
Trd, 259075.667, 137
Trd, 259076.167, 100
Trd, 259076.700, 111
Trd, 259077.267, 126
Trd, 259077.683, 134
Trd, 259077.717, 125
Trd, 259077.767, 116
Trd, 259078.000, 104
Trd, 259078.300, 104
Trd, 259078.533, 120
Trd, 259078.567, 102
Trd, 259078.833, 130
Trd, 259078.900, 136
Trd, 259078.967, 125
Trd, 259079.450, 106
Trd, 259079.483, 90
Trd, 259079.517, 89
Trd, 259079.700, 120
Trd, 259079.833, 100
Trd, 259079.883, 84
Trd, 259080.300, 83
Trd, 259080.317, 84
Trd, 259080.817, 85
Trd, 259081.167, 133
Trd, 259081.450, 114
Trd, 259081.550, 98
Trd, 259081.967, 107
Trd, 259082.350, 110
Trd, 259082.600, 134
Trd, 259082.933, 97
Trd, 259083.200, 101
Trd, 259083.500, 140
Trd, 259083.783, 132
Trd, 259083.833, 131
Trd, 259083.900, 121
Trd, 259083.917, 138
Trd, 259084.717, 139
Trd, 259084.750, 113
Trd, 259084.900, 130
Trd, 259085.150, 111
Trd, 259085.233, 111
Trd, 259085.850, 109
Trd, 259086.200, 98
Trd, 259086.600, 126
Trd, 259086.633, 123
Trd, 259086.900, 131
Trd, 259087.000, 112
Trd, 259087.017, 108
Trd, 259087.067, 115
Trd, 259087.117, 119
Trd, 259087.183, 99
Trd, 259087.500, 103
Trd, 259087.600, 112
Trd, 259088.217, 120
Trd, 259088.367, 106
Trd, 259088.850, 114
Trd, 259088.967, 113
Trd, 259089.050, 124
Trd, 259089.117, 112
Trd, 259089.983, 140
Trd, 259090.417, 140
Trd, 259091.033, 120
Trd, 259091.267, 132
Trd, 259091.417, 116
Trd, 259091.683, 116
Trd, 259091.733, 115
Trd, 259091.750, 113
Trd, 259092.117, 118
Trd, 259092.333, 119
Trd, 259092.467, 117
Trd, 259093.000, 113
Trd, 259093.300, 87
Trd, 259093.400, 122
Trd, 259093.933, 121
Trd, 259094.083, 121
Trd, 259094.633, 114
Trd, 259094.867, 118
Trd, 259095.750, 121
Trd, 259095.783, 123
Trd, 259095.933, 109
Trd, 259096.283, 113
Trd, 259096.350, 108
Trd, 259096.383, 115
Trd, 259096.433, 118
Trd, 259096.533, 106
Trd, 259096.567, 105
Trd, 259096.583, 105
Trd, 259096.933, 123
Trd, 259097.017, 114
Trd, 259098.033, 134
Trd, 259098.117, 128
Trd, 259098.700, 108
Trd, 259098.883, 108
Trd, 259098.900, 109
Trd, 259099.283, 118
Trd, 259099.650, 104
Trd, 259099.933, 140
Trd, 259100.433, 133
Trd, 259101.050, 120
Trd, 259101.133, 115
Trd, 259101.283, 129
Trd, 259101.350, 130
Trd, 259101.433, 131
Trd, 259101.883, 127
Trd, 259102.167, 138
Trd, 259102.567, 111
Trd, 259102.733, 115
Trd, 259103.267, 109
Trd, 259103.300, 108
Trd, 259103.767, 106
Trd, 259103.850, 104
Trd, 259104.150, 111
Trd, 259104.200, 112
Trd, 259104.667, 133
Trd, 259104.700, 110
Trd, 259104.833, 103
Trd, 259105.050, 108
Trd, 259105.333, 124
Trd, 259105.983, 125
Trd, 259106.633, 119
Trd, 259106.683, 125
Trd, 259107.183, 120
Trd, 259107.517, 126
Trd, 259107.800, 118
Trd, 259107.850, 117
Trd, 259108.017, 115
Trd, 259108.133, 114
Trd, 259108.483, 124
Trd, 259108.517, 109
Trd, 259108.567, 107
Trd, 259108.817, 103
Trd, 259108.900, 117
Trd, 259109.067, 110
Trd, 259109.150, 102
Trd, 259109.233, 100
Trd, 259109.333, 116
Trd, 259109.583, 120
Trd, 259109.683, 123
Trd, 259110.850, 127
Trd, 259110.950, 125
Trd, 259111.450, 139
Trd, 259111.517, 138
Trd, 259112.100, 137
Trd, 259112.217, 124
Trd, 259112.817, 114
Trd, 259112.917, 113
Trd, 259113.150, 126
Trd, 259113.500, 132
Trd, 259113.767, 119
Trd, 259114.200, 110
Trd, 259114.350, 126
Trd, 259114.583, 128
Trd, 259115.283, 120
Trd, 259115.650, 117
Trd, 259115.883, 132
Trd, 259115.983, 124
Trd, 259116.017, 117
Trd, 259116.167, 102
Trd, 259116.233, 121
Trd, 259116.517, 137
Trd, 259116.883, 117
Trd, 259116.917, 108
Trd, 259117.217, 104
Trd, 259117.267, 105
Trd, 259117.417, 125
Trd, 259117.567, 121
Trd, 259118.217, 123
Trd, 259118.317, 122
Trd, 259118.533, 114
Trd, 259118.550, 103
Trd, 259118.650, 121
Trd, 259118.700, 99
Trd, 259119.133, 137
Trd, 259119.817, 126
Trd, 259120.683, 138
Trd, 259121.117, 113
Trd, 259121.250, 111
Trd, 259121.650, 125
Trd, 259122.133, 112
Trd, 259123.133, 111
Trd, 259123.217, 98
Trd, 259123.633, 104
Trd, 259123.650, 106
Trd, 259123.667, 119
Trd, 259124.017, 126
Trd, 259124.067, 98
Trd, 259124.300, 140
Trd, 259124.500, 98
Trd, 259124.650, 110
Trd, 259124.683, 119
Trd, 259124.750, 131
Trd, 259125.517, 132
Trd, 259125.633, 115
Trd, 259125.750, 136
Trd, 259125.767, 118
Trd, 259126.100, 128
Trd, 259126.400, 120
Trd, 259126.417, 119
Trd, 259126.683, 121
Trd, 259127.383, 118
Trd, 259127.450, 105
Trd, 259127.583, 111
Trd, 259127.967, 129
Trd, 259128.400, 131
Trd, 259128.767, 126
Trd, 259128.850, 117
Trd, 259129.017, 116
Trd, 259129.117, 116
Trd, 259129.317, 113
Trd, 259129.400, 98
Trd, 259129.933, 140
Trd, 259130.317, 131
Trd, 259130.517, 139
Trd, 259130.717, 131
Trd, 259130.917, 128
Trd, 259131.033, 128
Trd, 259131.350, 140
Trd, 259131.383, 124
Trd, 259131.567, 135
Trd, 259132.183, 133
Trd, 259132.600, 134
Trd, 259132.983, 119
Trd, 259133.050, 115
Trd, 259133.400, 135
Trd, 259133.633, 119
Trd, 259133.867, 132
Trd, 259133.950, 112
Trd, 259134.200, 135
Trd, 259134.617, 114
Trd, 259134.900, 106
Trd, 259135.517, 104
Trd, 259136.267, 127
Trd, 259136.483, 134
Trd, 259136.517, 104
Trd, 259137.383, 133
Trd, 259137.450, 133
Trd, 259137.900, 140
Trd, 259137.950, 132
Trd, 259138.100, 123
Trd, 259138.483, 121
Trd, 259138.767, 130
Trd, 259139.417, 108
Trd, 259139.717, 119
Trd, 259139.867, 124
Trd, 259139.917, 119
Trd, 259139.933, 109
Trd, 259140.000, 106
Trd, 259140.650, 128
Trd, 259141.100, 138
Trd, 259141.133, 121
Trd, 259141.883, 103
Trd, 259141.900, 102
Trd, 259142.250, 111
Trd, 259142.517, 114
Trd, 259142.783, 97
Trd, 259143.383, 89
Trd, 259143.417, 107
Trd, 259143.667, 110
Trd, 259144.233, 87
Trd, 259144.283, 111
Trd, 259144.950, 140
Trd, 259145.033, 138
Trd, 259145.300, 135
Trd, 259145.483, 134
Trd, 259145.717, 120
Trd, 259145.833, 119
Trd, 259146.033, 126
Trd, 259146.283, 124
Trd, 259146.333, 114
Trd, 259146.833, 115
Trd, 259146.967, 108
Trd, 259147.067, 102
Trd, 259147.233, 101
Trd, 259147.367, 90
Trd, 259147.633, 134
Trd, 259147.650, 133
Trd, 259148.183, 108
Trd, 259148.283, 93
Trd, 259148.367, 109
Trd, 259148.533, 116
Trd, 259148.600, 115
Trd, 259148.900, 90
Trd, 259149.117, 109
Trd, 259149.617, 108
Trd, 259149.933, 107
Trd, 259150.117, 123
Trd, 259150.617, 131
Trd, 259151.417, 132
Trd, 259151.500, 121
Trd, 259151.567, 113
Trd, 259152.050, 113
Trd, 259152.167, 110
Trd, 259152.183, 106
Trd, 259152.233, 96
Trd, 259152.250, 90
Trd, 259152.667, 103
Trd, 259152.683, 90
Trd, 259153.067, 106
Trd, 259153.517, 128
Trd, 259154.350, 140
Trd, 259154.500, 140
Trd, 259154.700, 128
Trd, 259155.050, 139
Trd, 259155.117, 119
Trd, 259155.167, 114
Trd, 259155.250, 130
Trd, 259155.550, 133
Trd, 259156.000, 92
Trd, 259156.350, 98
Trd, 259156.883, 114
Trd, 259157.017, 106
Trd, 259157.067, 101
Trd, 259157.100, 115
Trd, 259157.250, 133
Trd, 259157.917, 115
Trd, 259158.083, 112
Trd, 259158.467, 130
Trd, 259158.967, 119
Trd, 259158.983, 106
Trd, 259159.100, 96
Trd, 259159.183, 96
Trd, 259159.533, 92
Trd, 259160.000, 124
Trd, 259160.533, 91
Trd, 259160.767, 114
Trd, 259161.033, 109
Trd, 259161.067, 98
Trd, 259161.100, 127
Trd, 259161.583, 97
Trd, 259161.700, 87
Trd, 259161.850, 109
Trd, 259162.217, 128
Trd, 259162.467, 90
Trd, 259162.950, 99
Trd, 259163.033, 96
Trd, 259163.150, 89
Trd, 259163.167, 112
Trd, 259163.650, 100
Trd, 259164.000, 111
Trd, 259164.283, 109
Trd, 259164.317, 123
Trd, 259164.500, 124
Trd, 259164.817, 111
Trd, 259165.400, 101
Trd, 259165.633, 95
Trd, 259165.650, 118
Trd, 259165.667, 92
Trd, 259165.800, 128
Trd, 259165.967, 135
Trd, 259166.050, 124
Trd, 259166.433, 124
Trd, 259166.833, 124
Trd, 259167.100, 123
Trd, 259167.667, 140
Trd, 259167.683, 139
Trd, 259167.767, 127
Trd, 259168.050, 116
Trd, 259168.217, 126
Trd, 259168.483, 114
Trd, 259169.033, 137
Trd, 259169.117, 114
Trd, 259169.633, 104
Trd, 259169.867, 119
Trd, 259169.983, 91
Trd, 259170.000, 88
Trd, 259170.600, 99
Trd, 259170.700, 120
Trd, 259171.017, 86
Trd, 259171.300, 111
Trd, 259171.417, 99
Trd, 259171.433, 90
Trd, 259171.717, 115
Trd, 259171.867, 103
Trd, 259171.950, 105
Trd, 259172.400, 100
Trd, 259172.450, 114
Trd, 259172.467, 100
Trd, 259172.567, 99
Trd, 259172.583, 116
Trd, 259172.883, 107
Trd, 259173.417, 108
Trd, 259173.583, 113
Trd, 259173.783, 135
Trd, 259174.117, 108
Trd, 259174.250, 99
Trd, 259174.567, 117
Trd, 259174.650, 111
Trd, 259174.700, 90
Trd, 259174.833, 120
Trd, 259175.100, 94
Trd, 259175.550, 139
Trd, 259175.567, 138
Trd, 259176.217, 109
Trd, 259176.250, 107
Trd, 259176.550, 125
Trd, 259176.883, 121
Trd, 259177.633, 116
Trd, 259177.833, 113
Trd, 259177.967, 96
Trd, 259178.050, 91
Trd, 259178.133, 110
Trd, 259178.350, 109
Trd, 259178.833, 104
Trd, 259179.083, 123
Trd, 259179.333, 133
Trd, 259179.917, 106
Trd, 259180.117, 129
Trd, 259180.433, 107
Trd, 259180.517, 105
Trd, 259180.583, 109
Trd, 259180.700, 113
Trd, 259180.717, 101
Trd, 259180.867, 125
Trd, 259181.017, 94
Trd, 259181.300, 111
Trd, 259181.800, 133
Trd, 259181.917, 131
Trd, 259182.183, 109
Trd, 259182.600, 97
Trd, 259182.667, 111
Trd, 259182.833, 112
Trd, 259182.850, 121
Trd, 259183.233, 129
Trd, 259183.333, 93
Trd, 259183.500, 89
Trd, 259183.717, 112
Trd, 259184.100, 83
Trd, 259184.300, 76
Trd, 259184.317, 121
Trd, 259184.883, 95
Trd, 259185.017, 80
Trd, 259185.083, 96
Trd, 259185.250, 100
Trd, 259185.333, 95
Trd, 259185.583, 100
Trd, 259185.917, 130
Trd, 259186.317, 129
Trd, 259186.550, 110
Trd, 259186.567, 115
Trd, 259186.583, 80
Trd, 259187.000, 117
Trd, 259187.017, 131
Trd, 259187.317, 113
Trd, 259187.550, 105
Trd, 259187.783, 121
Trd, 259188.050, 114
Trd, 259188.183, 127
Trd, 259188.333, 105
Trd, 259188.467, 101
Trd, 259188.583, 134
Trd, 259189.933, 124
Trd, 259190.417, 103
Trd, 259190.567, 105
Trd, 259190.817, 106
Trd, 259190.883, 104
Trd, 259191.033, 112
Trd, 259191.117, 128
Trd, 259191.233, 125
Trd, 259191.750, 102
Trd, 259192.000, 96
Trd, 259192.267, 92
Trd, 259192.317, 93
Trd, 259192.667, 118
Trd, 259193.033, 93
Trd, 259193.633, 103
Trd, 259193.683, 80
Trd, 259194.233, 118
Trd, 259194.267, 81
Trd, 259194.367, 80
Trd, 259194.467, 74
Trd, 259194.700, 122
Trd, 259195.000, 111
Trd, 259195.017, 85
Trd, 259195.033, 125
Trd, 259195.333, 139
Trd, 259195.383, 101
Trd, 259195.633, 101
Trd, 259195.967, 131
Trd, 259196.417, 134
Trd, 259197.350, 135
Trd, 259198.150, 130
Trd, 259198.200, 125
Trd, 259198.217, 113
Trd, 259198.550, 134
Trd, 259198.633, 126
Trd, 259198.700, 125
Trd, 259199.517, 109
Trd, 259199.683, 108
Trd, 259199.700, 98
Trd, 259199.717, 110
