Trd, 258578.983, 136
Trd, 258579.683, 140
Trd, 258580.483, 139
Trd, 258580.600, 135
Trd, 258580.950, 139
Trd, 258581.033, 134
Trd, 258581.167, 127
Trd, 258581.233, 112
Trd, 258581.250, 108
Trd, 258581.433, 116
Trd, 258581.450, 99
Trd, 258581.483, 99
Trd, 258581.567, 124
Trd, 258582.233, 137
Trd, 258582.367, 125
Trd, 258582.767, 138
Trd, 258582.867, 137
Trd, 258583.283, 123
Trd, 258583.333, 110
Trd, 258583.817, 104
Trd, 258583.833, 120
Trd, 258584.117, 138
Trd, 258584.133, 112
Trd, 258584.533, 140
Trd, 258585.050, 139
Trd, 258585.117, 111
Trd, 258585.350, 136
Trd, 258585.633, 127
Trd, 258585.833, 125
Trd, 258586.200, 124
Trd, 258586.317, 117
Trd, 258586.417, 113
Trd, 258586.550, 110
Trd, 258586.633, 139
Trd, 258586.900, 121
Trd, 258586.917, 107
Trd, 258587.067, 122
Trd, 258587.167, 103
Trd, 258587.367, 135
Trd, 258587.600, 119
Trd, 258587.733, 128
Trd, 258587.900, 97
Trd, 258588.167, 98
Trd, 258588.433, 90
Trd, 258589.033, 138
Trd, 258589.083, 86
Trd, 258589.167, 85
Trd, 258589.267, 84
Trd, 258589.433, 81
Trd, 258589.567, 76
Trd, 258589.850, 83
Trd, 258589.933, 103
Trd, 258590.267, 99
Trd, 258590.583, 64
Trd, 258590.800, 66
Trd, 258590.917, 103
Trd, 258591.033, 121
Trd, 258591.217, 127
Trd, 258591.433, 114
Trd, 258591.733, 107
Trd, 258592.100, 104
Trd, 258592.133, 113
Trd, 258592.150, 100
Trd, 258592.617, 99
Trd, 258593.017, 115
Trd, 258593.317, 122
Trd, 258594.017, 140
Trd, 258594.217, 127
Trd, 258594.350, 120
Trd, 258594.750, 125
Trd, 258594.783, 118
Trd, 258594.950, 123
Trd, 258595.183, 132
Trd, 258595.217, 132
Trd, 258595.467, 131
Trd, 258595.633, 128
Trd, 258595.717, 122
Trd, 258596.583, 135
Trd, 258596.733, 117
Trd, 258597.100, 110
Trd, 258597.183, 95
Trd, 258597.633, 139
Trd, 258597.717, 138
Trd, 258597.917, 134
Trd, 258598.033, 105
Trd, 258598.350, 84
Trd, 258598.483, 79
Trd, 258598.817, 123
Trd, 258598.983, 98
Trd, 258599.317, 131
Trd, 258599.367, 136
Trd, 258599.750, 104
Trd, 258599.800, 117
Trd, 258600.100, 117
Trd, 258600.283, 100
Trd, 258600.317, 99
Trd, 258600.817, 139
Trd, 258601.333, 133
Trd, 258601.400, 132
Trd, 258601.450, 122
Trd, 258601.500, 125
Trd, 258602.000, 139
Trd, 258602.200, 135
Trd, 258602.483, 131
Trd, 258602.700, 122
Trd, 258602.900, 114
Trd, 258603.050, 110
Trd, 258603.400, 87
Trd, 258603.733, 130
Trd, 258604.250, 125
Trd, 258604.467, 115
Trd, 258604.733, 102
Trd, 258605.167, 129
Trd, 258605.333, 116
Trd, 258605.467, 107
Trd, 258605.733, 127
Trd, 258606.017, 133
Trd, 258607.083, 140
Trd, 258607.183, 135
Trd, 258607.217, 132
Trd, 258607.233, 132
Trd, 258607.283, 132
Trd, 258607.683, 138
Trd, 258607.800, 127
Trd, 258608.233, 128
Trd, 258608.267, 125
Trd, 258608.400, 127
Trd, 258608.567, 110
Trd, 258608.633, 96
Trd, 258608.700, 83
Trd, 258608.850, 83
Trd, 258609.400, 122
Trd, 258609.417, 123
Trd, 258609.583, 103
Trd, 258609.750, 104
Trd, 258609.783, 108
Trd, 258610.017, 127
Trd, 258610.167, 80
Trd, 258610.417, 118
Trd, 258610.883, 77
Trd, 258611.233, 102
Trd, 258611.867, 106
Trd, 258612.133, 137
Trd, 258612.417, 134
Trd, 258612.667, 109
Trd, 258612.917, 137
Trd, 258613.533, 140
Trd, 258613.867, 131
Trd, 258614.350, 140
Trd, 258614.717, 138
Trd, 258614.983, 135
Trd, 258615.450, 131
Trd, 258615.483, 130
Trd, 258615.633, 129
Trd, 258615.817, 130
Trd, 258616.400, 120
Trd, 258616.450, 113
Trd, 258616.650, 104
Trd, 258616.750, 138
Trd, 258616.867, 101
Trd, 258617.017, 100
Trd, 258617.400, 106
Trd, 258617.633, 122
Trd, 258618.050, 125
Trd, 258618.417, 117
Trd, 258618.583, 114
Trd, 258618.867, 113
Trd, 258618.950, 94
Trd, 258619.250, 123
Trd, 258619.417, 124
Trd, 258619.667, 83
Trd, 258619.833, 105
Trd, 258619.933, 113
Trd, 258620.250, 98
Trd, 258620.317, 111
Trd, 258620.767, 95
Trd, 258620.900, 105
Trd, 258620.933, 107
Trd, 258621.117, 93
Trd, 258621.167, 77
Trd, 258621.283, 72
Trd, 258621.417, 100
Trd, 258621.433, 87
Trd, 258621.567, 93
Trd, 258621.583, 63
Trd, 258621.717, 69
Trd, 258621.833, 101
Trd, 258622.083, 64
Trd, 258622.133, 98
Trd, 258622.250, 65
Trd, 258622.467, 134
Trd, 258622.533, 123
Trd, 258622.567, 132
Trd, 258623.000, 66
Trd, 258623.217, 66
Trd, 258624.183, 104
Trd, 258625.000, 121
Trd, 258625.183, 108
Trd, 258625.667, 88
Trd, 258625.683, 137
Trd, 258625.700, 81
Trd, 258626.100, 98
Trd, 258626.167, 79
Trd, 258626.417, 120
Trd, 258626.767, 127
Trd, 258626.817, 119
Trd, 258627.017, 139
Trd, 258627.150, 102
Trd, 258627.533, 106
Trd, 258627.717, 99
Trd, 258627.833, 138
Trd, 258627.900, 121
Trd, 258628.233, 138
Trd, 258628.283, 137
Trd, 258628.633, 113
Trd, 258628.750, 136
Trd, 258629.083, 139
Trd, 258629.183, 131
Trd, 258629.283, 108
Trd, 258629.567, 139
Trd, 258629.833, 135
Trd, 258629.967, 107
Trd, 258630.167, 123
Trd, 258630.183, 127
Trd, 258630.833, 111
Trd, 258630.950, 102
Trd, 258631.117, 114
Trd, 258631.400, 100
Trd, 258631.533, 90
Trd, 258631.667, 83
Trd, 258631.817, 69
Trd, 258631.900, 77
Trd, 258632.317, 134
Trd, 258633.433, 140
Trd, 258633.467, 140
Trd, 258633.767, 137
Trd, 258633.867, 137
Trd, 258633.883, 135
Trd, 258633.983, 131
Trd, 258634.133, 111
Trd, 258634.583, 139
Trd, 258635.633, 129
Trd, 258635.700, 121
Trd, 258635.867, 103
Trd, 258636.783, 99
Trd, 258636.883, 135
Trd, 258637.200, 120
Trd, 258637.233, 98
Trd, 258637.517, 101
Trd, 258637.767, 120
Trd, 258637.867, 117
Trd, 258638.250, 140
Trd, 258638.400, 111
Trd, 258638.600, 115
Trd, 258638.617, 114
Trd, 258638.650, 110
Trd, 258638.900, 105
Trd, 258639.033, 121
Trd, 258639.200, 126
Trd, 258639.517, 115
Trd, 258639.550, 99
Trd, 258639.683, 129
Trd, 258640.017, 73
Trd, 258640.050, 87
Trd, 258640.617, 133
Trd, 258641.117, 131
Trd, 258641.383, 129
Trd, 258641.683, 133
Trd, 258641.867, 132
Trd, 258641.900, 113
Trd, 258641.917, 111
Trd, 258642.100, 107
Trd, 258642.133, 98
Trd, 258642.150, 97
Trd, 258642.483, 117
Trd, 258642.817, 131
Trd, 258642.867, 120
Trd, 258643.250, 134
Trd, 258643.367, 102
Trd, 258643.433, 104
Trd, 258643.700, 116
Trd, 258644.033, 124
Trd, 258644.167, 123
Trd, 258644.667, 122
Trd, 258645.250, 118
Trd, 258645.567, 135
Trd, 258645.667, 109
Trd, 258645.850, 95
Trd, 258646.017, 107
Trd, 258646.367, 110
Trd, 258646.700, 134
Trd, 258646.967, 139
Trd, 258646.983, 128
Trd, 258647.183, 124
Trd, 258647.483, 137
Trd, 258647.517, 123
Trd, 258648.083, 110
Trd, 258648.500, 110
Trd, 258648.633, 140
Trd, 258648.700, 97
Trd, 258648.950, 132
Trd, 258649.050, 93
Trd, 258649.250, 98
Trd, 258649.283, 99
Trd, 258649.483, 92
Trd, 258649.633, 138
Trd, 258649.883, 132
Trd, 258650.183, 130
Trd, 258650.217, 137
Trd, 258650.233, 92
Trd, 258650.467, 126
Trd, 258650.883, 135
Trd, 258650.917, 106
Trd, 258651.383, 116
Trd, 258651.800, 115
Trd, 258651.950, 121
Trd, 258652.350, 123
Trd, 258652.400, 122
Trd, 258652.450, 122
Trd, 258652.633, 119
Trd, 258652.817, 117
Trd, 258652.883, 88
Trd, 258653.967, 112
Trd, 258654.350, 123
Trd, 258654.450, 121
Trd, 258654.700, 126
Trd, 258655.117, 127
Trd, 258655.233, 119
Trd, 258655.350, 115
Trd, 258655.517, 109
Trd, 258655.850, 104
Trd, 258655.950, 129
Trd, 258656.067, 105
Trd, 258656.117, 86
Trd, 258656.133, 86
Trd, 258656.383, 119
Trd, 258656.583, 123
Trd, 258656.650, 121
Trd, 258656.667, 117
Trd, 258656.783, 109
Trd, 258657.317, 139
Trd, 258657.450, 133
Trd, 258657.467, 118
Trd, 258658.600, 114
Trd, 258658.733, 103
Trd, 258658.833, 104
Trd, 258659.350, 128
Trd, 258660.483, 118
Trd, 258660.583, 108
Trd, 258660.633, 122
Trd, 258660.733, 120
Trd, 258660.883, 102
Trd, 258660.900, 119
Trd, 258660.967, 94
Trd, 258661.167, 127
Trd, 258661.533, 95
Trd, 258661.783, 140
Trd, 258661.833, 94
Trd, 258661.883, 92
Trd, 258662.083, 111
Trd, 258662.250, 101
Trd, 258662.283, 125
Trd, 258662.550, 127
Trd, 258662.967, 103
Trd, 258662.983, 83
Trd, 258663.333, 139
Trd, 258663.667, 139
Trd, 258664.283, 140
Trd, 258664.383, 120
Trd, 258664.650, 115
Trd, 258665.083, 134
Trd, 258665.317, 138
Trd, 258665.417, 135
Trd, 258665.550, 139
Trd, 258665.583, 114
Trd, 258666.183, 131
Trd, 258666.233, 95
Trd, 258666.717, 115
Trd, 258666.783, 105
Trd, 258667.417, 109
Trd, 258667.650, 136
Trd, 258667.900, 140
Trd, 258668.033, 140
Trd, 258668.083, 120
Trd, 258668.250, 116
Trd, 258668.533, 135
Trd, 258668.833, 140
Trd, 258669.033, 129
Trd, 258669.083, 127
Trd, 258669.283, 126
Trd, 258669.350, 116
Trd, 258669.683, 106
Trd, 258669.750, 104
Trd, 258670.017, 138
Trd, 258670.300, 112
Trd, 258670.733, 106
Trd, 258671.067, 135
Trd, 258671.083, 121
Trd, 258671.200, 117
Trd, 258671.383, 114
Trd, 258671.500, 99
Trd, 258671.650, 119
Trd, 258671.667, 97
Trd, 258672.017, 90
Trd, 258672.533, 107
Trd, 258673.167, 99
Trd, 258673.533, 136
Trd, 258673.667, 131
Trd, 258673.850, 103
Trd, 258674.250, 112
Trd, 258674.517, 109
Trd, 258674.600, 114
Trd, 258674.633, 137
Trd, 258675.283, 100
Trd, 258675.900, 136
Trd, 258676.017, 133
Trd, 258676.150, 130
Trd, 258676.517, 127
Trd, 258676.650, 137
Trd, 258676.800, 117
Trd, 258677.167, 139
Trd, 258677.333, 134
Trd, 258677.483, 129
Trd, 258677.633, 116
Trd, 258677.683, 116
Trd, 258677.733, 116
Trd, 258677.967, 124
Trd, 258678.167, 130
Trd, 258678.200, 107
Trd, 258678.833, 113
Trd, 258678.850, 108
Trd, 258679.167, 105
Trd, 258679.200, 106
Trd, 258679.433, 111
Trd, 258679.600, 103
Trd, 258679.817, 94
Trd, 258680.050, 104
Trd, 258680.383, 90
Trd, 258680.733, 101
Trd, 258680.950, 115
Trd, 258681.083, 113
Trd, 258681.417, 66
Trd, 258681.783, 130
Trd, 258682.133, 134
Trd, 258682.400, 130
Trd, 258682.550, 129
Trd, 258683.133, 139
Trd, 258683.350, 140
Trd, 258683.567, 136
Trd, 258683.650, 129
Trd, 258684.417, 124
Trd, 258684.433, 140
Trd, 258685.017, 132
Trd, 258685.067, 114
Trd, 258685.133, 110
Trd, 258685.650, 127
Trd, 258685.800, 124
Trd, 258685.950, 121
Trd, 258686.183, 122
Trd, 258686.600, 109
Trd, 258687.283, 117
Trd, 258687.500, 119
Trd, 258687.517, 113
Trd, 258687.767, 138
Trd, 258688.033, 131
Trd, 258688.333, 130
Trd, 258688.383, 121
Trd, 258688.817, 134
Trd, 258689.050, 105
Trd, 258689.350, 95
Trd, 258689.650, 136
Trd, 258689.800, 90
Trd, 258689.817, 95
Trd, 258690.133, 140
Trd, 258690.233, 139
Trd, 258690.300, 117
Trd, 258690.350, 129
Trd, 258690.683, 140
Trd, 258691.183, 139
Trd, 258691.417, 139
Trd, 258691.433, 136
Trd, 258691.633, 133
Trd, 258692.183, 140
Trd, 258692.383, 125
Trd, 258692.717, 138
Trd, 258693.317, 125
Trd, 258693.367, 109
Trd, 258693.417, 108
Trd, 258693.550, 114
Trd, 258693.750, 140
Trd, 258694.250, 139
Trd, 258694.650, 131
Trd, 258694.717, 129
Trd, 258694.817, 128
Trd, 258694.983, 118
Trd, 258695.300, 123
Trd, 258695.417, 133
Trd, 258695.683, 139
Trd, 258695.717, 126
Trd, 258695.783, 140
Trd, 258695.883, 116
Trd, 258696.033, 112
Trd, 258696.833, 128
Trd, 258696.850, 125
Trd, 258697.583, 122
Trd, 258697.950, 117
Trd, 258697.983, 116
Trd, 258698.033, 116
Trd, 258698.200, 130
Trd, 258698.333, 115
Trd, 258698.483, 111
Trd, 258698.917, 101
Trd, 258699.100, 120
Trd, 258699.450, 138
Trd, 258699.667, 127
Trd, 258699.783, 125
Trd, 258699.917, 130
Trd, 258699.950, 113
Trd, 258700.283, 139
Trd, 258700.550, 131
Trd, 258700.817, 114
Trd, 258701.167, 109
Trd, 258701.700, 140
Trd, 258701.800, 109
Trd, 258701.917, 107
Trd, 258702.250, 113
Trd, 258702.567, 113
Trd, 258702.850, 112
Trd, 258702.917, 111
Trd, 258703.483, 106
Trd, 258703.600, 104
Trd, 258703.833, 92
Trd, 258703.900, 134
Trd, 258704.167, 112
Trd, 258704.217, 111
Trd, 258704.517, 131
Trd, 258704.550, 101
Trd, 258704.700, 101
Trd, 258704.900, 110
Trd, 258705.050, 137
Trd, 258705.233, 108
Trd, 258706.267, 132
Trd, 258706.300, 127
Trd, 258706.500, 139
Trd, 258706.817, 120
Trd, 258707.183, 116
Trd, 258707.633, 139
Trd, 258707.850, 139
Trd, 258708.050, 135
Trd, 258708.067, 122
Trd, 258708.217, 101
Trd, 258708.300, 134
Trd, 258708.517, 82
Trd, 258709.100, 120
Trd, 258709.417, 104
Trd, 258709.983, 137
Trd, 258710.100, 101
Trd, 258710.300, 122
Trd, 258710.500, 92
Trd, 258710.733, 140
Trd, 258711.050, 115
Trd, 258711.467, 106
Trd, 258711.517, 107
Trd, 258711.950, 103
Trd, 258712.117, 123
Trd, 258712.200, 101
Trd, 258712.300, 120
Trd, 258712.333, 101
Trd, 258712.517, 99
Trd, 258712.750, 130
Trd, 258712.867, 99
Trd, 258712.983, 104
Trd, 258713.083, 90
Trd, 258713.267, 121
Trd, 258713.517, 100
Trd, 258713.717, 86
Trd, 258714.017, 90
Trd, 258714.067, 104
Trd, 258714.617, 140
Trd, 258715.000, 136
Trd, 258715.233, 124
Trd, 258715.717, 119
Trd, 258716.133, 122
Trd, 258716.617, 129
Trd, 258716.917, 110
Trd, 258716.933, 108
Trd, 258717.133, 102
Trd, 258717.733, 124
Trd, 258717.867, 114
Trd, 258718.133, 115
Trd, 258718.200, 124
Trd, 258718.300, 125
Trd, 258718.450, 110
Trd, 258718.467, 109
Trd, 258718.950, 137
Trd, 258719.183, 140
Trd, 258719.267, 134
Trd, 258719.317, 118
Trd, 258719.500, 140
Trd, 258719.750, 139
Trd, 258719.850, 90
Trd, 258720.567, 79
Trd, 258720.750, 75
Trd, 258721.367, 115
Trd, 258721.967, 126
Trd, 258722.017, 118
Trd, 258722.167, 111
Trd, 258722.350, 107
Trd, 258722.533, 107
Trd, 258722.617, 132
Trd, 258722.883, 123
Trd, 258722.900, 103
Trd, 258723.033, 80
Trd, 258723.283, 122
Trd, 258723.300, 112
Trd, 258723.433, 107
Trd, 258723.467, 72
Trd, 258723.783, 111
Trd, 258723.867, 102
Trd, 258724.000, 63
Trd, 258724.267, 67
Trd, 258724.317, 123
Trd, 258724.533, 84
Trd, 258724.817, 127
Trd, 258724.883, 101
Trd, 258725.367, 125
Trd, 258725.567, 120
Trd, 258725.650, 106
Trd, 258725.733, 134
Trd, 258726.067, 134
Trd, 258726.483, 130
Trd, 258726.683, 131
Trd, 258727.067, 126
Trd, 258727.217, 123
Trd, 258727.250, 127
Trd, 258727.583, 115
Trd, 258728.117, 114
Trd, 258728.150, 100
Trd, 258728.167, 97
Trd, 258728.417, 97
Trd, 258728.900, 117
Trd, 258729.000, 92
Trd, 258729.233, 86
Trd, 258729.533, 116
Trd, 258729.633, 83
Trd, 258729.983, 85
Trd, 258730.617, 60
Trd, 258730.867, 77
Trd, 258731.117, 115
Trd, 258731.417, 120
Trd, 258731.500, 105
Trd, 258731.667, 79
Trd, 258731.700, 61
Trd, 258731.933, 63
Trd, 258732.133, 71
Trd, 258732.467, 96
Trd, 258732.783, 103
Trd, 258732.867, 102
Trd, 258733.050, 103
Trd, 258733.117, 125
Trd, 258733.150, 100
Trd, 258733.300, 137
Trd, 258733.483, 112
Trd, 258733.550, 97
Trd, 258734.100, 140
Trd, 258734.367, 140
Trd, 258734.933, 140
Trd, 258735.150, 139
Trd, 258735.500, 139
Trd, 258735.600, 109
Trd, 258735.917, 140
Trd, 258736.100, 130
Trd, 258736.767, 139
Trd, 258737.133, 137
Trd, 258737.233, 113
Trd, 258737.667, 108
Trd, 258737.933, 123
Trd, 258738.317, 123
Trd, 258738.367, 121
Trd, 258738.533, 135
Trd, 258738.567, 122
Trd, 258738.817, 117
Trd, 258739.150, 112
Trd, 258739.383, 138
Trd, 258739.917, 106
Trd, 258739.933, 105
Trd, 258740.067, 102
Trd, 258740.133, 92
Trd, 258740.167, 87
Trd, 258740.300, 84
Trd, 258740.600, 112
Trd, 258740.667, 86
Trd, 258741.483, 99
Trd, 258741.717, 96
Trd, 258741.733, 93
Trd, 258741.983, 102
Trd, 258742.183, 103
Trd, 258742.250, 106
Trd, 258742.417, 136
Trd, 258742.433, 132
Trd, 258742.617, 133
Trd, 258743.650, 136
Trd, 258743.817, 129
Trd, 258743.983, 127
Trd, 258744.200, 134
Trd, 258744.400, 128
Trd, 258744.483, 126
Trd, 258744.917, 97
Trd, 258745.000, 118
Trd, 258745.167, 93
Trd, 258745.333, 139
Trd, 258745.500, 117
Trd, 258746.383, 134
Trd, 258746.867, 123
Trd, 258747.200, 139
Trd, 258747.450, 127
Trd, 258747.667, 128
Trd, 258747.900, 134
Trd, 258747.917, 127
Trd, 258748.083, 136
Trd, 258748.217, 124
Trd, 258748.267, 115
Trd, 258748.350, 135
Trd, 258748.783, 139
Trd, 258748.817, 138
Trd, 258748.917, 136
Trd, 258749.000, 140
Trd, 258749.033, 108
Trd, 258749.967, 133
Trd, 258750.333, 130
Trd, 258751.000, 140
Trd, 258751.033, 134
Trd, 258751.250, 130
Trd, 258751.300, 128
Trd, 258751.317, 126
Trd, 258752.167, 118
Trd, 258752.333, 106
Trd, 258752.483, 108
Trd, 258752.583, 105
Trd, 258752.633, 119
Trd, 258752.983, 140
Trd, 258753.167, 118
Trd, 258753.933, 131
Trd, 258754.167, 122
Trd, 258754.200, 121
Trd, 258754.600, 107
Trd, 258755.550, 131
Trd, 258755.600, 122
Trd, 258755.817, 120
Trd, 258756.100, 127
Trd, 258756.283, 117
Trd, 258756.300, 107
Trd, 258756.733, 105
Trd, 258756.817, 98
Trd, 258756.933, 117
Trd, 258757.167, 137
Trd, 258757.467, 129
Trd, 258757.567, 126
Trd, 258757.933, 140
Trd, 258758.400, 139
Trd, 258758.617, 126
Trd, 258758.833, 122
Trd, 258758.850, 126
Trd, 258759.050, 136
Trd, 258759.117, 125
Trd, 258759.233, 95
Trd, 258759.450, 111
Trd, 258759.550, 105
Trd, 258759.700, 102
Trd, 258759.750, 101
Trd, 258759.817, 95
Trd, 258760.033, 138
Trd, 258760.083, 131
Trd, 258760.400, 124
Trd, 258760.883, 131
Trd, 258761.083, 123
Trd, 258761.200, 139
Trd, 258761.433, 122
Trd, 258761.850, 122
Trd, 258761.967, 111
Trd, 258762.033, 138
Trd, 258762.133, 129
Trd, 258762.367, 121
Trd, 258762.383, 103
Trd, 258762.983, 131
Trd, 258764.067, 140
Trd, 258764.117, 140
Trd, 258764.467, 135
Trd, 258764.550, 133
Trd, 258764.600, 138
Trd, 258764.667, 130
Trd, 258764.933, 137
Trd, 258765.083, 139
Trd, 258765.167, 117
Trd, 258765.250, 104
Trd, 258765.333, 92
Trd, 258765.583, 91
Trd, 258766.317, 107
Trd, 258766.650, 138
Trd, 258766.833, 135
Trd, 258767.050, 132
Trd, 258767.333, 129
Trd, 258767.400, 127
Trd, 258767.933, 138
Trd, 258768.100, 128
Trd, 258768.633, 130
Trd, 258768.867, 129
Trd, 258769.200, 115
Trd, 258769.500, 117
Trd, 258769.717, 114
Trd, 258769.800, 130
Trd, 258769.850, 110
Trd, 258770.033, 102
Trd, 258770.100, 97
Trd, 258770.233, 97
Trd, 258770.367, 109
Trd, 258770.400, 94
Trd, 258770.433, 136
Trd, 258770.733, 92
Trd, 258770.867, 92
Trd, 258770.900, 138
Trd, 258771.083, 116
Trd, 258771.600, 138
Trd, 258771.683, 133
Trd, 258771.800, 133
Trd, 258772.267, 134
Trd, 258772.367, 132
Trd, 258772.450, 102
Trd, 258772.833, 135
Trd, 258773.100, 139
Trd, 258773.933, 128
Trd, 258774.333, 140
Trd, 258774.783, 124
Trd, 258774.967, 119
Trd, 258775.817, 112
Trd, 258776.117, 112
Trd, 258776.233, 117
Trd, 258776.317, 111
Trd, 258776.567, 103
Trd, 258777.233, 140
Trd, 258777.833, 134
Trd, 258778.100, 132
Trd, 258778.150, 132
Trd, 258778.600, 140
Trd, 258778.633, 132
Trd, 258779.000, 134
Trd, 258779.017, 130
Trd, 258779.083, 128
Trd, 258779.233, 116
Trd, 258779.250, 112
Trd, 258779.300, 112
Trd, 258779.333, 111
Trd, 258779.517, 100
Trd, 258779.733, 115
Trd, 258779.967, 127
Trd, 258780.383, 117
Trd, 258780.450, 111
Trd, 258780.483, 126
Trd, 258780.833, 127
Trd, 258781.117, 129
Trd, 258781.150, 137
Trd, 258781.450, 125
Trd, 258781.500, 119
Trd, 258781.933, 120
Trd, 258782.117, 122
Trd, 258782.283, 115
Trd, 258782.533, 103
Trd, 258782.650, 103
Trd, 258782.783, 97
Trd, 258783.383, 140
Trd, 258783.650, 121
Trd, 258784.033, 129
Trd, 258784.333, 98
Trd, 258784.467, 115
Trd, 258784.550, 97
Trd, 258784.717, 110
Trd, 258785.017, 92
Trd, 258785.450, 135
Trd, 258785.467, 126
Trd, 258785.483, 137
Trd, 258785.683, 139
Trd, 258785.983, 123
Trd, 258786.000, 122
Trd, 258786.017, 118
Trd, 258786.583, 91
Trd, 258787.000, 134
Trd, 258787.200, 134
Trd, 258787.500, 130
Trd, 258787.950, 124
Trd, 258788.100, 118
Trd, 258789.283, 132
Trd, 258789.383, 133
Trd, 258789.500, 135
Trd, 258789.717, 137
Trd, 258790.300, 140
Trd, 258790.317, 139
Trd, 258790.500, 127
Trd, 258790.967, 132
Trd, 258791.100, 113
Trd, 258791.517, 130
Trd, 258791.800, 129
Trd, 258792.000, 123
Trd, 258792.250, 139
Trd, 258792.650, 136
Trd, 258792.683, 134
Trd, 258793.183, 140
Trd, 258793.400, 114
Trd, 258794.050, 140
Trd, 258794.450, 135
Trd, 258794.700, 134
Trd, 258794.767, 131
Trd, 258794.867, 131
Trd, 258795.217, 123
Trd, 258795.583, 135
Trd, 258795.833, 131
Trd, 258796.550, 123
Trd, 258797.000, 124
Trd, 258797.100, 139
Trd, 258797.250, 116
Trd, 258797.383, 111
Trd, 258797.550, 114
Trd, 258797.633, 111
Trd, 258798.150, 114
Trd, 258798.217, 119
Trd, 258798.417, 113
Trd, 258798.467, 113
Trd, 258798.800, 117
Trd, 258798.933, 138
Trd, 258798.967, 98
Trd, 258799.217, 140
Trd, 258799.250, 120
Trd, 258799.300, 111
Trd, 258799.350, 91
Trd, 258799.533, 92
Trd, 258799.700, 72
Trd, 258800.500, 86
Trd, 258800.567, 76
Trd, 258800.617, 75
Trd, 258800.817, 92
Trd, 258801.033, 112
Trd, 258801.150, 82
Trd, 258801.483, 120
Trd, 258801.767, 81
Trd, 258802.433, 134
Trd, 258802.833, 140
Trd, 258802.900, 135
Trd, 258803.100, 137
Trd, 258803.167, 135
Trd, 258803.267, 131
Trd, 258803.483, 111
Trd, 258803.600, 135
Trd, 258804.017, 136
Trd, 258804.350, 125
Trd, 258804.400, 109
Trd, 258804.783, 103
Trd, 258805.033, 138
Trd, 258805.250, 137
Trd, 258805.400, 129
Trd, 258805.517, 121
Trd, 258807.067, 140
Trd, 258807.467, 140
Trd, 258807.667, 135
Trd, 258807.767, 134
Trd, 258807.850, 113
Trd, 258807.883, 115
Trd, 258808.600, 125
Trd, 258808.617, 111
Trd, 258808.683, 138
Trd, 258808.750, 108
Trd, 258808.967, 102
Trd, 258809.367, 140
Trd, 258809.483, 102
Trd, 258809.517, 100
Trd, 258810.133, 137
Trd, 258810.333, 133
Trd, 258810.433, 133
Trd, 258810.617, 139
Trd, 258811.750, 128
Trd, 258811.900, 125
Trd, 258812.117, 124
Trd, 258812.250, 122
Trd, 258812.533, 100
Trd, 258812.550, 100
Trd, 258812.600, 88
Trd, 258812.983, 83
Trd, 258813.117, 93
Trd, 258813.150, 94
Trd, 258813.167, 99
Trd, 258813.633, 103
Trd, 258813.883, 118
Trd, 258814.033, 110
Trd, 258814.083, 114
Trd, 258814.233, 135
Trd, 258814.267, 100
Trd, 258814.533, 102
Trd, 258814.583, 101
Trd, 258814.650, 138
Trd, 258814.683, 128
Trd, 258814.833, 90
Trd, 258814.867, 88
Trd, 258814.933, 116
Trd, 258815.200, 116
Trd, 258815.250, 79
Trd, 258815.350, 114
Trd, 258815.750, 95
Trd, 258816.033, 134
Trd, 258816.500, 121
Trd, 258816.600, 121
Trd, 258817.183, 135
Trd, 258817.300, 140
Trd, 258817.450, 129
Trd, 258818.367, 131
Trd, 258818.450, 128
Trd, 258818.667, 139
Trd, 258819.133, 129
Trd, 258819.283, 134
Trd, 258819.417, 123
Trd, 258819.833, 134
Trd, 258820.167, 126
Trd, 258820.283, 117
Trd, 258820.317, 114
Trd, 258820.900, 130
Trd, 258820.967, 133
Trd, 258821.233, 135
Trd, 258821.417, 126
Trd, 258822.017, 116
Trd, 258822.383, 129
Trd, 258822.700, 128
Trd, 258822.850, 136
Trd, 258823.050, 136
Trd, 258823.133, 140
Trd, 258823.150, 125
Trd, 258823.350, 126
Trd, 258823.500, 121
Trd, 258823.617, 111
Trd, 258823.867, 106
Trd, 258824.100, 113
Trd, 258824.267, 138
Trd, 258824.317, 101
Trd, 258824.600, 98
Trd, 258824.800, 138
Trd, 258824.833, 117
Trd, 258824.983, 82
Trd, 258825.050, 76
Trd, 258825.367, 102
Trd, 258825.467, 75
Trd, 258825.483, 71
Trd, 258825.967, 103
Trd, 258825.983, 109
Trd, 258826.083, 88
Trd, 258826.183, 104
Trd, 258826.767, 127
Trd, 258826.917, 112
Trd, 258826.933, 103
Trd, 258827.317, 78
Trd, 258827.617, 77
Trd, 258828.150, 127
Trd, 258828.550, 123
Trd, 258828.950, 99
Trd, 258829.100, 107
Trd, 258829.183, 135
Trd, 258829.933, 113
Trd, 258830.033, 92
Trd, 258830.133, 88
Trd, 258830.233, 122
Trd, 258830.750, 134
Trd, 258830.850, 138
Trd, 258830.950, 131
Trd, 258831.333, 132
Trd, 258831.383, 119
Trd, 258832.000, 140
Trd, 258832.567, 140
Trd, 258832.700, 140
Trd, 258832.750, 134
Trd, 258832.850, 130
Trd, 258833.050, 127
Trd, 258833.200, 118
Trd, 258833.233, 124
Trd, 258833.733, 112
Trd, 258834.283, 127
Trd, 258834.483, 125
Trd, 258834.583, 127
Trd, 258835.100, 124
Trd, 258835.350, 128
Trd, 258835.650, 122
Trd, 258836.017, 121
Trd, 258836.533, 138
Trd, 258837.067, 121
Trd, 258837.450, 134
Trd, 258837.650, 133
Trd, 258837.800, 120
Trd, 258838.100, 116
Trd, 258838.450, 105
Trd, 258839.033, 133
Trd, 258839.150, 130
Trd, 258839.200, 122
Trd, 258839.250, 120
Trd, 258839.300, 115
Trd, 258839.383, 111
Trd, 258839.700, 135
Trd, 258839.767, 128
Trd, 258839.817, 136
Trd, 258839.833, 127
Trd, 258840.050, 111
Trd, 258840.900, 125
Trd, 258841.067, 130
Trd, 258841.133, 124
Trd, 258841.233, 98
Trd, 258841.683, 113
Trd, 258841.717, 84
Trd, 258841.983, 96
Trd, 258842.283, 118
Trd, 258842.517, 115
Trd, 258842.567, 111
Trd, 258843.250, 116
Trd, 258843.467, 135
Trd, 258843.633, 139
Trd, 258843.800, 121
Trd, 258843.900, 139
Trd, 258843.917, 135
Trd, 258844.067, 112
Trd, 258844.467, 139
Trd, 258845.067, 140
Trd, 258845.183, 140
Trd, 258845.267, 112
Trd, 258845.300, 108
Trd, 258845.417, 140
Trd, 258845.583, 137
Trd, 258845.633, 138
Trd, 258845.817, 122
Trd, 258846.117, 106
Trd, 258846.150, 95
Trd, 258846.267, 101
Trd, 258846.550, 111
Trd, 258846.733, 131
Trd, 258846.850, 96
Trd, 258846.883, 94
Trd, 258847.150, 93
Trd, 258847.633, 138
Trd, 258848.000, 118
Trd, 258849.517, 139
Trd, 258849.717, 138
Trd, 258850.217, 113
Trd, 258850.283, 115
Trd, 258850.517, 110
Trd, 258850.600, 128
Trd, 258850.617, 110
Trd, 258851.050, 121
Trd, 258851.383, 110
Trd, 258851.683, 111
Trd, 258851.833, 106
Trd, 258852.333, 110
Trd, 258852.450, 109
Trd, 258852.617, 109
Trd, 258852.983, 93
Trd, 258853.083, 112
Trd, 258853.183, 108
Trd, 258853.333, 113
Trd, 258853.467, 113
Trd, 258853.600, 108
Trd, 258853.683, 114
Trd, 258853.783, 94
Trd, 258853.900, 97
Trd, 258853.917, 127
Trd, 258854.167, 94
Trd, 258854.500, 122
Trd, 258855.033, 94
Trd, 258855.117, 112
Trd, 258855.267, 119
Trd, 258855.550, 127
Trd, 258855.950, 126
Trd, 258856.117, 123
Trd, 258856.500, 133
Trd, 258857.100, 139
Trd, 258857.400, 128
Trd, 258857.633, 116
Trd, 258857.867, 135
Trd, 258858.050, 108
Trd, 258858.217, 103
Trd, 258858.350, 115
Trd, 258858.617, 90
Trd, 258858.667, 79
Trd, 258858.817, 109
Trd, 258859.150, 98
Trd, 258859.200, 97
Trd, 258859.350, 95
Trd, 258859.750, 140
Trd, 258859.767, 125
Trd, 258860.183, 140
Trd, 258860.200, 117
Trd, 258860.783, 130
Trd, 258860.800, 130
Trd, 258861.117, 116
Trd, 258861.217, 114
Trd, 258861.300, 113
Trd, 258861.483, 100
Trd, 258861.583, 100
Trd, 258862.433, 125
Trd, 258862.817, 116
Trd, 258862.883, 115
Trd, 258863.267, 101
Trd, 258863.367, 137
Trd, 258863.700, 132
Trd, 258863.900, 132
Trd, 258864.117, 121
Trd, 258864.367, 128
Trd, 258864.817, 105
Trd, 258864.833, 101
Trd, 258864.867, 81
Trd, 258864.883, 75
Trd, 258864.967, 75
Trd, 258865.400, 127
Trd, 258865.600, 125
Trd, 258866.100, 128
Trd, 258866.167, 121
Trd, 258866.283, 121
Trd, 258866.350, 118
Trd, 258866.417, 116
Trd, 258866.500, 133
Trd, 258866.933, 130
Trd, 258867.350, 113
Trd, 258867.417, 128
Trd, 258868.250, 131
Trd, 258868.433, 137
Trd, 258868.750, 126
Trd, 258868.850, 139
Trd, 258869.183, 138
Trd, 258869.400, 126
Trd, 258869.450, 122
Trd, 258869.733, 112
Trd, 258869.817, 96
Trd, 258870.633, 138
Trd, 258871.417, 134
Trd, 258871.817, 137
Trd, 258872.000, 122
Trd, 258872.250, 120
Trd, 258872.917, 140
Trd, 258872.967, 140
Trd, 258873.083, 136
Trd, 258873.167, 128
Trd, 258873.350, 127
Trd, 258873.583, 126
Trd, 258873.617, 119
Trd, 258873.667, 116
Trd, 258873.800, 112
Trd, 258874.250, 132
Trd, 258874.317, 134
Trd, 258874.367, 123
Trd, 258874.467, 106
Trd, 258875.500, 130
Trd, 258875.717, 139
Trd, 258876.083, 105
Trd, 258876.100, 97
Trd, 258876.167, 96
Trd, 258876.250, 95
Trd, 258876.467, 132
Trd, 258876.850, 116
Trd, 258877.000, 99
Trd, 258877.267, 132
Trd, 258877.417, 131
Trd, 258877.617, 127
Trd, 258877.700, 118
Trd, 258878.783, 140
Trd, 258879.567, 140
Trd, 258879.850, 139
Trd, 258880.033, 135
Trd, 258880.167, 134
Trd, 258881.133, 140
Trd, 258881.217, 139
Trd, 258881.350, 127
Trd, 258881.600, 137
Trd, 258882.267, 135
Trd, 258882.817, 130
Trd, 258882.917, 126
Trd, 258883.000, 123
Trd, 258883.100, 117
Trd, 258883.117, 114
Trd, 258883.133, 102
Trd, 258883.333, 98
Trd, 258883.400, 93
Trd, 258883.650, 130
Trd, 258883.667, 129
Trd, 258883.917, 130
Trd, 258884.133, 124
Trd, 258884.333, 122
Trd, 258884.350, 121
Trd, 258884.767, 104
Trd, 258884.983, 125
Trd, 258885.233, 133
Trd, 258885.833, 134
Trd, 258886.067, 138
Trd, 258886.083, 137
Trd, 258886.183, 130
Trd, 258886.617, 123
Trd, 258886.733, 131
Trd, 258886.833, 120
Trd, 258887.050, 134
Trd, 258887.250, 124
Trd, 258887.317, 108
Trd, 258887.533, 108
Trd, 258887.800, 140
Trd, 258888.017, 138
Trd, 258888.883, 133
Trd, 258889.067, 131
Trd, 258889.150, 111
Trd, 258889.383, 104
Trd, 258889.500, 95
Trd, 258889.600, 116
Trd, 258889.667, 110
Trd, 258889.867, 104
Trd, 258890.033, 116
Trd, 258890.617, 139
Trd, 258890.850, 134
Trd, 258890.933, 133
Trd, 258891.117, 118
Trd, 258891.350, 112
Trd, 258891.450, 106
Trd, 258891.517, 100
Trd, 258891.667, 104
Trd, 258892.067, 103
Trd, 258892.350, 139
Trd, 258892.767, 130
Trd, 258892.950, 130
Trd, 258893.083, 120
Trd, 258893.200, 105
Trd, 258893.250, 102
Trd, 258894.250, 140
Trd, 258894.333, 137
Trd, 258894.350, 135
Trd, 258894.617, 130
Trd, 258894.667, 100
Trd, 258894.700, 110
Trd, 258895.000, 97
Trd, 258895.150, 100
Trd, 258895.333, 108
Trd, 258895.483, 104
Trd, 258895.800, 69
Trd, 258895.833, 102
Trd, 258896.300, 71
Trd, 258896.417, 76
Trd, 258896.633, 93
Trd, 258896.683, 110
Trd, 258896.917, 102
Trd, 258897.350, 134
Trd, 258897.583, 130
Trd, 258898.067, 127
Trd, 258898.283, 127
Trd, 258898.550, 125
Trd, 258898.717, 113
Trd, 258899.283, 113
Trd, 258899.767, 133
Trd, 258900.117, 134
Trd, 258900.417, 109
Trd, 258900.700, 108
Trd, 258900.817, 122
Trd, 258901.017, 130
Trd, 258901.483, 107
Trd, 258902.017, 116
Trd, 258902.133, 102
Trd, 258902.550, 103
Trd, 258902.633, 107
Trd, 258902.750, 120
Trd, 258902.783, 117
Trd, 258902.900, 133
Trd, 258902.933, 95
Trd, 258903.117, 118
Trd, 258903.483, 114
Trd, 258903.567, 84
Trd, 258903.767, 128
Trd, 258903.983, 134
Trd, 258904.100, 106
Trd, 258904.400, 98
Trd, 258904.717, 118
Trd, 258904.800, 137
Trd, 258904.867, 116
Trd, 258904.933, 103
Trd, 258905.633, 136
Trd, 258905.700, 127
Trd, 258906.983, 138
Trd, 258907.267, 139
Trd, 258907.300, 135
Trd, 258907.400, 133
Trd, 258907.517, 138
Trd, 258907.533, 127
Trd, 258907.867, 134
Trd, 258908.017, 126
Trd, 258908.067, 124
Trd, 258908.117, 120
Trd, 258908.183, 115
Trd, 258908.367, 111
Trd, 258908.550, 106
Trd, 258908.783, 136
Trd, 258909.283, 97
Trd, 258909.667, 94
Trd, 258909.817, 113
Trd, 258910.017, 108
Trd, 258910.233, 103
Trd, 258911.083, 138
Trd, 258911.300, 125
Trd, 258911.367, 108
Trd, 258911.550, 99
Trd, 258912.067, 116
Trd, 258912.283, 125
Trd, 258912.483, 105
Trd, 258912.550, 98
Trd, 258912.583, 94
Trd, 258912.683, 112
Trd, 258912.850, 97
Trd, 258913.167, 101
Trd, 258913.233, 102
Trd, 258913.917, 122
Trd, 258914.250, 112
Trd, 258914.550, 134
Trd, 258914.567, 108
Trd, 258914.583, 106
Trd, 258914.683, 103
Trd, 258914.917, 98
Trd, 258914.967, 91
Trd, 258915.100, 111
Trd, 258915.517, 139
Trd, 258915.667, 139
Trd, 258916.467, 137
Trd, 258916.567, 136
Trd, 258916.633, 126
Trd, 258916.717, 120
Trd, 258916.750, 117
Trd, 258916.867, 138
Trd, 258917.483, 126
Trd, 258918.250, 136
Trd, 258918.300, 131
Trd, 258918.417, 139
Trd, 258918.917, 119
Trd, 258919.000, 104
Trd, 258919.200, 101
Trd, 258919.417, 108
Trd, 258919.583, 114
Trd, 258920.083, 114
Trd, 258920.967, 139
Trd, 258921.083, 134
Trd, 258921.100, 108
Trd, 258921.267, 107
Trd, 258921.867, 123
Trd, 258922.167, 106
Trd, 258922.250, 111
Trd, 258922.333, 107
Trd, 258922.400, 103
Trd, 258922.550, 103
Trd, 258922.833, 106
Trd, 258923.000, 132
Trd, 258923.283, 139
Trd, 258923.300, 126
Trd, 258923.417, 100
Trd, 258923.817, 94
Trd, 258923.883, 92
Trd, 258923.983, 127
Trd, 258924.333, 122
Trd, 258924.733, 129
Trd, 258924.800, 125
Trd, 258925.133, 87
Trd, 258925.217, 79
Trd, 258925.733, 126
Trd, 258925.983, 118
Trd, 258926.900, 139
Trd, 258927.233, 126
Trd, 258927.433, 106
Trd, 258927.483, 93
Trd, 258927.683, 91
Trd, 258928.450, 120
Trd, 258928.733, 108
Trd, 258928.817, 105
Trd, 258928.833, 129
Trd, 258929.417, 124
Trd, 258929.500, 115
Trd, 258929.583, 109
Trd, 258929.667, 102
Trd, 258929.717, 93
Trd, 258929.733, 91
Trd, 258930.150, 122
Trd, 258930.500, 102
Trd, 258930.800, 108
Trd, 258931.017, 134
Trd, 258931.033, 140
Trd, 258931.400, 101
Trd, 258931.450, 98
Trd, 258932.017, 104
Trd, 258932.050, 103
Trd, 258932.133, 101
Trd, 258932.517, 106
Trd, 258932.550, 108
Trd, 258932.733, 107
Trd, 258933.067, 97
Trd, 258933.700, 93
Trd, 258933.800, 87
Trd, 258933.817, 104
Trd, 258934.217, 131
Trd, 258934.333, 114
Trd, 258934.450, 103
Trd, 258934.683, 85
Trd, 258934.900, 96
Trd, 258934.967, 82
Trd, 258934.983, 118
Trd, 258935.367, 137
Trd, 258935.750, 112
Trd, 258935.950, 131
Trd, 258936.217, 138
Trd, 258936.600, 130
Trd, 258936.733, 124
Trd, 258936.917, 112
Trd, 258937.100, 138
Trd, 258937.283, 124
Trd, 258937.350, 107
Trd, 258937.933, 119
Trd, 258938.217, 134
Trd, 258938.433, 114
Trd, 258938.750, 102
Trd, 258938.950, 99
Trd, 258939.183, 110
Trd, 258939.233, 99
Trd, 258939.317, 98
Trd, 258939.600, 97
Trd, 258939.917, 110
Trd, 258939.950, 105
Trd, 258940.417, 137
Trd, 258940.550, 132
Trd, 258940.783, 129
Trd, 258940.817, 125
Trd, 258942.950, 140
Trd, 258943.000, 135
Trd, 258943.300, 134
Trd, 258943.350, 133
Trd, 258943.383, 131
Trd, 258943.467, 137
Trd, 258943.517, 129
Trd, 258943.650, 126
Trd, 258943.667, 120
Trd, 258943.833, 116
Trd, 258944.067, 110
Trd, 258944.217, 105
Trd, 258944.350, 133
Trd, 258944.767, 111
Trd, 258944.800, 108
Trd, 258944.817, 107
Trd, 258945.683, 126
Trd, 258945.850, 124
Trd, 258946.033, 103
Trd, 258946.233, 117
Trd, 258946.617, 139
Trd, 258947.133, 139
Trd, 258947.200, 133
Trd, 258947.383, 140
Trd, 258948.150, 99
Trd, 258948.183, 105
Trd, 258948.217, 116
Trd, 258948.433, 111
Trd, 258948.533, 109
Trd, 258948.600, 112
Trd, 258949.017, 112
Trd, 258949.267, 98
Trd, 258949.700, 112
Trd, 258949.783, 98
Trd, 258950.417, 130
Trd, 258950.467, 128
Trd, 258950.650, 128
Trd, 258951.317, 134
Trd, 258951.883, 127
Trd, 258951.900, 126
Trd, 258951.950, 123
Trd, 258952.000, 120
Trd, 258952.033, 110
Trd, 258952.317, 123
Trd, 258952.383, 106
Trd, 258952.433, 111
Trd, 258952.950, 98
Trd, 258953.133, 120
Trd, 258953.450, 94
Trd, 258953.600, 101
Trd, 258953.933, 94
Trd, 258954.183, 123
Trd, 258954.300, 128
Trd, 258954.317, 118
Trd, 258954.433, 100
Trd, 258954.467, 129
Trd, 258954.567, 88
Trd, 258954.850, 122
Trd, 258954.917, 110
Trd, 258955.033, 87
Trd, 258955.450, 87
Trd, 258956.033, 140
Trd, 258956.267, 140
Trd, 258956.517, 120
Trd, 258956.600, 124
Trd, 258957.200, 119
Trd, 258957.650, 113
Trd, 258957.833, 108
Trd, 258957.983, 103
Trd, 258958.017, 112
Trd, 258958.067, 120
Trd, 258958.317, 88
Trd, 258958.600, 123
Trd, 258958.750, 97
Trd, 258959.050, 114
Trd, 258959.250, 135
Trd, 258959.333, 113
Trd, 258959.350, 112
Trd, 258959.583, 123
Trd, 258959.600, 109
Trd, 258959.800, 140
Trd, 258960.033, 101
Trd, 258960.083, 86
Trd, 258960.100, 86
Trd, 258960.833, 140
Trd, 258960.983, 140
Trd, 258961.600, 130
Trd, 258961.717, 127
Trd, 258961.733, 119
Trd, 258962.567, 132
Trd, 258963.150, 137
Trd, 258963.350, 133
Trd, 258963.583, 132
Trd, 258963.650, 122
Trd, 258963.667, 117
Trd, 258963.800, 112
Trd, 258964.050, 113
Trd, 258964.450, 126
Trd, 258964.583, 116
Trd, 258964.700, 103
Trd, 258964.933, 139
Trd, 258965.050, 135
Trd, 258965.350, 124
Trd, 258965.500, 115
Trd, 258965.800, 137
Trd, 258966.317, 123
Trd, 258966.433, 135
Trd, 258966.533, 127
Trd, 258966.617, 126
Trd, 258966.900, 123
Trd, 258967.033, 140
Trd, 258967.267, 130
Trd, 258967.483, 123
Trd, 258967.783, 101
Trd, 258968.117, 98
Trd, 258968.167, 112
Trd, 258968.383, 95
Trd, 258969.250, 140
Trd, 258969.483, 134
Trd, 258969.550, 133
Trd, 258969.600, 119
Trd, 258969.950, 139
Trd, 258970.050, 137
Trd, 258970.450, 119
Trd, 258970.617, 101
Trd, 258971.483, 140
Trd, 258971.733, 134
Trd, 258971.750, 131
Trd, 258972.133, 121
Trd, 258972.167, 117
Trd, 258972.533, 110
Trd, 258972.633, 129
Trd, 258972.750, 139
Trd, 258973.133, 123
Trd, 258973.233, 127
Trd, 258973.283, 122
Trd, 258973.733, 133
Trd, 258974.067, 114
Trd, 258974.283, 111
Trd, 258974.367, 103
Trd, 258974.467, 98
Trd, 258974.833, 99
Trd, 258975.150, 100
Trd, 258975.167, 103
Trd, 258975.483, 131
Trd, 258975.883, 103
Trd, 258976.167, 129
Trd, 258976.517, 103
Trd, 258976.800, 140
Trd, 258977.717, 125
Trd, 258977.933, 111
Trd, 258978.583, 138
Trd, 258978.733, 134
Trd, 258978.783, 128
Trd, 258978.850, 120
Trd, 258979.383, 134
Trd, 258979.550, 119
Trd, 258979.583, 116
Trd, 258979.767, 117
Trd, 258979.783, 115
Trd, 258979.983, 120
Trd, 258980.117, 139
Trd, 258980.183, 111
Trd, 258980.500, 115
Trd, 258980.683, 109
Trd, 258980.833, 118
Trd, 258980.983, 110
Trd, 258981.100, 106
Trd, 258981.450, 105
Trd, 258981.600, 104
Trd, 258981.800, 83
Trd, 258982.267, 102
Trd, 258982.350, 80
Trd, 258982.533, 72
Trd, 258982.983, 79
Trd, 258983.083, 98
Trd, 258983.200, 67
Trd, 258983.317, 89
Trd, 258983.350, 81
Trd, 258983.450, 99
Trd, 258983.717, 100
Trd, 258983.767, 92
Trd, 258983.900, 102
Trd, 258984.367, 69
Trd, 258984.383, 71
Trd, 258984.567, 75
Trd, 258984.900, 121
Trd, 258985.117, 84
Trd, 258985.650, 91
Trd, 258985.967, 103
Trd, 258986.350, 117
Trd, 258986.400, 101
Trd, 258986.633, 78
Trd, 258986.717, 92
Trd, 258987.450, 129
Trd, 258987.467, 123
Trd, 258987.617, 139
Trd, 258988.050, 136
Trd, 258988.400, 120
Trd, 258988.733, 117
Trd, 258989.300, 140
Trd, 258989.333, 140
Trd, 258989.433, 131
Trd, 258989.533, 124
Trd, 258989.600, 116
Trd, 258990.383, 124
Trd, 258990.483, 140
Trd, 258990.800, 112
Trd, 258991.033, 140
Trd, 258991.117, 110
Trd, 258991.283, 131
Trd, 258991.300, 126
Trd, 258991.350, 108
Trd, 258991.467, 108
Trd, 258991.600, 100
Trd, 258991.633, 116
Trd, 258991.933, 117
Trd, 258992.017, 114
Trd, 258992.100, 114
Trd, 258992.150, 112
Trd, 258992.350, 108
Trd, 258992.550, 103
Trd, 258992.750, 139
Trd, 258993.033, 138
Trd, 258993.267, 136
Trd, 258994.033, 135
Trd, 258994.100, 134
Trd, 258994.300, 130
Trd, 258994.450, 122
Trd, 258994.667, 119
Trd, 258994.783, 140
Trd, 258995.050, 131
Trd, 258995.183, 134
Trd, 258995.433, 93
Trd, 258995.450, 91
Trd, 258995.967, 131
Trd, 258996.167, 125
Trd, 258996.733, 123
Trd, 258996.983, 122
Trd, 258997.467, 123
Trd, 258997.700, 121
Trd, 258997.817, 120
Trd, 258998.017, 122
Trd, 258998.217, 111
Trd, 258998.250, 123
Trd, 258998.400, 101
Trd, 258998.517, 101
Trd, 258998.800, 124
Trd, 258998.933, 117
Trd, 258999.667, 107
Trd, 258999.983, 106
Trd, 259000.050, 115
Trd, 259000.300, 120
Trd, 259000.950, 139
Trd, 259001.400, 139
Trd, 259001.550, 133
Trd, 259002.000, 140
Trd, 259002.367, 126
Trd, 259002.400, 122
Trd, 259002.483, 116
Trd, 259002.517, 117
Trd, 259002.683, 111
Trd, 259002.733, 113
Trd, 259003.100, 114
Trd, 259003.117, 111
Trd, 259003.183, 74
Trd, 259003.417, 70
Trd, 259003.667, 131
Trd, 259003.733, 137
Trd, 259004.400, 136
Trd, 259005.100, 125
Trd, 259005.200, 140
Trd, 259005.517, 125
Trd, 259005.683, 124
Trd, 259006.100, 124
Trd, 259006.133, 119
Trd, 259006.400, 114
Trd, 259006.433, 92
Trd, 259006.567, 102
Trd, 259006.733, 94
Trd, 259006.967, 121
Trd, 259007.033, 119
Trd, 259007.400, 111
Trd, 259007.600, 121
Trd, 259007.700, 109
Trd, 259007.750, 81
Trd, 259007.950, 80
Trd, 259007.983, 86
Trd, 259008.033, 84
Trd, 259008.150, 127
Trd, 259008.533, 138
Trd, 259008.700, 138
Trd, 259008.767, 102
Trd, 259008.917, 74
Trd, 259008.967, 84
Trd, 259009.133, 99
Trd, 259009.450, 81
Trd, 259009.467, 70
Trd, 259010.700, 103
Trd, 259010.850, 135
Trd, 259011.083, 135
Trd, 259011.150, 130
Trd, 259011.367, 129
Trd, 259011.883, 128
Trd, 259012.283, 140
Trd, 259012.300, 124
Trd, 259012.350, 116
Trd, 259012.817, 107
Trd, 259013.017, 95
Trd, 259013.300, 99
Trd, 259013.683, 115
Trd, 259013.717, 114
Trd, 259014.000, 113
Trd, 259014.183, 110
Trd, 259014.383, 101
Trd, 259014.533, 100
Trd, 259014.750, 132
Trd, 259014.983, 118
Trd, 259015.083, 107
Trd, 259015.200, 98
Trd, 259015.450, 110
Trd, 259015.583, 124
Trd, 259015.967, 109
Trd, 259016.250, 85
Trd, 259016.283, 132
Trd, 259016.767, 126
Trd, 259016.800, 103
Trd, 259016.867, 100
Trd, 259017.183, 91
Trd, 259017.733, 126
Trd, 259018.050, 125
Trd, 259019.017, 138
Trd, 259019.367, 138
Trd, 259019.550, 118
Trd, 259019.683, 99
Trd, 259019.900, 102
Trd, 259019.950, 120
Trd, 259020.050, 115
Trd, 259020.117, 99
Trd, 259020.467, 96
Trd, 259020.767, 120
Trd, 259021.100, 134
Trd, 259021.217, 115
Trd, 259021.250, 108
Trd, 259021.400, 140
Trd, 259021.700, 119
Trd, 259022.483, 140
Trd, 259022.683, 140
Trd, 259023.183, 140
Trd, 259023.383, 134
Trd, 259023.533, 111
Trd, 259023.550, 105
Trd, 259023.867, 118
Trd, 259023.917, 109
Trd, 259023.933, 94
Trd, 259024.100, 127
Trd, 259024.267, 105
Trd, 259024.467, 102
Trd, 259024.483, 110
Trd, 259024.867, 109
Trd, 259025.400, 120
Trd, 259025.567, 117
Trd, 259025.950, 119
Trd, 259025.983, 115
Trd, 259026.167, 115
Trd, 259026.217, 112
Trd, 259026.750, 138
Trd, 259027.267, 135
Trd, 259027.283, 130
Trd, 259027.717, 134
Trd, 259028.167, 139
Trd, 259028.250, 124
Trd, 259028.483, 139
Trd, 259028.633, 135
Trd, 259028.950, 96
Trd, 259029.067, 93
Trd, 259029.150, 90
Trd, 259029.250, 86
Trd, 259029.283, 112
Trd, 259029.483, 82
Trd, 259029.617, 87
Trd, 259029.750, 116
Trd, 259030.100, 108
Trd, 259030.817, 105
Trd, 259031.067, 139
Trd, 259031.300, 110
Trd, 259031.450, 139
Trd, 259031.483, 137
Trd, 259031.717, 116
Trd, 259031.733, 104
Trd, 259032.167, 103
Trd, 259032.350, 119
Trd, 259032.433, 91
Trd, 259032.900, 138
Trd, 259033.517, 135
Trd, 259033.567, 131
Trd, 259033.717, 131
Trd, 259033.783, 139
Trd, 259035.100, 130
Trd, 259035.117, 124
Trd, 259035.333, 122
Trd, 259035.350, 111
Trd, 259036.017, 120
Trd, 259036.033, 119
Trd, 259036.067, 135
Trd, 259036.117, 110
Trd, 259036.167, 98
Trd, 259036.200, 93
Trd, 259036.350, 136
Trd, 259036.750, 123
Trd, 259037.183, 139
Trd, 259037.200, 136
Trd, 259037.450, 114
Trd, 259037.750, 137
Trd, 259038.183, 113
Trd, 259038.217, 114
Trd, 259038.717, 127
Trd, 259038.750, 124
Trd, 259038.783, 123
Trd, 259039.100, 126
Trd, 259039.117, 105
Trd, 259039.133, 105
Trd, 259039.150, 101
Trd, 259039.417, 138
Trd, 259039.950, 132
Trd, 259040.083, 122
Trd, 259040.383, 130
Trd, 259040.900, 129
Trd, 259041.133, 132
Trd, 259041.200, 123
Trd, 259041.250, 116
Trd, 259041.533, 119
Trd, 259041.817, 132
Trd, 259042.067, 131
Trd, 259042.783, 119
Trd, 259042.850, 109
Trd, 259043.283, 113
Trd, 259043.450, 137
Trd, 259043.600, 136
Trd, 259044.000, 122
Trd, 259044.150, 128
Trd, 259044.417, 117
Trd, 259044.533, 112
Trd, 259044.700, 126
Trd, 259044.967, 118
Trd, 259045.033, 111
Trd, 259045.267, 116
Trd, 259045.317, 126
Trd, 259045.417, 112
Trd, 259045.633, 112
Trd, 259045.767, 111
Trd, 259046.033, 116
Trd, 259046.167, 111
Trd, 259046.383, 106
Trd, 259046.767, 123
Trd, 259046.800, 121
Trd, 259047.100, 110
Trd, 259047.300, 100
Trd, 259047.417, 85
Trd, 259047.583, 86
Trd, 259047.783, 89
Trd, 259047.900, 120
Trd, 259048.150, 98
Trd, 259048.167, 131
Trd, 259048.183, 84
Trd, 259048.433, 125
Trd, 259048.767, 137
Trd, 259049.067, 133
Trd, 259049.200, 128
Trd, 259049.400, 95
Trd, 259049.733, 87
Trd, 259049.750, 86
Trd, 259050.017, 102
Trd, 259050.133, 138
Trd, 259050.167, 132
Trd, 259050.233, 100
Trd, 259050.400, 99
Trd, 259051.033, 133
Trd, 259051.367, 138
Trd, 259051.750, 118
Trd, 259052.000, 140
Trd, 259052.083, 117
Trd, 259052.550, 135
Trd, 259052.700, 123
Trd, 259052.783, 114
Trd, 259053.383, 137
Trd, 259053.867, 135
Trd, 259053.883, 127
Trd, 259054.500, 137
Trd, 259055.150, 128
Trd, 259055.183, 132
Trd, 259055.300, 120
Trd, 259055.367, 116
Trd, 259055.417, 112
Trd, 259055.817, 126
Trd, 259056.100, 117
Trd, 259056.400, 133
Trd, 259056.617, 137
Trd, 259057.200, 140
Trd, 259057.383, 127
Trd, 259057.817, 129
Trd, 259057.883, 123
Trd, 259058.283, 126
Trd, 259058.417, 120
Trd, 259058.967, 139
Trd, 259059.233, 137
Trd, 259059.700, 140
Trd, 259060.283, 132
Trd, 259060.383, 137
Trd, 259060.600, 133
Trd, 259060.933, 139
Trd, 259061.100, 135
Trd, 259061.200, 127
Trd, 259061.233, 124
Trd, 259061.533, 126
Trd, 259061.733, 122
Trd, 259061.833, 122
Trd, 259062.067, 113
Trd, 259062.100, 104
Trd, 259062.417, 132
Trd, 259063.750, 140
Trd, 259063.833, 138
Trd, 259064.233, 140
Trd, 259064.267, 139
Trd, 259064.617, 124
Trd, 259065.500, 131
Trd, 259066.050, 138
Trd, 259066.133, 131
Trd, 259066.300, 129
Trd, 259066.550, 124
Trd, 259066.617, 123
Trd, 259066.633, 117
Trd, 259066.700, 139
Trd, 259066.783, 99
Trd, 259066.933, 101
Trd, 259067.533, 104
Trd, 259067.700, 101
Trd, 259067.817, 132
Trd, 259067.967, 122
Trd, 259068.250, 101
Trd, 259068.333, 99
Trd, 259069.150, 139
Trd, 259069.817, 120
Trd, 259069.883, 116
Trd, 259070.017, 122
Trd, 259070.083, 109
Trd, 259070.483, 116
Trd, 259070.783, 140
Trd, 259070.950, 139
Trd, 259071.650, 139
Trd, 259072.050, 135
Trd, 259072.233, 136
Trd, 259072.433, 138
Trd, 259072.500, 132
Trd, 259072.600, 131
Trd, 259072.633, 126
Trd, 259072.717, 124
Trd, 259073.100, 121
Trd, 259073.233, 115
Trd, 259073.283, 114
Trd, 259073.500, 108
Trd, 259074.083, 126
Trd, 259074.250, 131
Trd, 259074.450, 86
Trd, 259074.533, 85
Trd, 259074.550, 85
Trd, 259075.133, 119
Trd, 259075.167, 99
Trd, 259075.433, 127
Trd, 259075.583, 125
Trd, 259075.867, 109
Trd, 259075.983, 130
Trd, 259076.050, 132
Trd, 259076.233, 109
Trd, 259076.283, 105
Trd, 259076.450, 131
Trd, 259076.533, 138
Trd, 259077.133, 140
Trd, 259077.367, 132
Trd, 259077.450, 130
Trd, 259077.467, 110
Trd, 259077.733, 128
Trd, 259078.000, 89
Trd, 259078.317, 85
Trd, 259078.800, 135
Trd, 259079.000, 125
Trd, 259079.883, 100
Trd, 259079.900, 97
Trd, 259080.067, 97
Trd, 259080.283, 112
Trd, 259080.433, 134
Trd, 259081.300, 120
Trd, 259081.433, 118
Trd, 259081.600, 134
Trd, 259081.833, 136
Trd, 259081.900, 132
Trd, 259082.267, 125
Trd, 259082.717, 128
Trd, 259082.733, 118
Trd, 259083.217, 103
Trd, 259083.450, 98
Trd, 259083.500, 93
Trd, 259084.233, 128
Trd, 259084.650, 112
Trd, 259084.667, 113
Trd, 259084.717, 123
Trd, 259084.917, 115
Trd, 259085.100, 126
Trd, 259085.217, 129
Trd, 259085.350, 124
Trd, 259086.033, 130
Trd, 259086.617, 129
Trd, 259086.950, 117
Trd, 259087.000, 119
Trd, 259087.183, 106
Trd, 259087.800, 140
Trd, 259088.050, 139
Trd, 259088.150, 139
Trd, 259088.217, 136
Trd, 259088.850, 131
Trd, 259089.267, 135
Trd, 259089.317, 127
Trd, 259089.917, 126
Trd, 259089.967, 139
Trd, 259090.067, 122
Trd, 259090.500, 128
Trd, 259090.567, 120
Trd, 259091.150, 117
Trd, 259091.300, 117
Trd, 259091.667, 110
Trd, 259092.117, 140
Trd, 259092.150, 140
Trd, 259092.667, 136
Trd, 259092.717, 120
Trd, 259092.783, 108
Trd, 259092.850, 104
Trd, 259093.233, 140
Trd, 259093.567, 134
Trd, 259093.767, 125
Trd, 259094.133, 140
Trd, 259094.150, 134
Trd, 259094.217, 127
Trd, 259094.600, 106
Trd, 259094.667, 126
Trd, 259095.000, 131
Trd, 259095.017, 132
Trd, 259095.317, 107
Trd, 259095.433, 101
Trd, 259096.050, 137
Trd, 259096.233, 128
Trd, 259096.383, 122
Trd, 259096.433, 121
Trd, 259096.783, 121
Trd, 259096.917, 131
Trd, 259097.083, 121
Trd, 259097.717, 139
Trd, 259097.767, 135
Trd, 259098.083, 139
Trd, 259098.633, 140
Trd, 259098.717, 140
Trd, 259098.983, 137
Trd, 259099.417, 140
Trd, 259099.433, 139
Trd, 259099.883, 132
Trd, 259100.050, 134
Trd, 259100.567, 124
Trd, 259100.733, 118
Trd, 259100.933, 116
Trd, 259101.117, 114
Trd, 259101.133, 113
Trd, 259101.717, 127
Trd, 259102.217, 105
Trd, 259102.267, 97
Trd, 259102.517, 130
Trd, 259102.550, 134
Trd, 259102.683, 114
Trd, 259102.933, 136
Trd, 259103.700, 122
Trd, 259103.850, 119
Trd, 259104.250, 98
Trd, 259104.450, 91
Trd, 259104.583, 86
Trd, 259104.833, 135
Trd, 259104.933, 131
Trd, 259105.400, 116
Trd, 259105.567, 115
Trd, 259105.583, 125
Trd, 259105.633, 108
Trd, 259106.383, 111
Trd, 259106.400, 93
Trd, 259107.100, 113
Trd, 259107.250, 134
Trd, 259107.583, 117
Trd, 259107.800, 114
Trd, 259108.533, 133
Trd, 259108.617, 121
Trd, 259108.917, 129
Trd, 259108.983, 107
Trd, 259109.017, 102
Trd, 259109.150, 99
Trd, 259109.250, 99
Trd, 259109.450, 120
Trd, 259109.550, 122
Trd, 259109.833, 123
Trd, 259110.017, 129
Trd, 259110.200, 119
Trd, 259110.417, 133
Trd, 259110.483, 131
Trd, 259111.183, 114
Trd, 259111.333, 110
Trd, 259111.517, 133
Trd, 259112.050, 103
Trd, 259112.117, 104
Trd, 259112.217, 108
Trd, 259112.417, 105
Trd, 259112.517, 121
Trd, 259112.600, 136
Trd, 259113.167, 138
Trd, 259113.217, 136
Trd, 259113.333, 135
Trd, 259113.750, 117
Trd, 259113.833, 115
Trd, 259114.033, 110
Trd, 259114.083, 94
Trd, 259114.117, 76
Trd, 259114.150, 67
Trd, 259115.050, 134
Trd, 259115.183, 130
Trd, 259115.283, 126
Trd, 259115.450, 121
Trd, 259116.450, 140
Trd, 259116.583, 109
Trd, 259116.617, 107
Trd, 259116.950, 104
Trd, 259116.967, 101
Trd, 259117.833, 139
Trd, 259117.983, 111
Trd, 259118.417, 100
Trd, 259118.750, 138
Trd, 259118.817, 135
Trd, 259119.067, 105
Trd, 259119.200, 118
Trd, 259119.533, 118
Trd, 259119.850, 123
Trd, 259119.917, 109
Trd, 259119.950, 106
Trd, 259120.667, 129
Trd, 259121.050, 135
Trd, 259121.383, 132
Trd, 259121.483, 126
Trd, 259121.833, 121
Trd, 259122.217, 139
Trd, 259122.433, 124
Trd, 259122.633, 136
Trd, 259123.017, 130
Trd, 259123.133, 135
Trd, 259123.217, 120
Trd, 259123.333, 121
Trd, 259123.850, 135
Trd, 259123.900, 131
Trd, 259124.283, 136
Trd, 259124.483, 138
Trd, 259124.600, 134
Trd, 259124.650, 128
Trd, 259124.783, 139
Trd, 259125.533, 128
Trd, 259125.650, 126
Trd, 259125.817, 129
Trd, 259126.300, 140
Trd, 259126.567, 136
Trd, 259126.817, 140
Trd, 259126.850, 135
Trd, 259126.917, 133
Trd, 259127.050, 129
Trd, 259127.450, 129
Trd, 259128.200, 121
Trd, 259128.283, 118
Trd, 259128.450, 135
Trd, 259128.800, 138
Trd, 259128.900, 122
Trd, 259129.750, 137
Trd, 259130.250, 126
Trd, 259130.383, 126
Trd, 259130.683, 109
Trd, 259130.833, 120
Trd, 259131.300, 134
Trd, 259131.400, 131
Trd, 259131.967, 138
Trd, 259132.583, 140
Trd, 259133.233, 135
Trd, 259133.350, 111
Trd, 259133.500, 120
Trd, 259133.967, 128
Trd, 259133.983, 124
Trd, 259134.117, 131
Trd, 259134.283, 108
Trd, 259134.550, 112
Trd, 259134.567, 96
Trd, 259134.967, 121
Trd, 259135.183, 132
Trd, 259135.450, 128
Trd, 259135.600, 97
Trd, 259135.700, 129
Trd, 259135.717, 117
Trd, 259135.850, 109
Trd, 259135.967, 90
Trd, 259136.200, 140
Trd, 259136.250, 130
Trd, 259136.417, 110
Trd, 259136.617, 95
Trd, 259136.733, 136
Trd, 259136.800, 99
Trd, 259137.967, 138
Trd, 259139.033, 139
Trd, 259139.317, 139
Trd, 259139.483, 134
Trd, 259140.050, 129
Trd, 259140.133, 134
Trd, 259140.250, 127
Trd, 259140.317, 126
Trd, 259140.517, 127
Trd, 259140.600, 123
Trd, 259140.683, 123
Trd, 259140.850, 122
Trd, 259140.933, 104
Trd, 259140.967, 102
Trd, 259141.133, 122
Trd, 259141.333, 128
Trd, 259141.717, 121
Trd, 259141.967, 131
Trd, 259143.083, 129
Trd, 259144.317, 140
Trd, 259144.350, 140
Trd, 259144.633, 128
Trd, 259144.733, 126
Trd, 259144.750, 122
Trd, 259145.117, 140
Trd, 259145.350, 130
Trd, 259145.433, 132
Trd, 259145.483, 128
Trd, 259145.567, 120
Trd, 259145.583, 113
Trd, 259145.733, 108
Trd, 259146.317, 100
Trd, 259146.833, 102
Trd, 259147.033, 102
Trd, 259147.250, 113
Trd, 259147.317, 102
Trd, 259147.333, 132
Trd, 259147.517, 121
Trd, 259147.750, 135
Trd, 259147.933, 123
Trd, 259148.033, 128
Trd, 259148.300, 111
Trd, 259148.350, 107
Trd, 259148.700, 93
Trd, 259148.800, 114
Trd, 259149.050, 133
Trd, 259149.567, 140
Trd, 259150.217, 128
Trd, 259150.367, 132
Trd, 259150.617, 138
Trd, 259150.733, 134
Trd, 259150.917, 127
Trd, 259150.933, 126
Trd, 259151.633, 125
Trd, 259151.733, 123
Trd, 259151.967, 109
Trd, 259152.100, 107
Trd, 259152.733, 138
Trd, 259152.833, 112
Trd, 259153.633, 136
Trd, 259154.167, 128
Trd, 259154.417, 127
Trd, 259154.700, 127
Trd, 259154.733, 119
Trd, 259155.000, 123
Trd, 259155.267, 117
Trd, 259155.283, 115
Trd, 259155.300, 104
Trd, 259155.600, 121
Trd, 259155.683, 119
Trd, 259156.167, 114
Trd, 259156.333, 109
Trd, 259156.400, 140
Trd, 259156.467, 138
Trd, 259156.667, 139
Trd, 259156.683, 138
Trd, 259156.800, 139
Trd, 259157.217, 130
Trd, 259157.733, 129
Trd, 259157.767, 107
Trd, 259158.400, 138
Trd, 259158.517, 138
Trd, 259158.617, 118
Trd, 259158.633, 113
Trd, 259159.250, 130
Trd, 259159.550, 134
Trd, 259159.783, 109
Trd, 259160.150, 116
Trd, 259160.217, 107
Trd, 259160.383, 112
Trd, 259160.483, 119
Trd, 259161.267, 115
Trd, 259161.583, 107
Trd, 259161.600, 94
Trd, 259162.517, 139
Trd, 259162.933, 134
Trd, 259163.500, 138
Trd, 259163.533, 128
Trd, 259164.233, 126
Trd, 259164.283, 123
Trd, 259164.583, 125
Trd, 259164.917, 128
Trd, 259165.200, 140
Trd, 259165.550, 134
Trd, 259165.750, 125
Trd, 259166.350, 125
Trd, 259166.400, 117
Trd, 259166.483, 115
Trd, 259166.867, 120
Trd, 259166.983, 110
Trd, 259167.100, 109
Trd, 259167.183, 99
Trd, 259167.517, 108
Trd, 259167.617, 129
Trd, 259167.733, 100
Trd, 259168.383, 121
Trd, 259168.467, 105
Trd, 259168.783, 92
Trd, 259169.017, 94
Trd, 259169.517, 138
Trd, 259169.750, 125
Trd, 259169.767, 104
Trd, 259169.817, 139
Trd, 259170.200, 101
Trd, 259170.233, 109
Trd, 259170.400, 135
Trd, 259171.067, 140
Trd, 259171.233, 135
Trd, 259171.467, 134
Trd, 259171.533, 132
Trd, 259171.667, 131
Trd, 259171.767, 121
Trd, 259171.850, 104
Trd, 259172.900, 139
Trd, 259173.100, 138
Trd, 259173.217, 134
Trd, 259173.333, 134
Trd, 259173.733, 130
Trd, 259174.000, 130
Trd, 259174.033, 133
Trd, 259174.617, 128
Trd, 259175.000, 133
Trd, 259175.017, 127
Trd, 259175.717, 135
Trd, 259175.817, 128
Trd, 259175.867, 129
Trd, 259176.283, 126
Trd, 259176.817, 125
Trd, 259176.867, 124
Trd, 259177.000, 118
Trd, 259177.083, 121
Trd, 259177.117, 112
Trd, 259177.383, 110
Trd, 259177.433, 105
Trd, 259177.633, 122
Trd, 259177.700, 118
Trd, 259178.117, 109
Trd, 259178.200, 82
Trd, 259178.233, 135
Trd, 259179.017, 99
Trd, 259179.117, 97
Trd, 259179.417, 135
Trd, 259180.083, 138
Trd, 259180.333, 134
Trd, 259180.367, 125
Trd, 259180.750, 122
Trd, 259180.967, 119
Trd, 259181.183, 110
Trd, 259181.367, 101
Trd, 259181.717, 129
Trd, 259182.050, 90
Trd, 259182.167, 90
Trd, 259182.433, 128
Trd, 259182.867, 106
Trd, 259183.083, 123
Trd, 259183.250, 105
Trd, 259183.267, 90
Trd, 259183.383, 89
Trd, 259183.417, 88
Trd, 259183.450, 83
Trd, 259183.467, 110
Trd, 259183.850, 119
Trd, 259184.117, 83
Trd, 259184.183, 75
Trd, 259184.350, 71
Trd, 259184.533, 138
Trd, 259184.733, 124
Trd, 259185.400, 135
Trd, 259185.450, 124
Trd, 259185.483, 120
Trd, 259185.767, 139
Trd, 259186.417, 125
Trd, 259186.717, 127
Trd, 259186.950, 128
Trd, 259187.233, 105
Trd, 259187.267, 104
Trd, 259187.733, 119
Trd, 259188.167, 139
Trd, 259188.417, 121
Trd, 259188.550, 113
Trd, 259188.583, 108
Trd, 259188.850, 103
Trd, 259188.900, 102
Trd, 259189.033, 113
Trd, 259189.467, 134
Trd, 259189.733, 130
Trd, 259189.967, 140
Trd, 259190.017, 124
Trd, 259190.117, 126
Trd, 259190.400, 126
Trd, 259190.650, 136
Trd, 259191.300, 139
Trd, 259191.383, 123
Trd, 259192.283, 139
Trd, 259192.450, 138
Trd, 259192.617, 133
Trd, 259192.717, 120
Trd, 259192.800, 114
Trd, 259192.850, 113
Trd, 259193.350, 96
Trd, 259193.683, 93
Trd, 259193.967, 89
Trd, 259194.083, 102
Trd, 259194.150, 103
Trd, 259194.433, 97
Trd, 259194.517, 94
Trd, 259194.800, 108
Trd, 259195.033, 105
Trd, 259195.250, 113
Trd, 259195.317, 61
Trd, 259195.367, 129
Trd, 259195.433, 85
Trd, 259195.717, 67
Trd, 259196.417, 122
Trd, 259196.583, 115
Trd, 259197.150, 119
Trd, 259197.900, 138
Trd, 259197.950, 134
Trd, 259198.033, 109
Trd, 259198.150, 114
Trd, 259198.417, 96
Trd, 259198.450, 109
Trd, 259198.717, 93
Trd, 259198.850, 113
Trd, 259199.017, 97
Trd, 259199.183, 103
Trd, 259199.433, 102
Trd, 259199.683, 127
Trd, 259199.867, 131
