Trd, 258593.567, 105
Trd, 258593.733, 105
Trd, 258593.817, 123
Trd, 258594.083, 108
Trd, 258594.283, 112
Trd, 258594.633, 114
Trd, 258595.533, 101
Trd, 258595.617, 100
Trd, 258595.950, 102
Trd, 258596.117, 124
Trd, 258596.167, 111
Trd, 258596.317, 104
Trd, 258596.567, 103
Trd, 258596.617, 122
Trd, 258596.900, 125
Trd, 258596.933, 124
Trd, 258596.950, 104
Trd, 258597.300, 123
Trd, 258597.350, 122
Trd, 258597.533, 124
Trd, 258597.683, 124
Trd, 258597.733, 126
Trd, 258597.767, 130
Trd, 258598.317, 122
Trd, 258598.367, 123
Trd, 258598.650, 122
Trd, 258598.850, 123
Trd, 258599.017, 122
Trd, 258599.100, 124
Trd, 258599.200, 125
Trd, 258599.233, 131
Trd, 258599.383, 113
Trd, 258599.417, 97
Trd, 258599.667, 137
Trd, 258599.800, 136
Trd, 258600.933, 137
Trd, 258601.367, 138
Trd, 258601.467, 137
Trd, 258601.633, 136
Trd, 258601.983, 136
Trd, 258602.133, 135
Trd, 258602.367, 123
Trd, 258602.483, 127
Trd, 258602.600, 104
Trd, 258602.733, 104
Trd, 258602.867, 130
Trd, 258603.767, 119
Trd, 258603.883, 117
Trd, 258604.200, 120
Trd, 258604.233, 121
Trd, 258604.250, 122
Trd, 258604.300, 128
Trd, 258604.667, 123
Trd, 258604.717, 123
Trd, 258604.800, 123
Trd, 258604.883, 121
Trd, 258605.167, 123
Trd, 258605.683, 116
Trd, 258605.967, 118
Trd, 258606.100, 115
Trd, 258606.233, 116
Trd, 258606.683, 110
Trd, 258606.833, 116
Trd, 258606.983, 112
Trd, 258607.150, 112
Trd, 258607.450, 113
Trd, 258607.650, 111
Trd, 258607.683, 114
Trd, 258607.917, 110
Trd, 258608.133, 109
Trd, 258608.417, 103
Trd, 258608.500, 97
Trd, 258608.683, 106
Trd, 258608.700, 90
Trd, 258608.900, 101
Trd, 258609.100, 100
Trd, 258609.150, 83
Trd, 258609.317, 61
Trd, 258609.517, 66
Trd, 258609.550, 70
Trd, 258610.200, 101
Trd, 258610.300, 101
Trd, 258610.317, 100
Trd, 258610.367, 102
Trd, 258610.617, 78
Trd, 258610.933, 102
Trd, 258611.133, 92
Trd, 258611.483, 112
Trd, 258611.600, 79
Trd, 258612.317, 111
Trd, 258612.433, 113
Trd, 258612.800, 83
Trd, 258613.317, 110
Trd, 258613.350, 109
Trd, 258613.467, 112
Trd, 258613.767, 112
Trd, 258613.967, 110
Trd, 258614.067, 112
Trd, 258614.183, 111
Trd, 258614.350, 110
Trd, 258614.683, 110
Trd, 258614.717, 98
Trd, 258614.883, 86
Trd, 258614.967, 69
Trd, 258615.633, 92
Trd, 258615.650, 106
Trd, 258616.100, 105
Trd, 258616.150, 106
Trd, 258616.367, 107
Trd, 258616.400, 109
Trd, 258616.550, 105
Trd, 258616.633, 105
Trd, 258616.683, 103
Trd, 258616.767, 120
Trd, 258617.100, 116
Trd, 258617.717, 108
Trd, 258618.150, 110
Trd, 258618.483, 111
Trd, 258618.650, 109
Trd, 258618.800, 106
Trd, 258619.100, 112
Trd, 258619.233, 106
Trd, 258619.250, 113
Trd, 258619.800, 109
Trd, 258620.050, 109
Trd, 258620.083, 110
Trd, 258620.167, 109
Trd, 258620.233, 123
Trd, 258620.267, 109
Trd, 258620.383, 108
Trd, 258620.617, 133
Trd, 258620.983, 102
Trd, 258621.433, 132
Trd, 258621.550, 131
Trd, 258621.850, 129
Trd, 258622.933, 140
Trd, 258623.150, 140
Trd, 258623.333, 140
Trd, 258623.400, 140
Trd, 258623.683, 138
Trd, 258624.583, 136
Trd, 258624.817, 136
Trd, 258624.917, 135
Trd, 258625.100, 134
Trd, 258625.317, 132
Trd, 258625.400, 133
Trd, 258625.483, 134
Trd, 258625.583, 134
Trd, 258625.733, 131
Trd, 258625.983, 138
Trd, 258626.017, 120
Trd, 258626.317, 118
Trd, 258626.483, 140
Trd, 258626.517, 134
Trd, 258626.683, 119
Trd, 258626.750, 118
Trd, 258627.317, 113
Trd, 258627.417, 96
Trd, 258627.450, 92
Trd, 258627.617, 85
Trd, 258627.750, 82
Trd, 258627.933, 140
Trd, 258628.133, 73
Trd, 258628.400, 72
Trd, 258628.817, 80
Trd, 258629.700, 137
Trd, 258629.733, 139
Trd, 258629.900, 126
Trd, 258630.567, 128
Trd, 258630.617, 127
Trd, 258630.683, 126
Trd, 258631.117, 128
Trd, 258631.150, 127
Trd, 258631.517, 127
Trd, 258631.650, 126
Trd, 258632.033, 128
Trd, 258632.100, 101
Trd, 258632.183, 98
Trd, 258632.383, 130
Trd, 258632.817, 123
Trd, 258632.883, 122
Trd, 258633.000, 122
Trd, 258633.133, 118
Trd, 258633.383, 114
Trd, 258633.433, 112
Trd, 258633.550, 101
Trd, 258633.633, 100
Trd, 258633.733, 96
Trd, 258633.883, 119
Trd, 258634.100, 120
Trd, 258634.467, 113
Trd, 258634.767, 115
Trd, 258634.800, 116
Trd, 258635.050, 111
Trd, 258635.150, 111
Trd, 258635.183, 115
Trd, 258635.233, 116
Trd, 258635.317, 112
Trd, 258635.450, 120
Trd, 258636.100, 121
Trd, 258636.200, 112
Trd, 258636.233, 124
Trd, 258636.367, 111
Trd, 258636.767, 102
Trd, 258636.950, 101
Trd, 258637.183, 117
Trd, 258637.550, 119
Trd, 258637.633, 116
Trd, 258637.700, 115
Trd, 258637.717, 93
Trd, 258637.767, 116
Trd, 258638.550, 111
Trd, 258639.350, 106
Trd, 258639.483, 106
Trd, 258639.933, 102
Trd, 258640.000, 101
Trd, 258640.133, 100
Trd, 258640.300, 99
Trd, 258640.550, 93
Trd, 258640.667, 101
Trd, 258640.800, 92
Trd, 258641.067, 93
Trd, 258641.250, 94
Trd, 258641.367, 95
Trd, 258641.467, 102
Trd, 258641.550, 105
Trd, 258641.567, 109
Trd, 258641.917, 111
Trd, 258642.483, 116
Trd, 258642.817, 136
Trd, 258642.900, 109
Trd, 258643.333, 129
Trd, 258643.500, 139
Trd, 258644.100, 133
Trd, 258644.567, 135
Trd, 258644.600, 133
Trd, 258644.800, 132
Trd, 258645.050, 140
Trd, 258645.200, 140
Trd, 258645.500, 140
Trd, 258645.650, 140
Trd, 258646.067, 140
Trd, 258646.083, 140
Trd, 258646.183, 130
Trd, 258646.417, 131
Trd, 258646.583, 130
Trd, 258646.633, 129
Trd, 258646.700, 115
Trd, 258647.267, 129
Trd, 258647.667, 116
Trd, 258647.750, 105
Trd, 258648.017, 123
Trd, 258648.283, 118
Trd, 258648.450, 118
Trd, 258648.600, 117
Trd, 258648.800, 117
Trd, 258648.817, 119
Trd, 258649.033, 122
Trd, 258649.050, 117
Trd, 258649.417, 116
Trd, 258650.583, 117
Trd, 258650.683, 118
Trd, 258650.733, 119
Trd, 258650.833, 119
Trd, 258651.000, 118
Trd, 258651.183, 115
Trd, 258651.267, 121
Trd, 258651.350, 101
Trd, 258651.533, 89
Trd, 258651.650, 127
Trd, 258651.700, 80
Trd, 258652.617, 60
Trd, 258652.900, 60
Trd, 258653.283, 60
Trd, 258653.483, 60
Trd, 258653.583, 60
Trd, 258653.667, 60
Trd, 258653.700, 61
Trd, 258654.033, 60
Trd, 258654.550, 60
Trd, 258654.617, 60
Trd, 258654.717, 61
Trd, 258654.850, 61
Trd, 258654.900, 62
Trd, 258655.467, 62
Trd, 258655.833, 63
Trd, 258655.867, 63
Trd, 258655.917, 63
Trd, 258655.933, 62
Trd, 258656.083, 70
Trd, 258656.217, 83
Trd, 258656.417, 64
Trd, 258656.800, 67
Trd, 258656.967, 70
Trd, 258657.183, 70
Trd, 258657.250, 70
Trd, 258657.817, 110
Trd, 258658.050, 116
Trd, 258658.167, 118
Trd, 258658.417, 118
Trd, 258659.000, 101
Trd, 258659.100, 103
Trd, 258659.167, 96
Trd, 258659.217, 95
Trd, 258659.367, 104
Trd, 258659.800, 101
Trd, 258659.983, 101
Trd, 258660.000, 104
Trd, 258660.100, 100
Trd, 258660.383, 101
Trd, 258660.583, 118
Trd, 258660.633, 117
Trd, 258662.300, 134
Trd, 258662.333, 127
Trd, 258662.383, 118
Trd, 258662.617, 120
Trd, 258662.817, 126
Trd, 258662.967, 119
Trd, 258662.983, 119
Trd, 258663.017, 117
Trd, 258663.083, 116
Trd, 258663.683, 116
Trd, 258663.817, 115
Trd, 258664.067, 116
Trd, 258664.167, 115
Trd, 258664.267, 114
Trd, 258664.483, 114
Trd, 258664.583, 113
Trd, 258664.733, 113
Trd, 258664.817, 114
Trd, 258665.067, 112
Trd, 258665.267, 114
Trd, 258665.600, 115
Trd, 258666.117, 116
Trd, 258666.383, 117
Trd, 258666.650, 117
Trd, 258666.667, 116
Trd, 258666.983, 139
Trd, 258667.050, 136
Trd, 258667.800, 136
Trd, 258668.133, 135
Trd, 258668.200, 135
Trd, 258668.367, 134
Trd, 258668.483, 126
Trd, 258668.733, 99
Trd, 258668.917, 99
Trd, 258668.983, 107
Trd, 258669.617, 116
Trd, 258669.633, 115
Trd, 258669.667, 114
Trd, 258669.717, 117
Trd, 258669.733, 94
Trd, 258669.933, 66
Trd, 258670.133, 64
Trd, 258670.667, 60
Trd, 258670.867, 60
Trd, 258671.400, 60
Trd, 258671.483, 60
Trd, 258671.550, 60
Trd, 258671.583, 60
Trd, 258671.783, 64
Trd, 258671.917, 65
Trd, 258672.083, 67
Trd, 258672.183, 68
Trd, 258672.417, 70
Trd, 258672.800, 128
Trd, 258672.983, 131
Trd, 258673.700, 140
Trd, 258674.233, 140
Trd, 258674.267, 140
Trd, 258674.567, 140
Trd, 258674.633, 140
Trd, 258675.000, 140
Trd, 258675.050, 139
Trd, 258675.083, 138
Trd, 258675.183, 127
Trd, 258675.267, 114
Trd, 258675.650, 130
Trd, 258675.783, 130
Trd, 258675.850, 130
Trd, 258676.100, 130
Trd, 258676.117, 131
Trd, 258676.133, 129
Trd, 258676.300, 133
Trd, 258677.017, 122
Trd, 258677.150, 119
Trd, 258677.317, 132
Trd, 258677.500, 113
Trd, 258677.667, 110
Trd, 258678.067, 125
Trd, 258678.400, 124
Trd, 258678.500, 126
Trd, 258678.583, 127
Trd, 258678.617, 91
Trd, 258678.917, 120
Trd, 258679.217, 113
Trd, 258679.533, 106
Trd, 258679.667, 105
Trd, 258679.800, 94
Trd, 258680.167, 93
Trd, 258680.283, 102
Trd, 258680.500, 101
Trd, 258680.767, 106
Trd, 258680.950, 88
Trd, 258681.067, 87
Trd, 258681.133, 91
Trd, 258681.517, 85
Trd, 258681.733, 85
Trd, 258681.800, 84
Trd, 258682.150, 104
Trd, 258682.433, 111
Trd, 258682.467, 83
Trd, 258682.500, 79
Trd, 258682.717, 113
Trd, 258683.350, 137
Trd, 258683.750, 136
Trd, 258683.983, 135
Trd, 258684.550, 138
Trd, 258684.633, 137
Trd, 258684.783, 114
Trd, 258684.800, 109
Trd, 258684.900, 108
Trd, 258685.833, 115
Trd, 258685.917, 101
Trd, 258686.033, 131
Trd, 258686.117, 98
Trd, 258686.300, 131
Trd, 258686.617, 99
Trd, 258686.633, 100
Trd, 258686.650, 94
Trd, 258686.900, 94
Trd, 258687.183, 93
Trd, 258687.283, 92
Trd, 258687.650, 123
Trd, 258688.350, 121
Trd, 258688.450, 122
Trd, 258688.517, 123
Trd, 258688.583, 124
Trd, 258688.700, 123
Trd, 258688.850, 122
Trd, 258689.267, 121
Trd, 258689.333, 124
Trd, 258689.367, 127
Trd, 258689.767, 123
Trd, 258689.917, 117
Trd, 258689.967, 116
Trd, 258690.283, 114
Trd, 258690.683, 118
Trd, 258690.783, 113
Trd, 258690.833, 109
Trd, 258690.933, 130
Trd, 258691.783, 127
Trd, 258692.183, 113
Trd, 258692.467, 113
Trd, 258692.500, 133
Trd, 258692.900, 140
Trd, 258693.383, 140
Trd, 258693.867, 140
Trd, 258694.033, 140
Trd, 258694.217, 140
Trd, 258695.333, 140
Trd, 258695.517, 140
Trd, 258696.100, 140
Trd, 258696.450, 140
Trd, 258696.633, 140
Trd, 258696.683, 140
Trd, 258696.900, 140
Trd, 258696.950, 140
Trd, 258696.967, 140
Trd, 258697.050, 140
Trd, 258697.250, 140
Trd, 258697.533, 138
Trd, 258697.650, 127
Trd, 258697.867, 122
Trd, 258698.250, 127
Trd, 258698.350, 130
Trd, 258698.383, 116
Trd, 258698.467, 130
Trd, 258698.800, 129
Trd, 258699.033, 130
Trd, 258699.067, 133
Trd, 258699.117, 117
Trd, 258699.150, 98
Trd, 258699.267, 115
Trd, 258699.517, 129
Trd, 258699.533, 124
Trd, 258700.000, 111
Trd, 258700.017, 92
Trd, 258700.050, 130
Trd, 258700.783, 67
Trd, 258700.917, 67
Trd, 258700.983, 61
Trd, 258701.117, 62
Trd, 258702.017, 62
Trd, 258702.167, 61
Trd, 258702.350, 61
Trd, 258702.683, 66
Trd, 258702.900, 60
Trd, 258703.050, 60
Trd, 258703.517, 79
Trd, 258703.633, 92
Trd, 258704.400, 99
Trd, 258704.567, 82
Trd, 258704.633, 99
Trd, 258704.817, 83
Trd, 258705.100, 96
Trd, 258705.250, 97
Trd, 258705.350, 87
Trd, 258705.433, 86
Trd, 258705.567, 114
Trd, 258706.083, 140
Trd, 258706.600, 140
Trd, 258706.700, 140
Trd, 258706.767, 140
Trd, 258707.050, 140
Trd, 258707.200, 140
Trd, 258707.417, 140
Trd, 258707.450, 140
Trd, 258707.567, 140
Trd, 258707.633, 140
Trd, 258707.700, 140
Trd, 258707.983, 140
Trd, 258708.833, 138
Trd, 258708.933, 116
Trd, 258709.250, 135
Trd, 258709.400, 140
Trd, 258710.417, 140
Trd, 258710.600, 140
Trd, 258710.617, 140
Trd, 258710.717, 140
Trd, 258710.983, 140
Trd, 258711.250, 140
Trd, 258711.433, 140
Trd, 258711.617, 139
Trd, 258712.017, 130
Trd, 258712.350, 140
Trd, 258712.383, 133
Trd, 258712.867, 128
Trd, 258713.000, 127
Trd, 258713.267, 115
Trd, 258713.300, 136
Trd, 258713.350, 114
Trd, 258713.433, 112
Trd, 258713.533, 106
Trd, 258713.700, 114
Trd, 258713.900, 103
Trd, 258713.933, 124
Trd, 258713.967, 92
Trd, 258714.583, 118
Trd, 258714.733, 113
Trd, 258714.967, 116
Trd, 258715.050, 115
Trd, 258715.067, 114
Trd, 258715.567, 116
Trd, 258715.783, 114
Trd, 258715.817, 112
Trd, 258715.933, 101
Trd, 258715.967, 119
Trd, 258716.200, 119
Trd, 258716.350, 108
Trd, 258716.517, 98
Trd, 258716.983, 115
Trd, 258717.033, 115
Trd, 258717.333, 108
Trd, 258717.750, 115
Trd, 258717.783, 107
Trd, 258717.917, 90
Trd, 258718.733, 117
Trd, 258718.767, 116
Trd, 258719.267, 116
Trd, 258719.683, 121
Trd, 258719.817, 120
Trd, 258720.100, 120
Trd, 258720.167, 121
Trd, 258720.283, 128
Trd, 258720.567, 102
Trd, 258720.633, 100
Trd, 258720.733, 85
Trd, 258720.867, 85
Trd, 258721.017, 137
Trd, 258721.150, 87
Trd, 258721.767, 105
Trd, 258721.983, 105
Trd, 258722.267, 94
Trd, 258723.117, 95
Trd, 258723.267, 101
Trd, 258723.517, 93
Trd, 258723.533, 92
Trd, 258724.000, 100
Trd, 258724.733, 98
Trd, 258725.017, 91
Trd, 258725.267, 95
Trd, 258725.500, 95
Trd, 258725.650, 94
Trd, 258725.767, 91
Trd, 258725.783, 90
Trd, 258725.900, 89
Trd, 258725.933, 93
Trd, 258726.050, 94
Trd, 258726.133, 81
Trd, 258726.483, 90
Trd, 258726.500, 91
Trd, 258726.700, 68
Trd, 258726.783, 91
Trd, 258727.150, 92
Trd, 258727.367, 93
Trd, 258727.433, 77
Trd, 258727.583, 78
Trd, 258727.633, 109
Trd, 258727.717, 77
Trd, 258728.517, 117
Trd, 258728.533, 116
Trd, 258728.583, 115
Trd, 258728.867, 128
Trd, 258729.450, 134
Trd, 258729.533, 133
Trd, 258729.600, 135
Trd, 258729.733, 128
Trd, 258730.117, 129
Trd, 258730.183, 127
Trd, 258730.417, 122
Trd, 258730.717, 140
Trd, 258730.767, 116
Trd, 258730.950, 109
Trd, 258731.083, 100
Trd, 258731.983, 138
Trd, 258732.350, 127
Trd, 258732.500, 137
Trd, 258732.617, 128
Trd, 258732.883, 126
Trd, 258733.267, 129
Trd, 258733.300, 126
Trd, 258733.450, 126
Trd, 258733.583, 125
Trd, 258734.033, 122
Trd, 258734.150, 120
Trd, 258734.467, 121
Trd, 258734.617, 120
Trd, 258735.033, 123
Trd, 258735.067, 121
Trd, 258735.283, 126
Trd, 258735.883, 120
Trd, 258736.117, 117
Trd, 258736.200, 124
Trd, 258736.517, 115
Trd, 258736.617, 104
Trd, 258737.000, 119
Trd, 258737.450, 110
Trd, 258737.600, 113
Trd, 258737.683, 113
Trd, 258737.717, 108
Trd, 258738.033, 111
Trd, 258738.283, 111
Trd, 258738.300, 110
Trd, 258738.333, 112
Trd, 258738.433, 108
Trd, 258738.550, 116
Trd, 258738.633, 115
Trd, 258738.650, 120
Trd, 258738.900, 105
Trd, 258738.933, 122
Trd, 258739.367, 106
Trd, 258739.633, 126
Trd, 258739.667, 105
Trd, 258740.067, 88
Trd, 258740.183, 103
Trd, 258740.500, 88
Trd, 258740.783, 101
Trd, 258740.833, 102
Trd, 258740.867, 66
Trd, 258741.050, 65
Trd, 258741.400, 125
Trd, 258741.450, 68
Trd, 258741.533, 68
Trd, 258742.583, 118
Trd, 258742.633, 117
Trd, 258742.733, 116
Trd, 258743.017, 96
Trd, 258743.300, 103
Trd, 258743.317, 112
Trd, 258743.617, 113
Trd, 258743.733, 110
Trd, 258744.133, 111
Trd, 258744.300, 109
Trd, 258744.417, 109
Trd, 258744.533, 108
Trd, 258744.667, 109
Trd, 258744.767, 109
Trd, 258744.883, 97
Trd, 258745.067, 93
Trd, 258745.133, 108
Trd, 258745.183, 109
Trd, 258745.750, 84
Trd, 258745.767, 85
Trd, 258746.067, 94
Trd, 258746.383, 88
Trd, 258746.483, 88
Trd, 258746.533, 89
Trd, 258746.750, 90
Trd, 258746.783, 95
Trd, 258746.983, 88
Trd, 258747.450, 110
Trd, 258747.650, 106
Trd, 258747.717, 88
Trd, 258748.133, 132
Trd, 258748.650, 138
Trd, 258748.833, 138
Trd, 258748.950, 137
Trd, 258749.033, 140
Trd, 258749.117, 128
Trd, 258749.350, 138
Trd, 258749.500, 130
Trd, 258749.533, 129
Trd, 258749.817, 127
Trd, 258750.050, 125
Trd, 258750.267, 114
Trd, 258750.617, 132
Trd, 258750.650, 114
Trd, 258750.700, 113
Trd, 258751.333, 129
Trd, 258751.433, 126
Trd, 258752.233, 128
Trd, 258752.300, 128
Trd, 258752.533, 127
Trd, 258752.633, 126
Trd, 258753.367, 125
Trd, 258753.783, 125
Trd, 258754.017, 126
Trd, 258754.100, 113
Trd, 258754.233, 111
Trd, 258754.267, 108
Trd, 258754.933, 121
Trd, 258755.350, 124
Trd, 258755.483, 122
Trd, 258755.533, 121
Trd, 258756.117, 123
Trd, 258756.800, 119
Trd, 258756.833, 115
Trd, 258757.150, 121
Trd, 258757.333, 115
Trd, 258757.350, 114
Trd, 258757.417, 114
Trd, 258757.467, 126
Trd, 258757.683, 126
Trd, 258757.900, 114
Trd, 258757.950, 126
Trd, 258758.433, 125
Trd, 258758.750, 122
Trd, 258758.983, 122
Trd, 258759.050, 121
Trd, 258759.850, 117
Trd, 258759.900, 121
Trd, 258760.150, 116
Trd, 258760.333, 114
Trd, 258760.467, 113
Trd, 258760.700, 112
Trd, 258760.750, 104
Trd, 258760.833, 113
Trd, 258761.383, 102
Trd, 258761.500, 102
Trd, 258761.817, 103
Trd, 258761.917, 101
Trd, 258762.000, 98
Trd, 258762.083, 104
Trd, 258762.150, 107
Trd, 258762.483, 106
Trd, 258762.667, 97
Trd, 258762.733, 102
Trd, 258763.033, 96
Trd, 258763.067, 102
Trd, 258763.150, 103
Trd, 258763.550, 105
Trd, 258763.617, 95
Trd, 258763.750, 113
Trd, 258763.767, 115
Trd, 258763.833, 128
Trd, 258764.100, 127
Trd, 258764.117, 94
Trd, 258764.800, 134
Trd, 258764.833, 133
Trd, 258764.950, 132
Trd, 258765.033, 132
Trd, 258765.050, 133
Trd, 258765.150, 135
Trd, 258765.550, 102
Trd, 258766.083, 119
Trd, 258766.533, 111
Trd, 258767.283, 140
Trd, 258767.367, 140
Trd, 258767.750, 138
Trd, 258768.067, 137
Trd, 258768.717, 140
Trd, 258768.733, 140
Trd, 258769.083, 140
Trd, 258769.167, 140
Trd, 258769.850, 140
Trd, 258770.000, 140
Trd, 258770.067, 139
Trd, 258770.383, 140
Trd, 258770.783, 133
Trd, 258770.917, 133
Trd, 258771.100, 132
Trd, 258771.267, 131
Trd, 258771.317, 133
Trd, 258771.800, 131
Trd, 258771.817, 132
Trd, 258771.850, 127
Trd, 258772.317, 131
Trd, 258772.417, 131
Trd, 258772.583, 130
Trd, 258772.717, 132
Trd, 258772.750, 130
Trd, 258773.100, 116
Trd, 258773.133, 114
Trd, 258773.183, 108
Trd, 258773.400, 113
Trd, 258773.433, 102
Trd, 258773.567, 118
Trd, 258773.717, 121
Trd, 258773.800, 129
Trd, 258773.967, 115
Trd, 258774.200, 114
Trd, 258774.617, 114
Trd, 258774.650, 113
Trd, 258774.800, 126
Trd, 258774.933, 130
Trd, 258775.083, 119
Trd, 258775.117, 117
Trd, 258775.733, 127
Trd, 258775.817, 126
Trd, 258776.283, 132
Trd, 258776.733, 139
Trd, 258776.867, 139
Trd, 258776.900, 138
Trd, 258777.050, 139
Trd, 258777.150, 122
Trd, 258777.383, 109
Trd, 258777.450, 100
Trd, 258777.533, 134
Trd, 258777.600, 95
Trd, 258778.483, 127
Trd, 258778.600, 128
Trd, 258778.833, 117
Trd, 258779.083, 119
Trd, 258779.233, 116
Trd, 258779.533, 116
Trd, 258779.583, 120
Trd, 258779.683, 119
Trd, 258779.800, 115
Trd, 258780.350, 105
Trd, 258780.383, 116
Trd, 258780.400, 88
Trd, 258780.617, 87
Trd, 258780.633, 83
Trd, 258780.717, 113
Trd, 258781.100, 65
Trd, 258781.467, 66
Trd, 258781.567, 66
Trd, 258781.833, 67
Trd, 258782.183, 69
Trd, 258782.250, 74
Trd, 258782.750, 72
Trd, 258782.833, 71
Trd, 258782.917, 71
Trd, 258783.100, 72
Trd, 258783.117, 74
Trd, 258783.233, 75
Trd, 258783.400, 81
Trd, 258783.600, 73
Trd, 258783.733, 71
Trd, 258784.133, 95
Trd, 258784.333, 74
Trd, 258784.533, 110
Trd, 258785.067, 140
Trd, 258785.100, 139
Trd, 258785.133, 94
Trd, 258785.467, 109
Trd, 258785.583, 109
Trd, 258785.850, 109
Trd, 258785.917, 108
Trd, 258785.967, 109
Trd, 258786.200, 108
Trd, 258786.250, 111
Trd, 258786.300, 107
Trd, 258786.517, 106
Trd, 258786.633, 85
Trd, 258786.833, 116
Trd, 258786.983, 118
Trd, 258787.333, 118
Trd, 258787.550, 103
Trd, 258787.700, 119
Trd, 258787.833, 112
Trd, 258787.950, 111
Trd, 258787.983, 98
Trd, 258788.017, 126
Trd, 258789.100, 139
Trd, 258789.300, 139
Trd, 258789.600, 137
Trd, 258789.750, 111
Trd, 258789.817, 111
Trd, 258790.100, 131
Trd, 258790.667, 112
Trd, 258790.700, 110
Trd, 258790.717, 111
Trd, 258791.183, 113
Trd, 258791.250, 125
Trd, 258791.733, 116
Trd, 258792.117, 116
Trd, 258792.150, 115
Trd, 258792.200, 119
Trd, 258792.400, 117
Trd, 258792.417, 114
Trd, 258792.533, 92
Trd, 258792.700, 86
Trd, 258792.783, 111
Trd, 258792.817, 85
Trd, 258792.867, 76
Trd, 258793.083, 81
Trd, 258793.383, 116
Trd, 258793.650, 117
Trd, 258794.167, 117
Trd, 258794.233, 103
Trd, 258794.767, 105
Trd, 258795.000, 115
Trd, 258795.233, 118
Trd, 258795.333, 107
Trd, 258795.383, 105
Trd, 258796.217, 140
Trd, 258797.433, 140
Trd, 258797.667, 140
Trd, 258797.683, 131
Trd, 258797.800, 123
Trd, 258797.833, 132
Trd, 258798.100, 122
Trd, 258798.167, 120
Trd, 258798.717, 126
Trd, 258798.983, 124
Trd, 258799.167, 124
Trd, 258799.183, 125
Trd, 258799.200, 123
Trd, 258799.217, 122
Trd, 258799.283, 100
Trd, 258799.317, 90
Trd, 258799.333, 84
Trd, 258799.450, 123
Trd, 258800.533, 123
Trd, 258800.717, 123
Trd, 258800.800, 123
Trd, 258800.950, 124
Trd, 258800.983, 123
Trd, 258801.000, 133
Trd, 258801.067, 123
Trd, 258801.283, 123
Trd, 258801.533, 122
Trd, 258802.200, 129
Trd, 258802.300, 131
Trd, 258802.383, 120
Trd, 258802.783, 98
Trd, 258802.967, 114
Trd, 258803.433, 97
Trd, 258803.600, 94
Trd, 258803.967, 94
Trd, 258804.000, 95
Trd, 258804.150, 96
Trd, 258804.283, 101
Trd, 258804.417, 102
Trd, 258804.550, 91
Trd, 258804.767, 95
Trd, 258805.150, 140
Trd, 258805.617, 140
Trd, 258805.867, 135
Trd, 258806.067, 123
Trd, 258806.150, 107
Trd, 258806.200, 117
Trd, 258806.383, 136
Trd, 258806.517, 90
Trd, 258806.850, 131
Trd, 258807.917, 133
Trd, 258808.000, 132
Trd, 258808.050, 125
Trd, 258808.283, 125
Trd, 258808.500, 135
Trd, 258808.783, 131
Trd, 258808.900, 130
Trd, 258808.933, 129
Trd, 258809.217, 120
Trd, 258809.283, 112
Trd, 258809.300, 127
Trd, 258809.833, 127
Trd, 258809.850, 125
Trd, 258809.950, 125
Trd, 258810.200, 125
Trd, 258810.450, 119
Trd, 258810.583, 100
Trd, 258810.717, 122
Trd, 258811.283, 117
Trd, 258811.333, 118
Trd, 258811.517, 102
Trd, 258811.533, 101
Trd, 258811.633, 99
Trd, 258812.167, 99
Trd, 258812.317, 112
Trd, 258812.400, 112
Trd, 258812.850, 112
Trd, 258813.017, 112
Trd, 258813.050, 103
Trd, 258813.317, 113
Trd, 258813.333, 116
Trd, 258813.633, 103
Trd, 258813.650, 102
Trd, 258814.083, 109
Trd, 258814.117, 117
Trd, 258814.333, 102
Trd, 258814.483, 118
Trd, 258814.800, 94
Trd, 258814.983, 95
Trd, 258815.083, 87
Trd, 258815.133, 86
Trd, 258815.233, 115
Trd, 258815.450, 93
Trd, 258815.533, 77
Trd, 258815.950, 92
Trd, 258816.333, 92
Trd, 258816.367, 107
Trd, 258816.517, 92
Trd, 258816.733, 111
Trd, 258816.867, 95
Trd, 258817.117, 96
Trd, 258817.183, 95
Trd, 258817.283, 94
Trd, 258817.417, 99
Trd, 258817.550, 89
Trd, 258817.983, 111
Trd, 258818.067, 76
Trd, 258818.083, 112
Trd, 258818.217, 114
Trd, 258818.267, 73
Trd, 258818.900, 82
Trd, 258820.067, 138
Trd, 258820.383, 139
Trd, 258820.583, 139
Trd, 258820.650, 138
Trd, 258820.750, 138
Trd, 258820.833, 138
Trd, 258820.900, 138
Trd, 258821.033, 137
Trd, 258821.467, 129
Trd, 258821.533, 128
Trd, 258821.617, 131
Trd, 258821.883, 130
Trd, 258822.350, 132
Trd, 258822.417, 111
Trd, 258823.533, 125
Trd, 258823.700, 124
Trd, 258823.800, 130
Trd, 258823.983, 124
Trd, 258824.000, 130
Trd, 258824.033, 123
Trd, 258824.183, 121
Trd, 258824.433, 129
Trd, 258824.467, 130
Trd, 258824.617, 115
Trd, 258824.817, 112
Trd, 258824.950, 108
Trd, 258825.200, 104
Trd, 258825.367, 129
Trd, 258825.517, 120
Trd, 258825.533, 103
Trd, 258825.850, 126
Trd, 258825.900, 102
Trd, 258826.233, 120
Trd, 258826.383, 95
Trd, 258826.800, 126
Trd, 258827.333, 105
Trd, 258827.517, 105
Trd, 258827.617, 105
Trd, 258827.917, 107
Trd, 258827.967, 106
Trd, 258828.100, 105
Trd, 258828.317, 108
Trd, 258828.417, 109
Trd, 258828.483, 116
Trd, 258828.983, 106
Trd, 258829.950, 140
Trd, 258830.417, 140
Trd, 258830.883, 140
Trd, 258831.083, 140
Trd, 258831.167, 140
Trd, 258831.367, 140
Trd, 258831.550, 140
Trd, 258831.917, 140
Trd, 258832.033, 140
Trd, 258832.233, 140
Trd, 258832.300, 124
Trd, 258832.383, 137
Trd, 258832.983, 140
Trd, 258833.667, 140
Trd, 258833.850, 137
Trd, 258833.867, 125
Trd, 258834.000, 139
Trd, 258834.167, 125
Trd, 258834.250, 119
Trd, 258834.533, 115
Trd, 258834.600, 127
Trd, 258834.750, 98
Trd, 258834.867, 134
Trd, 258835.467, 121
Trd, 258835.517, 122
Trd, 258835.883, 119
Trd, 258836.333, 112
Trd, 258836.400, 112
Trd, 258837.050, 115
Trd, 258837.367, 113
Trd, 258837.483, 113
Trd, 258837.583, 114
Trd, 258837.683, 112
Trd, 258838.150, 118
Trd, 258838.200, 117
Trd, 258838.667, 123
Trd, 258838.700, 117
Trd, 258838.867, 130
Trd, 258839.083, 124
Trd, 258840.167, 119
Trd, 258840.833, 119
Trd, 258841.033, 129
Trd, 258841.117, 122
Trd, 258841.300, 121
Trd, 258841.417, 116
Trd, 258841.483, 109
Trd, 258841.600, 107
Trd, 258841.800, 98
Trd, 258842.017, 117
Trd, 258842.750, 106
Trd, 258842.800, 115
Trd, 258843.083, 106
Trd, 258843.150, 114
Trd, 258843.383, 110
Trd, 258843.417, 108
Trd, 258843.767, 109
Trd, 258844.050, 110
Trd, 258844.083, 111
Trd, 258844.217, 112
Trd, 258844.267, 110
Trd, 258844.283, 109
Trd, 258844.667, 106
Trd, 258844.933, 106
Trd, 258845.150, 105
Trd, 258845.233, 105
Trd, 258845.250, 101
Trd, 258845.467, 108
Trd, 258845.650, 110
Trd, 258845.750, 108
Trd, 258845.817, 107
Trd, 258845.883, 126
Trd, 258846.317, 131
Trd, 258846.483, 139
Trd, 258847.133, 136
Trd, 258847.533, 129
Trd, 258847.700, 128
Trd, 258847.883, 125
Trd, 258847.967, 125
Trd, 258848.117, 126
Trd, 258848.533, 139
Trd, 258848.550, 138
Trd, 258848.817, 126
Trd, 258849.050, 133
Trd, 258849.433, 127
Trd, 258849.500, 125
Trd, 258849.750, 107
Trd, 258849.800, 112
Trd, 258850.517, 140
Trd, 258850.833, 138
Trd, 258850.950, 138
Trd, 258851.167, 138
Trd, 258851.550, 140
Trd, 258851.783, 140
Trd, 258851.967, 140
Trd, 258852.067, 138
Trd, 258852.150, 137
Trd, 258852.717, 132
Trd, 258852.883, 135
Trd, 258853.167, 132
Trd, 258853.367, 124
Trd, 258853.483, 110
Trd, 258853.550, 104
Trd, 258853.567, 107
Trd, 258854.083, 123
Trd, 258854.533, 109
Trd, 258854.667, 108
Trd, 258854.767, 115
Trd, 258854.967, 115
Trd, 258854.983, 116
Trd, 258855.033, 96
Trd, 258855.050, 120
Trd, 258855.300, 95
Trd, 258856.233, 96
Trd, 258856.317, 87
Trd, 258856.500, 84
Trd, 258856.567, 81
Trd, 258856.817, 90
Trd, 258856.883, 90
Trd, 258857.133, 91
Trd, 258857.300, 84
Trd, 258857.333, 76
Trd, 258857.550, 89
Trd, 258857.883, 89
Trd, 258857.983, 85
Trd, 258858.100, 95
Trd, 258858.350, 100
Trd, 258858.367, 104
Trd, 258858.400, 87
Trd, 258858.500, 86
Trd, 258858.783, 114
Trd, 258859.067, 114
Trd, 258859.250, 91
Trd, 258859.950, 94
Trd, 258860.250, 96
Trd, 258860.283, 95
Trd, 258860.350, 95
Trd, 258860.533, 97
Trd, 258860.800, 101
Trd, 258861.050, 105
Trd, 258861.350, 105
Trd, 258861.383, 103
Trd, 258861.500, 104
Trd, 258861.617, 103
Trd, 258861.667, 101
Trd, 258861.800, 96
Trd, 258863.100, 123
Trd, 258863.133, 100
Trd, 258863.350, 88
Trd, 258863.367, 140
Trd, 258863.600, 62
Trd, 258863.683, 63
Trd, 258863.833, 70
Trd, 258863.950, 60
Trd, 258864.117, 64
Trd, 258864.467, 66
Trd, 258864.483, 66
Trd, 258864.583, 68
Trd, 258864.767, 69
Trd, 258864.850, 71
Trd, 258865.117, 69
Trd, 258865.150, 70
Trd, 258865.333, 72
Trd, 258865.733, 79
Trd, 258866.517, 133
Trd, 258866.883, 135
Trd, 258867.450, 137
Trd, 258867.550, 135
Trd, 258867.717, 137
Trd, 258867.950, 136
Trd, 258868.033, 137
Trd, 258868.050, 118
Trd, 258868.300, 116
Trd, 258868.683, 116
Trd, 258868.917, 128
Trd, 258869.033, 115
Trd, 258869.100, 102
Trd, 258869.150, 101
Trd, 258869.333, 112
Trd, 258869.433, 111
Trd, 258869.500, 109
Trd, 258869.533, 101
Trd, 258869.617, 99
Trd, 258869.683, 73
Trd, 258870.100, 79
Trd, 258870.683, 76
Trd, 258870.883, 76
Trd, 258870.933, 77
Trd, 258871.067, 76
Trd, 258871.083, 82
Trd, 258871.267, 80
Trd, 258871.467, 80
Trd, 258871.483, 81
Trd, 258871.800, 83
Trd, 258872.233, 82
Trd, 258872.433, 83
Trd, 258872.533, 78
Trd, 258872.550, 85
Trd, 258872.583, 93
Trd, 258872.683, 94
Trd, 258873.000, 112
Trd, 258873.467, 140
Trd, 258873.550, 121
Trd, 258873.667, 102
Trd, 258873.983, 78
Trd, 258874.000, 77
Trd, 258874.150, 88
Trd, 258874.183, 117
Trd, 258874.367, 118
Trd, 258874.717, 135
Trd, 258874.800, 135
Trd, 258874.850, 134
Trd, 258875.350, 137
Trd, 258875.800, 137
Trd, 258875.950, 140
Trd, 258876.017, 140
Trd, 258876.433, 137
Trd, 258876.700, 136
Trd, 258876.717, 121
Trd, 258876.933, 109
Trd, 258877.217, 113
Trd, 258877.950, 128
Trd, 258879.567, 140
Trd, 258879.667, 140
Trd, 258879.883, 140
Trd, 258879.933, 140
Trd, 258880.850, 140
Trd, 258881.083, 140
Trd, 258881.250, 140
Trd, 258881.300, 140
Trd, 258881.450, 140
Trd, 258881.500, 140
Trd, 258881.517, 139
Trd, 258882.017, 137
Trd, 258882.050, 138
Trd, 258882.150, 137
Trd, 258882.233, 119
Trd, 258882.283, 113
Trd, 258882.667, 139
Trd, 258882.833, 138
Trd, 258882.867, 136
Trd, 258882.967, 101
Trd, 258883.267, 115
Trd, 258883.383, 100
Trd, 258883.450, 93
Trd, 258883.467, 123
Trd, 258884.033, 131
Trd, 258884.133, 134
Trd, 258884.383, 119
Trd, 258884.950, 117
Trd, 258885.000, 132
Trd, 258885.083, 133
Trd, 258885.167, 116
Trd, 258885.200, 115
Trd, 258885.700, 100
Trd, 258886.217, 120
Trd, 258886.350, 118
Trd, 258886.417, 117
Trd, 258886.467, 107
Trd, 258886.817, 100
Trd, 258887.050, 130
Trd, 258887.383, 132
Trd, 258888.133, 140
Trd, 258889.233, 140
Trd, 258889.317, 140
Trd, 258889.583, 140
Trd, 258889.683, 140
Trd, 258889.883, 140
Trd, 258890.133, 129
Trd, 258890.500, 127
Trd, 258890.683, 132
Trd, 258890.817, 131
Trd, 258890.867, 127
Trd, 258891.017, 127
Trd, 258891.233, 125
Trd, 258891.283, 126
Trd, 258891.700, 122
Trd, 258891.767, 122
Trd, 258891.950, 110
Trd, 258892.083, 106
Trd, 258892.150, 120
Trd, 258892.800, 109
Trd, 258892.900, 109
Trd, 258893.167, 110
Trd, 258893.417, 109
Trd, 258893.683, 126
Trd, 258894.083, 124
Trd, 258894.100, 123
Trd, 258894.267, 122
Trd, 258894.300, 107
Trd, 258894.333, 124
Trd, 258894.417, 104
Trd, 258894.800, 121
Trd, 258895.167, 125
Trd, 258895.300, 127
Trd, 258895.450, 112
Trd, 258895.933, 125
Trd, 258896.233, 130
Trd, 258896.917, 140
Trd, 258897.000, 139
Trd, 258897.133, 116
Trd, 258897.300, 112
Trd, 258897.350, 110
Trd, 258897.583, 105
Trd, 258897.617, 98
Trd, 258897.783, 100
Trd, 258897.950, 130
Trd, 258898.083, 118
Trd, 258898.100, 117
Trd, 258898.667, 131
Trd, 258899.533, 124
Trd, 258899.850, 135
Trd, 258899.867, 137
Trd, 258900.000, 117
Trd, 258900.267, 138
Trd, 258900.400, 119
Trd, 258900.667, 119
Trd, 258900.950, 120
Trd, 258901.183, 119
Trd, 258901.417, 127
Trd, 258901.500, 128
Trd, 258901.617, 120
Trd, 258901.733, 120
Trd, 258901.833, 121
Trd, 258902.350, 123
Trd, 258902.567, 123
Trd, 258902.800, 140
Trd, 258902.817, 132
Trd, 258903.183, 123
Trd, 258903.717, 123
Trd, 258903.850, 140
Trd, 258904.017, 122
Trd, 258904.233, 122
Trd, 258904.450, 123
Trd, 258905.233, 126
Trd, 258905.267, 139
Trd, 258905.383, 125
Trd, 258905.400, 124
Trd, 258905.517, 129
Trd, 258905.583, 123
Trd, 258906.600, 113
Trd, 258906.800, 132
Trd, 258906.867, 135
Trd, 258907.133, 113
Trd, 258907.917, 129
Trd, 258908.150, 131
Trd, 258908.283, 131
Trd, 258908.300, 130
Trd, 258908.583, 128
Trd, 258908.650, 126
Trd, 258908.667, 130
Trd, 258908.767, 113
Trd, 258908.783, 131
Trd, 258908.800, 111
Trd, 258909.050, 104
Trd, 258909.133, 126
Trd, 258909.217, 103
Trd, 258909.583, 130
Trd, 258909.733, 128
Trd, 258909.783, 127
Trd, 258910.117, 112
Trd, 258910.217, 112
Trd, 258910.317, 111
Trd, 258910.517, 109
Trd, 258910.867, 124
Trd, 258911.500, 123
Trd, 258911.817, 115
Trd, 258911.833, 116
Trd, 258912.350, 115
Trd, 258912.417, 116
Trd, 258912.483, 116
Trd, 258912.917, 115
Trd, 258913.367, 117
Trd, 258913.383, 116
Trd, 258913.617, 121
Trd, 258913.883, 118
Trd, 258913.917, 117
Trd, 258914.100, 115
Trd, 258914.217, 113
Trd, 258914.250, 119
Trd, 258914.483, 111
Trd, 258914.967, 119
Trd, 258915.433, 118
Trd, 258915.517, 119
Trd, 258915.533, 110
Trd, 258915.583, 107
Trd, 258915.633, 120
Trd, 258915.917, 106
Trd, 258916.150, 125
Trd, 258916.250, 105
Trd, 258916.767, 108
Trd, 258916.800, 107
Trd, 258916.900, 106
Trd, 258917.217, 96
Trd, 258917.650, 130
Trd, 258918.233, 131
Trd, 258918.267, 129
Trd, 258918.467, 137
Trd, 258918.733, 136
Trd, 258918.917, 137
Trd, 258919.117, 137
Trd, 258919.183, 138
Trd, 258919.217, 137
Trd, 258919.333, 139
Trd, 258919.867, 135
Trd, 258920.017, 115
Trd, 258920.283, 129
Trd, 258920.650, 130
Trd, 258921.050, 125
Trd, 258921.133, 115
Trd, 258921.200, 128
Trd, 258921.383, 115
Trd, 258921.500, 129
Trd, 258921.900, 128
Trd, 258922.300, 125
Trd, 258922.400, 123
Trd, 258922.433, 128
Trd, 258922.633, 123
Trd, 258922.750, 122
Trd, 258922.767, 133
Trd, 258922.917, 134
Trd, 258923.100, 136
Trd, 258923.467, 134
Trd, 258924.033, 124
Trd, 258924.117, 132
Trd, 258924.183, 124
Trd, 258924.300, 121
Trd, 258924.900, 115
Trd, 258925.517, 129
Trd, 258925.667, 118
Trd, 258925.867, 117
Trd, 258926.183, 117
Trd, 258926.450, 125
Trd, 258926.533, 116
Trd, 258926.800, 117
Trd, 258927.017, 104
Trd, 258927.833, 110
Trd, 258928.050, 108
Trd, 258928.117, 109
Trd, 258928.350, 113
Trd, 258928.417, 113
Trd, 258928.583, 109
Trd, 258928.733, 109
Trd, 258929.067, 108
Trd, 258929.233, 107
Trd, 258929.367, 113
Trd, 258929.583, 107
Trd, 258929.733, 109
Trd, 258929.800, 109
Trd, 258930.000, 114
Trd, 258930.117, 103
Trd, 258930.467, 91
Trd, 258930.767, 113
Trd, 258931.000, 103
Trd, 258931.150, 105
Trd, 258931.550, 113
Trd, 258931.617, 114
Trd, 258931.817, 114
Trd, 258932.017, 105
Trd, 258932.133, 116
Trd, 258932.183, 109
Trd, 258932.533, 106
Trd, 258932.850, 120
Trd, 258933.000, 107
Trd, 258933.300, 119
Trd, 258933.500, 120
Trd, 258933.550, 128
Trd, 258934.350, 129
Trd, 258934.583, 131
Trd, 258934.617, 126
Trd, 258934.883, 108
Trd, 258934.933, 106
Trd, 258935.817, 131
Trd, 258936.217, 131
Trd, 258936.267, 130
Trd, 258936.333, 134
Trd, 258936.783, 135
Trd, 258937.017, 134
Trd, 258937.300, 131
Trd, 258937.417, 128
Trd, 258937.467, 132
Trd, 258937.483, 133
Trd, 258937.550, 134
Trd, 258937.917, 116
Trd, 258938.033, 111
Trd, 258938.233, 109
Trd, 258938.417, 108
Trd, 258938.483, 81
Trd, 258938.867, 86
Trd, 258939.133, 123
Trd, 258939.350, 124
Trd, 258939.633, 116
Trd, 258940.050, 117
Trd, 258940.367, 123
Trd, 258940.400, 124
Trd, 258940.433, 116
Trd, 258940.550, 117
Trd, 258940.983, 125
Trd, 258941.183, 116
Trd, 258941.400, 115
Trd, 258941.533, 117
Trd, 258941.667, 116
Trd, 258941.917, 114
Trd, 258942.033, 113
Trd, 258942.550, 114
Trd, 258942.617, 112
Trd, 258942.633, 115
Trd, 258942.867, 101
Trd, 258943.100, 111
Trd, 258943.200, 117
Trd, 258943.550, 111
Trd, 258943.733, 100
Trd, 258944.267, 105
Trd, 258944.367, 105
Trd, 258944.433, 99
Trd, 258944.567, 90
Trd, 258944.850, 92
Trd, 258945.050, 91
Trd, 258945.383, 138
Trd, 258945.433, 137
Trd, 258945.550, 123
Trd, 258945.567, 112
Trd, 258945.800, 103
Trd, 258945.883, 104
Trd, 258946.083, 140
Trd, 258946.883, 139
Trd, 258946.950, 140
Trd, 258947.167, 139
Trd, 258947.183, 124
Trd, 258947.367, 140
Trd, 258948.017, 138
Trd, 258948.133, 140
Trd, 258948.183, 139
Trd, 258948.250, 117
Trd, 258948.583, 103
Trd, 258948.767, 125
Trd, 258948.783, 109
Trd, 258948.817, 101
Trd, 258949.183, 106
Trd, 258949.533, 102
Trd, 258949.750, 124
Trd, 258949.833, 100
Trd, 258950.433, 122
Trd, 258950.650, 122
Trd, 258950.783, 122
Trd, 258951.117, 121
Trd, 258951.550, 121
Trd, 258951.933, 120
Trd, 258951.983, 120
Trd, 258952.067, 121
Trd, 258952.117, 120
Trd, 258952.150, 119
Trd, 258952.267, 118
Trd, 258952.300, 97
Trd, 258952.617, 87
Trd, 258952.950, 117
Trd, 258953.017, 115
Trd, 258953.550, 114
Trd, 258953.850, 116
Trd, 258953.950, 80
Trd, 258954.033, 99
Trd, 258954.300, 81
Trd, 258954.800, 93
Trd, 258954.983, 103
Trd, 258955.133, 104
Trd, 258955.533, 113
Trd, 258955.917, 114
Trd, 258956.283, 101
Trd, 258956.350, 113
Trd, 258956.517, 101
Trd, 258956.833, 101
Trd, 258957.333, 103
Trd, 258957.367, 105
Trd, 258957.383, 102
Trd, 258957.417, 106
Trd, 258957.550, 100
Trd, 258957.583, 99
Trd, 258957.750, 107
Trd, 258957.817, 100
Trd, 258957.933, 100
Trd, 258958.000, 98
Trd, 258958.183, 89
Trd, 258958.533, 108
Trd, 258958.550, 82
Trd, 258958.567, 109
Trd, 258959.100, 66
Trd, 258959.983, 92
Trd, 258960.200, 117
Trd, 258960.217, 94
Trd, 258960.350, 92
Trd, 258960.433, 105
Trd, 258960.533, 76
Trd, 258960.583, 75
Trd, 258960.917, 88
Trd, 258960.967, 88
Trd, 258961.350, 94
Trd, 258961.450, 94
Trd, 258961.467, 95
Trd, 258961.850, 95
Trd, 258961.917, 96
Trd, 258961.983, 94
Trd, 258962.400, 138
Trd, 258962.767, 139
Trd, 258963.417, 140
Trd, 258964.017, 140
Trd, 258964.117, 140
Trd, 258964.433, 140
Trd, 258964.583, 140
Trd, 258965.883, 140
Trd, 258966.417, 140
Trd, 258966.467, 140
Trd, 258966.667, 140
Trd, 258966.700, 140
Trd, 258966.983, 138
Trd, 258967.150, 137
Trd, 258967.167, 138
Trd, 258967.333, 134
Trd, 258967.433, 139
Trd, 258967.467, 132
Trd, 258967.633, 140
Trd, 258967.883, 132
Trd, 258967.967, 132
Trd, 258967.983, 131
Trd, 258968.300, 129
Trd, 258968.800, 121
Trd, 258968.817, 120
Trd, 258968.850, 129
Trd, 258969.017, 119
Trd, 258969.067, 94
Trd, 258969.250, 94
Trd, 258969.350, 130
Trd, 258969.517, 100
Trd, 258969.533, 94
Trd, 258969.583, 93
Trd, 258970.167, 93
Trd, 258970.517, 98
Trd, 258970.750, 70
Trd, 258971.267, 109
Trd, 258971.367, 109
Trd, 258972.100, 104
Trd, 258972.517, 102
Trd, 258972.833, 89
Trd, 258973.300, 92
Trd, 258973.400, 90
Trd, 258973.533, 89
Trd, 258973.633, 88
Trd, 258973.650, 96
Trd, 258974.067, 94
Trd, 258974.250, 93
Trd, 258974.383, 95
Trd, 258974.400, 92
Trd, 258974.417, 96
Trd, 258974.883, 88
Trd, 258975.017, 98
Trd, 258975.100, 106
Trd, 258975.217, 99
Trd, 258975.300, 96
Trd, 258975.567, 118
Trd, 258975.817, 128
Trd, 258976.050, 111
Trd, 258976.617, 139
Trd, 258977.217, 140
Trd, 258977.283, 139
Trd, 258977.400, 139
Trd, 258977.450, 138
Trd, 258977.933, 132
Trd, 258978.567, 140
Trd, 258978.733, 140
Trd, 258978.783, 138
Trd, 258978.983, 131
Trd, 258979.117, 131
Trd, 258979.417, 134
Trd, 258979.483, 121
Trd, 258979.583, 112
Trd, 258979.617, 109
Trd, 258979.683, 126
Trd, 258979.833, 107
Trd, 258980.200, 131
Trd, 258980.783, 104
Trd, 258981.033, 107
Trd, 258981.433, 95
Trd, 258981.533, 94
Trd, 258981.667, 104
Trd, 258981.950, 106
Trd, 258982.317, 90
Trd, 258982.333, 89
Trd, 258982.383, 88
Trd, 258982.467, 84
Trd, 258982.583, 77
Trd, 258982.600, 104
Trd, 258982.750, 64
Trd, 258982.833, 105
Trd, 258983.000, 67
Trd, 258983.317, 107
Trd, 258983.600, 107
Trd, 258983.967, 139
Trd, 258984.683, 140
Trd, 258984.767, 140
Trd, 258984.967, 139
Trd, 258986.400, 140
Trd, 258986.450, 140
Trd, 258986.550, 140
Trd, 258986.717, 140
Trd, 258987.017, 139
Trd, 258987.133, 138
Trd, 258987.283, 137
Trd, 258987.633, 138
Trd, 258987.933, 140
Trd, 258988.200, 140
Trd, 258988.400, 140
Trd, 258988.667, 140
Trd, 258988.967, 127
Trd, 258989.050, 131
Trd, 258989.383, 135
Trd, 258989.600, 131
Trd, 258989.700, 128
Trd, 258989.933, 128
Trd, 258990.050, 128
Trd, 258990.183, 127
Trd, 258990.800, 121
Trd, 258990.817, 125
Trd, 258990.833, 116
Trd, 258990.917, 125
Trd, 258990.933, 124
Trd, 258991.083, 126
Trd, 258992.233, 124
Trd, 258992.517, 125
Trd, 258992.683, 124
Trd, 258992.717, 122
Trd, 258993.050, 125
Trd, 258993.083, 124
Trd, 258993.267, 131
Trd, 258993.467, 126
Trd, 258993.500, 121
Trd, 258993.817, 119
Trd, 258993.883, 123
Trd, 258994.117, 128
Trd, 258994.133, 118
Trd, 258994.517, 126
Trd, 258994.600, 130
Trd, 258994.767, 120
Trd, 258994.867, 119
Trd, 258995.367, 139
Trd, 258995.950, 140
Trd, 258996.517, 140
Trd, 258997.317, 133
Trd, 258997.533, 138
Trd, 258998.033, 140
Trd, 258998.067, 140
Trd, 258998.217, 140
Trd, 258998.333, 140
Trd, 258998.550, 140
Trd, 258998.817, 140
Trd, 258999.033, 140
Trd, 258999.217, 140
Trd, 258999.400, 140
Trd, 258999.500, 140
Trd, 258999.950, 140
Trd, 258999.983, 135
Trd, 259000.333, 138
Trd, 259000.550, 128
Trd, 259000.883, 134
Trd, 259001.083, 138
Trd, 259001.433, 138
Trd, 259001.500, 133
Trd, 259001.750, 126
Trd, 259002.133, 124
Trd, 259003.317, 113
Trd, 259003.500, 115
Trd, 259003.583, 113
Trd, 259003.617, 112
Trd, 259003.867, 113
Trd, 259003.967, 113
Trd, 259004.133, 119
Trd, 259004.350, 112
Trd, 259004.617, 111
Trd, 259004.867, 111
Trd, 259004.950, 111
Trd, 259005.083, 111
Trd, 259005.133, 110
Trd, 259005.150, 108
Trd, 259005.200, 112
Trd, 259005.417, 104
Trd, 259005.467, 103
Trd, 259005.550, 112
Trd, 259005.783, 110
Trd, 259006.167, 92
Trd, 259006.867, 88
Trd, 259006.900, 87
Trd, 259006.983, 98
Trd, 259007.000, 99
Trd, 259007.200, 86
Trd, 259007.283, 102
Trd, 259007.833, 72
Trd, 259008.283, 75
Trd, 259008.367, 93
Trd, 259008.433, 97
Trd, 259008.517, 98
Trd, 259008.917, 82
Trd, 259008.967, 81
Trd, 259009.283, 76
Trd, 259009.317, 74
Trd, 259009.467, 87
Trd, 259010.100, 135
Trd, 259010.300, 71
Trd, 259010.600, 67
Trd, 259011.183, 90
Trd, 259011.533, 70
Trd, 259011.733, 69
Trd, 259012.750, 90
Trd, 259012.767, 92
Trd, 259012.783, 94
Trd, 259012.817, 82
Trd, 259012.833, 95
Trd, 259013.300, 93
Trd, 259013.317, 86
Trd, 259013.333, 95
Trd, 259013.700, 100
Trd, 259013.817, 97
Trd, 259014.067, 98
Trd, 259014.183, 100
Trd, 259014.350, 96
Trd, 259014.600, 99
Trd, 259014.767, 97
Trd, 259014.850, 100
Trd, 259015.183, 99
Trd, 259015.317, 106
Trd, 259015.750, 136
Trd, 259015.883, 136
Trd, 259016.233, 140
Trd, 259016.650, 140
Trd, 259016.900, 140
Trd, 259017.067, 138
Trd, 259017.450, 137
Trd, 259017.667, 135
Trd, 259017.750, 135
Trd, 259018.067, 138
Trd, 259018.083, 137
Trd, 259018.383, 136
Trd, 259018.600, 137
Trd, 259018.650, 137
Trd, 259018.683, 136
Trd, 259018.750, 135
Trd, 259019.150, 134
Trd, 259019.350, 134
Trd, 259019.817, 133
Trd, 259019.900, 120
Trd, 259020.200, 131
Trd, 259020.700, 129
Trd, 259021.067, 128
Trd, 259021.150, 126
Trd, 259021.183, 125
Trd, 259021.250, 124
Trd, 259021.267, 121
Trd, 259021.317, 130
Trd, 259021.367, 111
Trd, 259021.600, 109
Trd, 259021.767, 125
Trd, 259022.967, 115
Trd, 259023.067, 115
Trd, 259023.083, 113
Trd, 259023.283, 113
Trd, 259023.500, 110
Trd, 259023.767, 117
Trd, 259023.900, 109
Trd, 259024.283, 117
Trd, 259024.367, 108
Trd, 259024.700, 117
Trd, 259024.933, 104
Trd, 259025.083, 102
Trd, 259025.150, 98
Trd, 259025.200, 87
Trd, 259025.400, 76
Trd, 259025.483, 112
Trd, 259026.050, 91
Trd, 259026.283, 77
Trd, 259026.733, 87
Trd, 259026.750, 83
Trd, 259026.967, 89
Trd, 259027.483, 91
Trd, 259028.000, 92
Trd, 259028.167, 90
Trd, 259028.233, 102
Trd, 259028.750, 91
Trd, 259028.817, 89
Trd, 259028.933, 103
Trd, 259028.967, 104
Trd, 259029.117, 104
Trd, 259029.333, 104
Trd, 259029.767, 109
Trd, 259029.933, 101
Trd, 259030.050, 108
Trd, 259030.283, 101
Trd, 259030.683, 106
Trd, 259030.750, 108
Trd, 259030.767, 104
Trd, 259031.000, 109
Trd, 259031.033, 104
Trd, 259031.217, 107
Trd, 259031.233, 110
Trd, 259031.733, 106
Trd, 259031.850, 112
Trd, 259032.517, 108
Trd, 259032.533, 120
Trd, 259032.617, 107
Trd, 259032.933, 106
Trd, 259033.033, 105
Trd, 259033.417, 101
Trd, 259033.667, 100
Trd, 259034.183, 111
Trd, 259034.883, 114
Trd, 259035.033, 110
Trd, 259035.283, 109
Trd, 259035.367, 109
Trd, 259035.400, 108
Trd, 259035.417, 104
Trd, 259035.533, 110
Trd, 259035.567, 101
Trd, 259035.600, 111
Trd, 259035.633, 98
Trd, 259035.750, 115
Trd, 259035.850, 121
Trd, 259036.083, 132
Trd, 259036.850, 139
Trd, 259036.883, 138
Trd, 259036.983, 113
Trd, 259037.033, 112
Trd, 259037.333, 111
Trd, 259037.450, 111
Trd, 259037.600, 110
Trd, 259037.650, 114
Trd, 259037.983, 115
Trd, 259038.167, 109
Trd, 259038.383, 90
Trd, 259038.450, 89
Trd, 259039.050, 78
Trd, 259039.567, 101
Trd, 259039.850, 103
Trd, 259039.917, 105
Trd, 259039.983, 101
Trd, 259040.033, 105
Trd, 259040.133, 100
Trd, 259040.383, 94
Trd, 259040.483, 98
Trd, 259040.600, 105
Trd, 259040.667, 92
Trd, 259041.283, 140
Trd, 259041.583, 120
Trd, 259042.267, 123
Trd, 259042.600, 140
Trd, 259042.817, 126
Trd, 259043.133, 140
Trd, 259043.283, 140
Trd, 259043.300, 139
Trd, 259043.567, 135
Trd, 259044.183, 127
Trd, 259044.233, 122
Trd, 259044.300, 120
Trd, 259044.367, 133
Trd, 259045.233, 115
Trd, 259045.550, 140
Trd, 259045.667, 140
Trd, 259045.717, 139
Trd, 259045.917, 138
Trd, 259046.133, 128
Trd, 259046.383, 117
Trd, 259046.550, 114
Trd, 259046.833, 128
Trd, 259046.850, 108
Trd, 259047.350, 125
Trd, 259047.667, 115
Trd, 259047.817, 118
Trd, 259047.967, 105
Trd, 259048.133, 114
Trd, 259048.600, 106
Trd, 259048.983, 114
Trd, 259049.067, 115
Trd, 259049.167, 110
Trd, 259049.267, 116
Trd, 259049.633, 109
Trd, 259049.733, 110
Trd, 259049.817, 110
Trd, 259050.000, 110
Trd, 259050.067, 109
Trd, 259050.150, 111
Trd, 259050.250, 111
Trd, 259050.317, 109
Trd, 259050.433, 112
Trd, 259050.600, 110
Trd, 259050.883, 110
Trd, 259050.933, 114
Trd, 259051.000, 108
Trd, 259051.500, 112
Trd, 259052.033, 113
Trd, 259052.133, 113
Trd, 259052.283, 135
Trd, 259052.417, 137
Trd, 259052.483, 135
Trd, 259052.533, 134
Trd, 259052.933, 112
Trd, 259053.317, 131
Trd, 259053.617, 108
Trd, 259053.850, 107
Trd, 259053.917, 104
Trd, 259054.000, 113
Trd, 259054.217, 99
Trd, 259054.750, 133
Trd, 259054.850, 94
Trd, 259055.100, 124
Trd, 259055.300, 124
Trd, 259055.883, 122
Trd, 259056.133, 130
Trd, 259056.450, 119
Trd, 259057.067, 124
Trd, 259057.150, 124
Trd, 259057.183, 125
Trd, 259057.250, 119
Trd, 259057.483, 125
Trd, 259057.517, 124
Trd, 259057.867, 104
Trd, 259058.283, 116
Trd, 259058.383, 117
Trd, 259058.400, 121
Trd, 259058.533, 126
Trd, 259058.667, 116
Trd, 259058.800, 128
Trd, 259058.817, 132
Trd, 259059.467, 125
Trd, 259059.583, 135
Trd, 259059.800, 125
Trd, 259060.067, 120
Trd, 259060.617, 139
Trd, 259060.933, 130
Trd, 259061.483, 124
Trd, 259062.017, 139
Trd, 259062.350, 122
Trd, 259062.417, 111
Trd, 259062.883, 133
Trd, 259063.150, 131
Trd, 259063.167, 130
Trd, 259063.200, 119
Trd, 259063.300, 119
Trd, 259063.333, 117
Trd, 259063.633, 111
Trd, 259063.700, 127
Trd, 259063.733, 101
Trd, 259063.767, 67
Trd, 259064.233, 60
Trd, 259064.400, 60
Trd, 259064.567, 60
Trd, 259064.783, 60
Trd, 259065.067, 65
Trd, 259065.433, 60
Trd, 259065.450, 60
Trd, 259065.683, 62
Trd, 259065.867, 62
Trd, 259066.333, 62
Trd, 259066.400, 62
Trd, 259066.450, 63
Trd, 259066.600, 67
Trd, 259066.633, 72
Trd, 259066.650, 65
Trd, 259066.817, 85
Trd, 259067.650, 140
Trd, 259067.667, 130
Trd, 259067.933, 137
Trd, 259067.950, 108
Trd, 259068.200, 110
Trd, 259068.267, 109
Trd, 259068.350, 106
Trd, 259068.967, 140
Trd, 259069.017, 140
Trd, 259069.267, 140
Trd, 259069.783, 140
Trd, 259070.100, 140
Trd, 259070.317, 120
Trd, 259070.467, 107
Trd, 259070.583, 100
Trd, 259070.667, 104
Trd, 259071.067, 99
Trd, 259071.417, 94
Trd, 259071.867, 93
Trd, 259072.417, 78
Trd, 259072.583, 77
Trd, 259072.667, 76
Trd, 259072.700, 77
Trd, 259072.850, 67
Trd, 259073.000, 67
Trd, 259073.017, 75
Trd, 259073.383, 74
Trd, 259073.417, 75
Trd, 259073.867, 65
Trd, 259074.033, 66
Trd, 259074.200, 67
Trd, 259074.217, 69
Trd, 259074.317, 68
Trd, 259074.350, 69
Trd, 259074.483, 66
Trd, 259074.500, 77
Trd, 259074.967, 78
Trd, 259074.983, 79
Trd, 259075.267, 80
Trd, 259075.700, 81
Trd, 259075.733, 79
Trd, 259075.750, 84
Trd, 259076.183, 140
Trd, 259076.517, 140
Trd, 259076.550, 109
Trd, 259076.633, 66
Trd, 259076.717, 120
Trd, 259076.783, 65
Trd, 259076.950, 61
Trd, 259077.300, 99
Trd, 259077.567, 137
Trd, 259077.933, 99
Trd, 259077.950, 96
Trd, 259077.967, 89
Trd, 259078.083, 80
Trd, 259078.433, 84
Trd, 259078.533, 117
Trd, 259078.983, 109
Trd, 259079.233, 110
Trd, 259079.250, 91
Trd, 259079.717, 108
Trd, 259080.200, 105
Trd, 259080.350, 106
Trd, 259080.467, 106
Trd, 259080.617, 107
Trd, 259080.917, 106
Trd, 259080.967, 106
Trd, 259081.067, 107
Trd, 259081.150, 115
Trd, 259081.183, 106
Trd, 259081.367, 121
Trd, 259081.850, 108
Trd, 259082.233, 114
Trd, 259082.333, 112
Trd, 259082.367, 115
Trd, 259083.017, 135
Trd, 259083.100, 134
Trd, 259084.217, 139
Trd, 259084.333, 138
Trd, 259084.350, 137
Trd, 259084.600, 139
Trd, 259084.750, 139
Trd, 259085.033, 138
Trd, 259085.150, 127
Trd, 259085.800, 128
Trd, 259085.817, 127
Trd, 259085.950, 121
Trd, 259086.383, 140
Trd, 259086.883, 140
Trd, 259087.150, 140
Trd, 259087.433, 140
Trd, 259087.467, 140
Trd, 259087.717, 139
Trd, 259087.783, 138
Trd, 259088.350, 133
Trd, 259088.733, 135
Trd, 259088.983, 133
Trd, 259089.250, 133
Trd, 259089.367, 132
Trd, 259089.433, 131
Trd, 259089.550, 126
Trd, 259089.883, 123
Trd, 259090.133, 131
Trd, 259090.317, 117
Trd, 259090.383, 116
Trd, 259090.400, 105
Trd, 259090.817, 102
Trd, 259091.083, 94
Trd, 259091.350, 119
Trd, 259091.400, 126
Trd, 259091.450, 95
Trd, 259091.483, 83
Trd, 259091.850, 123
Trd, 259092.000, 122
Trd, 259092.017, 121
Trd, 259092.050, 124
Trd, 259092.083, 126
Trd, 259092.117, 119
Trd, 259092.283, 68
Trd, 259092.450, 112
Trd, 259092.517, 60
Trd, 259092.867, 60
Trd, 259093.083, 60
Trd, 259093.350, 60
Trd, 259093.683, 60
Trd, 259094.083, 60
Trd, 259094.100, 60
Trd, 259094.133, 63
Trd, 259094.650, 62
Trd, 259095.283, 64
Trd, 259095.300, 65
Trd, 259095.383, 60
Trd, 259095.433, 60
Trd, 259095.467, 62
Trd, 259095.600, 79
Trd, 259096.050, 62
Trd, 259096.333, 63
Trd, 259096.367, 72
Trd, 259096.700, 66
Trd, 259096.883, 89
Trd, 259096.917, 80
Trd, 259097.083, 70
Trd, 259097.117, 94
Trd, 259097.617, 75
Trd, 259097.950, 94
Trd, 259098.333, 77
Trd, 259098.367, 95
Trd, 259098.383, 75
Trd, 259098.567, 125
Trd, 259099.450, 130
Trd, 259099.633, 129
Trd, 259099.750, 134
Trd, 259099.783, 126
Trd, 259099.933, 133
Trd, 259100.350, 118
Trd, 259100.517, 112
Trd, 259100.633, 112
Trd, 259100.683, 122
Trd, 259100.800, 110
Trd, 259101.167, 98
Trd, 259101.400, 98
Trd, 259101.483, 96
Trd, 259101.800, 98
Trd, 259101.850, 97
Trd, 259101.983, 96
Trd, 259102.167, 92
Trd, 259102.483, 123
Trd, 259102.650, 121
Trd, 259102.783, 114
Trd, 259102.833, 107
Trd, 259103.017, 91
Trd, 259103.050, 124
Trd, 259103.767, 108
Trd, 259104.250, 136
Trd, 259104.550, 116
Trd, 259104.867, 97
Trd, 259105.383, 133
Trd, 259105.583, 104
Trd, 259105.750, 103
Trd, 259105.767, 102
Trd, 259105.833, 98
Trd, 259106.067, 119
Trd, 259106.133, 97
Trd, 259106.433, 94
Trd, 259106.600, 85
Trd, 259106.683, 126
Trd, 259106.750, 127
Trd, 259107.067, 128
Trd, 259107.200, 85
Trd, 259107.717, 120
Trd, 259108.317, 91
Trd, 259108.383, 115
Trd, 259108.917, 92
Trd, 259108.950, 113
Trd, 259109.050, 113
Trd, 259109.350, 114
Trd, 259109.367, 115
Trd, 259109.650, 115
Trd, 259109.917, 113
Trd, 259110.033, 112
Trd, 259110.150, 113
Trd, 259110.167, 114
Trd, 259110.400, 113
Trd, 259110.800, 111
Trd, 259110.967, 103
Trd, 259111.183, 114
Trd, 259111.217, 101
Trd, 259111.333, 116
Trd, 259111.417, 71
Trd, 259111.450, 122
Trd, 259111.567, 64
Trd, 259111.767, 125
Trd, 259111.933, 66
Trd, 259112.350, 60
Trd, 259112.450, 61
Trd, 259112.850, 60
Trd, 259113.083, 60
Trd, 259113.167, 61
Trd, 259113.267, 63
Trd, 259113.550, 65
Trd, 259113.633, 66
Trd, 259113.967, 60
Trd, 259114.117, 60
Trd, 259114.267, 79
Trd, 259114.500, 73
Trd, 259114.600, 81
Trd, 259114.683, 85
Trd, 259115.133, 86
Trd, 259115.233, 86
Trd, 259115.367, 87
Trd, 259115.667, 98
Trd, 259116.267, 112
Trd, 259116.433, 98
Trd, 259116.633, 99
Trd, 259116.800, 99
Trd, 259117.217, 89
Trd, 259117.233, 85
Trd, 259117.267, 84
Trd, 259117.317, 91
Trd, 259117.617, 107
Trd, 259117.683, 107
Trd, 259117.783, 108
Trd, 259117.833, 115
Trd, 259118.717, 98
Trd, 259119.133, 125
Trd, 259119.867, 138
Trd, 259119.967, 137
Trd, 259120.300, 138
Trd, 259120.500, 137
Trd, 259120.533, 136
Trd, 259120.600, 135
Trd, 259120.900, 123
Trd, 259121.350, 124
Trd, 259121.833, 137
Trd, 259121.867, 136
Trd, 259122.367, 125
Trd, 259122.600, 132
Trd, 259122.700, 127
Trd, 259122.767, 125
Trd, 259122.800, 111
Trd, 259122.950, 104
Trd, 259123.133, 100
Trd, 259123.433, 121
Trd, 259124.050, 101
Trd, 259124.200, 119
Trd, 259124.283, 120
Trd, 259124.450, 121
Trd, 259124.517, 101
Trd, 259124.550, 122
Trd, 259124.583, 99
Trd, 259124.933, 78
Trd, 259125.083, 96
Trd, 259125.550, 98
Trd, 259125.683, 99
Trd, 259125.717, 97
Trd, 259125.800, 100
Trd, 259125.833, 101
Trd, 259126.033, 83
Trd, 259126.050, 79
Trd, 259126.217, 101
Trd, 259126.333, 86
Trd, 259126.483, 102
Trd, 259127.000, 84
Trd, 259127.817, 98
Trd, 259127.917, 87
Trd, 259128.050, 88
Trd, 259128.250, 98
Trd, 259128.317, 99
Trd, 259128.467, 123
Trd, 259128.550, 88
Trd, 259128.600, 87
Trd, 259128.650, 86
Trd, 259129.283, 98
Trd, 259129.483, 86
Trd, 259129.650, 85
Trd, 259129.900, 82
Trd, 259130.000, 81
Trd, 259130.033, 77
Trd, 259130.183, 123
Trd, 259130.583, 75
Trd, 259130.633, 71
Trd, 259130.933, 121
Trd, 259131.350, 72
Trd, 259131.650, 98
Trd, 259131.917, 121
Trd, 259131.933, 102
Trd, 259133.017, 99
Trd, 259133.050, 97
Trd, 259133.083, 97
Trd, 259133.317, 109
Trd, 259133.900, 98
Trd, 259133.950, 96
Trd, 259134.150, 104
Trd, 259134.283, 100
Trd, 259134.417, 96
Trd, 259134.617, 94
Trd, 259134.800, 93
Trd, 259134.867, 105
Trd, 259134.900, 106
Trd, 259135.000, 88
Trd, 259135.383, 107
Trd, 259135.517, 81
Trd, 259135.667, 98
Trd, 259136.067, 92
Trd, 259136.100, 89
Trd, 259136.283, 79
Trd, 259136.433, 93
Trd, 259136.467, 94
Trd, 259136.650, 96
Trd, 259137.417, 83
Trd, 259137.617, 83
Trd, 259137.717, 84
Trd, 259137.750, 82
Trd, 259137.833, 89
Trd, 259138.067, 72
Trd, 259138.333, 139
Trd, 259138.983, 132
Trd, 259139.000, 131
Trd, 259139.033, 133
Trd, 259139.533, 131
Trd, 259140.133, 119
Trd, 259140.167, 132
Trd, 259140.283, 118
Trd, 259140.500, 116
Trd, 259140.783, 125
Trd, 259140.933, 126
Trd, 259141.067, 125
Trd, 259141.250, 124
Trd, 259141.300, 126
Trd, 259141.483, 126
Trd, 259141.567, 125
Trd, 259141.767, 123
Trd, 259142.567, 122
Trd, 259142.600, 124
Trd, 259142.683, 121
Trd, 259142.800, 125
Trd, 259143.200, 83
Trd, 259143.233, 125
Trd, 259143.633, 70
Trd, 259143.783, 69
Trd, 259143.800, 68
Trd, 259143.917, 126
Trd, 259144.133, 67
Trd, 259144.183, 76
Trd, 259144.967, 106
Trd, 259145.333, 117
Trd, 259145.350, 106
Trd, 259145.533, 105
Trd, 259145.717, 83
Trd, 259145.767, 113
Trd, 259145.817, 114
Trd, 259145.900, 118
Trd, 259146.150, 107
Trd, 259146.833, 97
Trd, 259146.850, 75
Trd, 259147.167, 97
Trd, 259147.217, 98
Trd, 259147.417, 76
Trd, 259147.883, 100
Trd, 259147.933, 101
Trd, 259148.450, 101
Trd, 259148.483, 102
Trd, 259148.583, 108
Trd, 259148.817, 101
Trd, 259149.217, 100
Trd, 259149.433, 130
Trd, 259150.017, 110
Trd, 259150.217, 121
Trd, 259150.517, 112
Trd, 259150.717, 119
Trd, 259150.967, 114
Trd, 259151.067, 114
Trd, 259151.333, 116
Trd, 259151.367, 115
Trd, 259151.400, 114
Trd, 259151.417, 113
Trd, 259151.450, 118
Trd, 259151.500, 112
Trd, 259151.567, 111
Trd, 259151.650, 110
Trd, 259151.867, 113
Trd, 259151.967, 117
Trd, 259152.367, 117
Trd, 259152.917, 115
Trd, 259153.233, 109
Trd, 259153.250, 107
Trd, 259153.300, 99
Trd, 259153.433, 124
Trd, 259154.183, 139
Trd, 259154.217, 136
Trd, 259154.467, 113
Trd, 259154.933, 113
Trd, 259155.050, 112
Trd, 259155.133, 124
Trd, 259155.433, 123
Trd, 259155.550, 114
Trd, 259155.900, 113
Trd, 259156.033, 111
Trd, 259156.083, 107
Trd, 259156.350, 115
Trd, 259156.450, 111
Trd, 259156.717, 111
Trd, 259156.850, 113
Trd, 259157.333, 112
Trd, 259157.367, 112
Trd, 259157.567, 112
Trd, 259157.650, 112
Trd, 259157.700, 109
Trd, 259157.800, 103
Trd, 259157.850, 112
Trd, 259158.200, 110
Trd, 259158.683, 98
Trd, 259158.917, 95
Trd, 259158.933, 87
Trd, 259158.967, 82
Trd, 259159.383, 99
Trd, 259159.433, 91
Trd, 259159.483, 73
Trd, 259159.850, 101
Trd, 259160.150, 102
Trd, 259160.550, 84
Trd, 259160.700, 103
Trd, 259160.850, 93
Trd, 259161.017, 104
Trd, 259161.333, 98
Trd, 259161.433, 84
Trd, 259161.767, 99
Trd, 259161.900, 87
Trd, 259162.050, 90
Trd, 259162.133, 92
Trd, 259162.333, 102
Trd, 259162.383, 102
Trd, 259162.400, 91
Trd, 259162.850, 86
Trd, 259163.083, 84
Trd, 259163.717, 115
Trd, 259163.833, 112
Trd, 259163.967, 111
Trd, 259164.000, 98
Trd, 259164.283, 139
Trd, 259164.767, 100
Trd, 259164.983, 100
Trd, 259165.450, 102
Trd, 259165.783, 121
Trd, 259166.383, 122
Trd, 259166.700, 108
Trd, 259166.833, 109
Trd, 259166.967, 109
Trd, 259167.050, 111
Trd, 259167.400, 113
Trd, 259167.467, 111
Trd, 259167.600, 110
Trd, 259167.717, 100
Trd, 259167.850, 98
Trd, 259167.950, 92
Trd, 259168.333, 105
Trd, 259168.400, 94
Trd, 259168.617, 107
Trd, 259168.650, 93
Trd, 259168.817, 96
Trd, 259169.017, 106
Trd, 259169.033, 108
Trd, 259169.067, 115
Trd, 259169.183, 96
Trd, 259169.200, 119
Trd, 259169.283, 120
Trd, 259169.583, 86
Trd, 259169.617, 85
Trd, 259170.017, 109
Trd, 259170.250, 65
Trd, 259170.683, 132
Trd, 259170.933, 132
Trd, 259170.983, 106
Trd, 259171.350, 132
Trd, 259171.650, 102
Trd, 259171.783, 120
Trd, 259171.800, 102
Trd, 259171.900, 100
Trd, 259172.183, 89
Trd, 259172.217, 71
Trd, 259172.500, 111
Trd, 259172.917, 111
Trd, 259173.617, 60
Trd, 259173.633, 60
Trd, 259174.083, 60
Trd, 259175.567, 60
Trd, 259175.750, 60
Trd, 259175.767, 60
Trd, 259175.783, 60
Trd, 259175.800, 60
Trd, 259175.883, 61
Trd, 259175.967, 61
Trd, 259176.100, 60
Trd, 259176.500, 60
Trd, 259176.650, 60
Trd, 259176.750, 64
Trd, 259176.867, 68
Trd, 259177.017, 71
Trd, 259177.283, 73
Trd, 259177.300, 90
Trd, 259177.417, 70
Trd, 259177.800, 120
Trd, 259178.083, 71
Trd, 259178.183, 118
Trd, 259178.600, 101
Trd, 259178.683, 91
Trd, 259178.750, 118
Trd, 259179.000, 106
Trd, 259179.317, 72
Trd, 259179.350, 71
Trd, 259179.850, 63
Trd, 259179.917, 64
Trd, 259180.000, 73
Trd, 259180.117, 82
Trd, 259180.283, 61
Trd, 259180.783, 62
Trd, 259180.917, 62
Trd, 259181.133, 61
Trd, 259181.450, 63
Trd, 259181.600, 70
Trd, 259181.650, 71
Trd, 259181.950, 72
Trd, 259181.983, 73
Trd, 259182.250, 68
Trd, 259182.400, 99
Trd, 259182.667, 99
Trd, 259182.900, 72
Trd, 259183.117, 85
Trd, 259183.717, 96
Trd, 259183.850, 98
Trd, 259184.300, 80
Trd, 259184.600, 92
Trd, 259185.067, 84
Trd, 259185.083, 90
Trd, 259185.283, 90
Trd, 259185.450, 87
Trd, 259185.517, 86
Trd, 259185.533, 92
Trd, 259185.700, 86
Trd, 259185.850, 85
Trd, 259185.933, 86
Trd, 259186.067, 79
Trd, 259186.417, 74
Trd, 259186.500, 73
Trd, 259186.517, 83
Trd, 259186.533, 87
Trd, 259186.800, 64
Trd, 259187.133, 66
Trd, 259187.150, 89
Trd, 259187.717, 62
Trd, 259187.917, 62
Trd, 259187.933, 63
Trd, 259188.033, 64
Trd, 259188.100, 61
Trd, 259188.300, 78
Trd, 259188.917, 66
Trd, 259189.267, 69
Trd, 259190.083, 71
Trd, 259190.150, 81
Trd, 259190.317, 82
Trd, 259190.483, 72
Trd, 259190.550, 80
Trd, 259190.667, 79
Trd, 259190.883, 80
Trd, 259190.983, 81
Trd, 259191.083, 95
Trd, 259191.467, 83
Trd, 259191.550, 84
Trd, 259191.733, 132
Trd, 259191.800, 131
Trd, 259191.883, 95
Trd, 259191.917, 109
Trd, 259192.050, 81
Trd, 259192.217, 78
Trd, 259192.267, 81
Trd, 259192.450, 82
Trd, 259192.567, 96
Trd, 259192.617, 102
Trd, 259192.833, 80
Trd, 259192.917, 92
Trd, 259193.183, 83
Trd, 259193.300, 81
Trd, 259193.517, 98
Trd, 259195.100, 140
Trd, 259195.417, 140
Trd, 259195.750, 140
Trd, 259196.217, 140
Trd, 259196.650, 140
Trd, 259196.883, 140
Trd, 259196.950, 139
Trd, 259197.550, 140
Trd, 259197.633, 140
Trd, 259197.917, 136
Trd, 259198.233, 135
Trd, 259198.300, 134
Trd, 259198.350, 124
Trd, 259198.450, 117
Trd, 259199.433, 121
Trd, 259199.583, 121
Trd, 259199.683, 121
Trd, 259199.833, 121
Trd, 259199.950, 120
Trd, 259199.967, 122
Trd, 259199.983, 123
