Trd, 258595.633, 108
Trd, 258595.683, 103
Trd, 258595.800, 131
Trd, 258596.117, 101
Trd, 258596.133, 89
Trd, 258596.167, 88
Trd, 258597.250, 113
Trd, 258597.350, 123
Trd, 258597.567, 112
Trd, 258597.583, 111
Trd, 258597.717, 108
Trd, 258598.183, 123
Trd, 258598.300, 87
Trd, 258598.433, 120
Trd, 258598.517, 85
Trd, 258598.900, 107
Trd, 258599.433, 65
Trd, 258599.717, 76
Trd, 258599.800, 73
Trd, 258600.583, 61
Trd, 258600.750, 60
Trd, 258600.817, 60
Trd, 258600.850, 60
Trd, 258601.033, 61
Trd, 258601.400, 61
Trd, 258601.517, 62
Trd, 258602.017, 65
Trd, 258602.067, 65
Trd, 258602.083, 64
Trd, 258602.167, 64
Trd, 258602.400, 67
Trd, 258602.417, 68
Trd, 258602.633, 68
Trd, 258602.783, 94
Trd, 258603.017, 120
Trd, 258603.133, 139
Trd, 258603.917, 127
Trd, 258604.233, 129
Trd, 258604.483, 130
Trd, 258604.517, 136
Trd, 258604.617, 138
Trd, 258604.683, 130
Trd, 258604.900, 131
Trd, 258604.933, 130
Trd, 258605.317, 118
Trd, 258605.467, 135
Trd, 258605.483, 130
Trd, 258605.800, 108
Trd, 258606.300, 109
Trd, 258606.317, 107
Trd, 258606.700, 86
Trd, 258606.733, 85
Trd, 258607.083, 130
Trd, 258607.150, 98
Trd, 258607.250, 89
Trd, 258607.283, 104
Trd, 258607.733, 130
Trd, 258607.850, 92
Trd, 258608.117, 125
Trd, 258608.267, 91
Trd, 258608.333, 87
Trd, 258608.567, 105
Trd, 258608.683, 100
Trd, 258609.017, 135
Trd, 258609.167, 100
Trd, 258609.317, 99
Trd, 258609.333, 95
Trd, 258609.583, 95
Trd, 258609.850, 61
Trd, 258610.150, 60
Trd, 258610.483, 60
Trd, 258610.633, 63
Trd, 258610.867, 66
Trd, 258611.050, 70
Trd, 258611.067, 97
Trd, 258611.117, 69
Trd, 258611.267, 78
Trd, 258612.117, 108
Trd, 258612.217, 69
Trd, 258612.300, 67
Trd, 258612.400, 119
Trd, 258612.417, 120
Trd, 258612.733, 92
Trd, 258613.133, 92
Trd, 258613.550, 108
Trd, 258613.633, 98
Trd, 258614.267, 102
Trd, 258614.317, 121
Trd, 258614.917, 121
Trd, 258615.150, 105
Trd, 258615.467, 140
Trd, 258615.583, 140
Trd, 258615.650, 137
Trd, 258616.117, 107
Trd, 258616.367, 138
Trd, 258616.383, 110
Trd, 258616.817, 134
Trd, 258616.917, 133
Trd, 258617.433, 135
Trd, 258617.450, 129
Trd, 258617.650, 134
Trd, 258617.700, 133
Trd, 258617.967, 132
Trd, 258618.183, 131
Trd, 258618.300, 127
Trd, 258618.350, 126
Trd, 258618.383, 125
Trd, 258618.400, 121
Trd, 258618.533, 116
Trd, 258618.550, 102
Trd, 258618.967, 138
Trd, 258619.150, 135
Trd, 258619.350, 132
Trd, 258619.367, 126
Trd, 258619.450, 89
Trd, 258620.000, 84
Trd, 258620.033, 83
Trd, 258620.183, 83
Trd, 258620.367, 119
Trd, 258620.483, 89
Trd, 258620.517, 61
Trd, 258620.633, 136
Trd, 258620.650, 137
Trd, 258621.733, 133
Trd, 258621.867, 132
Trd, 258622.000, 124
Trd, 258622.633, 124
Trd, 258622.783, 128
Trd, 258623.167, 118
Trd, 258623.383, 116
Trd, 258623.967, 126
Trd, 258623.983, 127
Trd, 258624.150, 140
Trd, 258624.933, 140
Trd, 258624.950, 138
Trd, 258625.467, 129
Trd, 258625.867, 140
Trd, 258626.100, 130
Trd, 258626.283, 130
Trd, 258626.350, 130
Trd, 258626.483, 131
Trd, 258626.550, 129
Trd, 258626.600, 128
Trd, 258627.017, 131
Trd, 258627.150, 116
Trd, 258627.183, 106
Trd, 258627.217, 97
Trd, 258627.600, 101
Trd, 258627.867, 140
Trd, 258627.950, 140
Trd, 258628.200, 139
Trd, 258628.383, 128
Trd, 258628.433, 125
Trd, 258629.267, 140
Trd, 258629.717, 140
Trd, 258630.033, 140
Trd, 258630.733, 140
Trd, 258630.750, 140
Trd, 258630.783, 140
Trd, 258630.917, 140
Trd, 258631.217, 140
Trd, 258631.350, 140
Trd, 258631.500, 139
Trd, 258631.517, 139
Trd, 258631.817, 138
Trd, 258632.133, 119
Trd, 258632.200, 117
Trd, 258632.433, 110
Trd, 258632.683, 109
Trd, 258632.817, 107
Trd, 258633.150, 134
Trd, 258633.333, 101
Trd, 258633.433, 99
Trd, 258633.483, 97
Trd, 258633.700, 86
Trd, 258633.800, 93
Trd, 258634.133, 123
Trd, 258634.817, 140
Trd, 258635.033, 140
Trd, 258635.100, 140
Trd, 258635.150, 139
Trd, 258635.700, 139
Trd, 258636.083, 139
Trd, 258636.100, 138
Trd, 258636.600, 131
Trd, 258636.883, 140
Trd, 258636.983, 139
Trd, 258637.483, 129
Trd, 258637.500, 128
Trd, 258637.533, 123
Trd, 258637.567, 114
Trd, 258637.617, 111
Trd, 258637.733, 123
Trd, 258637.867, 96
Trd, 258637.900, 95
Trd, 258637.967, 135
Trd, 258638.400, 132
Trd, 258638.567, 88
Trd, 258638.933, 140
Trd, 258639.267, 139
Trd, 258639.300, 140
Trd, 258639.517, 138
Trd, 258639.817, 140
Trd, 258640.017, 139
Trd, 258640.383, 137
Trd, 258640.400, 136
Trd, 258640.433, 121
Trd, 258640.950, 113
Trd, 258641.700, 93
Trd, 258641.917, 130
Trd, 258642.017, 93
Trd, 258642.133, 119
Trd, 258642.633, 120
Trd, 258642.833, 125
Trd, 258643.250, 114
Trd, 258643.400, 113
Trd, 258643.683, 114
Trd, 258643.700, 125
Trd, 258643.717, 114
Trd, 258643.767, 113
Trd, 258644.017, 113
Trd, 258644.267, 127
Trd, 258644.433, 134
Trd, 258645.033, 124
Trd, 258645.217, 124
Trd, 258645.233, 123
Trd, 258645.367, 122
Trd, 258645.800, 130
Trd, 258645.883, 129
Trd, 258646.333, 124
Trd, 258646.617, 140
Trd, 258647.033, 140
Trd, 258647.133, 140
Trd, 258647.200, 125
Trd, 258647.300, 135
Trd, 258647.367, 119
Trd, 258647.400, 117
Trd, 258647.600, 120
Trd, 258647.717, 116
Trd, 258647.833, 113
Trd, 258647.850, 99
Trd, 258648.267, 140
Trd, 258648.367, 139
Trd, 258648.500, 129
Trd, 258648.617, 80
Trd, 258648.933, 129
Trd, 258649.000, 140
Trd, 258649.217, 139
Trd, 258649.250, 100
Trd, 258649.450, 86
Trd, 258650.150, 81
Trd, 258650.250, 96
Trd, 258650.317, 81
Trd, 258650.333, 80
Trd, 258650.700, 99
Trd, 258651.150, 62
Trd, 258651.283, 63
Trd, 258651.333, 71
Trd, 258652.000, 61
Trd, 258652.100, 63
Trd, 258652.467, 107
Trd, 258652.933, 112
Trd, 258653.183, 111
Trd, 258653.300, 115
Trd, 258653.333, 112
Trd, 258653.417, 110
Trd, 258653.517, 99
Trd, 258653.650, 116
Trd, 258654.033, 101
Trd, 258654.050, 99
Trd, 258654.100, 99
Trd, 258654.183, 99
Trd, 258654.267, 98
Trd, 258654.917, 109
Trd, 258655.250, 105
Trd, 258655.350, 104
Trd, 258655.433, 95
Trd, 258655.967, 97
Trd, 258656.033, 85
Trd, 258656.233, 100
Trd, 258656.250, 108
Trd, 258656.317, 109
Trd, 258656.517, 110
Trd, 258656.700, 111
Trd, 258657.133, 109
Trd, 258657.350, 121
Trd, 258657.500, 120
Trd, 258657.717, 111
Trd, 258657.983, 107
Trd, 258658.900, 105
Trd, 258658.917, 104
Trd, 258659.067, 104
Trd, 258659.150, 122
Trd, 258659.167, 124
Trd, 258659.300, 119
Trd, 258659.400, 95
Trd, 258659.600, 139
Trd, 258659.750, 130
Trd, 258659.983, 128
Trd, 258660.667, 138
Trd, 258660.917, 140
Trd, 258660.933, 140
Trd, 258661.050, 140
Trd, 258661.083, 128
Trd, 258661.250, 139
Trd, 258661.600, 133
Trd, 258661.867, 133
Trd, 258661.950, 132
Trd, 258662.483, 136
Trd, 258662.800, 136
Trd, 258662.883, 135
Trd, 258663.000, 134
Trd, 258663.017, 119
Trd, 258663.167, 120
Trd, 258663.283, 118
Trd, 258663.383, 118
Trd, 258664.067, 127
Trd, 258664.367, 112
Trd, 258664.850, 113
Trd, 258664.867, 116
Trd, 258664.883, 105
Trd, 258665.067, 138
Trd, 258665.417, 123
Trd, 258665.533, 117
Trd, 258665.550, 127
Trd, 258665.567, 116
Trd, 258665.583, 107
Trd, 258665.933, 115
Trd, 258666.033, 112
Trd, 258666.267, 112
Trd, 258666.433, 111
Trd, 258666.550, 96
Trd, 258667.000, 140
Trd, 258667.217, 134
Trd, 258667.533, 110
Trd, 258667.700, 102
Trd, 258668.200, 107
Trd, 258668.350, 107
Trd, 258668.850, 106
Trd, 258669.067, 105
Trd, 258669.350, 140
Trd, 258669.450, 140
Trd, 258669.733, 112
Trd, 258669.850, 111
Trd, 258669.950, 112
Trd, 258670.050, 109
Trd, 258670.100, 98
Trd, 258670.317, 110
Trd, 258670.383, 89
Trd, 258670.683, 140
Trd, 258671.000, 140
Trd, 258671.067, 138
Trd, 258671.350, 140
Trd, 258671.483, 140
Trd, 258671.533, 140
Trd, 258671.650, 140
Trd, 258671.700, 140
Trd, 258671.900, 127
Trd, 258671.983, 127
Trd, 258672.117, 127
Trd, 258672.633, 139
Trd, 258672.933, 129
Trd, 258672.950, 128
Trd, 258673.000, 136
Trd, 258673.533, 134
Trd, 258673.617, 114
Trd, 258673.750, 135
Trd, 258673.817, 97
Trd, 258674.033, 93
Trd, 258674.233, 90
Trd, 258674.400, 69
Trd, 258674.483, 98
Trd, 258674.917, 65
Trd, 258675.150, 83
Trd, 258675.583, 108
Trd, 258675.617, 81
Trd, 258676.017, 112
Trd, 258676.833, 113
Trd, 258677.067, 140
Trd, 258677.967, 140
Trd, 258678.050, 140
Trd, 258678.067, 140
Trd, 258678.250, 140
Trd, 258678.317, 140
Trd, 258678.333, 139
Trd, 258678.483, 123
Trd, 258678.600, 108
Trd, 258679.117, 108
Trd, 258679.167, 107
Trd, 258679.267, 130
Trd, 258679.283, 105
Trd, 258679.450, 131
Trd, 258679.833, 106
Trd, 258680.250, 140
Trd, 258680.283, 140
Trd, 258680.517, 140
Trd, 258681.183, 139
Trd, 258681.267, 125
Trd, 258681.317, 117
Trd, 258682.233, 112
Trd, 258682.300, 90
Trd, 258682.317, 87
Trd, 258682.367, 86
Trd, 258682.383, 85
Trd, 258682.450, 83
Trd, 258682.600, 73
Trd, 258682.667, 129
Trd, 258682.783, 86
Trd, 258682.833, 118
Trd, 258683.167, 140
Trd, 258683.217, 139
Trd, 258683.500, 140
Trd, 258683.650, 139
Trd, 258683.833, 138
Trd, 258683.850, 137
Trd, 258684.050, 139
Trd, 258684.067, 138
Trd, 258684.250, 134
Trd, 258684.667, 111
Trd, 258685.233, 104
Trd, 258685.400, 103
Trd, 258685.500, 102
Trd, 258685.617, 98
Trd, 258685.850, 113
Trd, 258686.150, 121
Trd, 258686.517, 122
Trd, 258686.567, 132
Trd, 258686.700, 121
Trd, 258686.750, 120
Trd, 258686.967, 139
Trd, 258687.017, 119
Trd, 258687.300, 126
Trd, 258687.500, 138
Trd, 258687.783, 119
Trd, 258687.867, 115
Trd, 258688.000, 114
Trd, 258688.533, 115
Trd, 258688.550, 111
Trd, 258688.617, 96
Trd, 258688.900, 90
Trd, 258688.933, 88
Trd, 258689.167, 103
Trd, 258689.383, 107
Trd, 258689.567, 67
Trd, 258689.983, 139
Trd, 258690.167, 140
Trd, 258690.233, 139
Trd, 258690.483, 138
Trd, 258690.800, 123
Trd, 258690.933, 123
Trd, 258691.183, 138
Trd, 258691.400, 137
Trd, 258691.767, 138
Trd, 258691.783, 125
Trd, 258692.367, 140
Trd, 258692.417, 140
Trd, 258692.633, 140
Trd, 258692.967, 138
Trd, 258693.517, 123
Trd, 258693.533, 138
Trd, 258693.600, 117
Trd, 258693.667, 115
Trd, 258693.933, 104
Trd, 258694.233, 108
Trd, 258694.250, 106
Trd, 258694.583, 125
Trd, 258694.633, 126
Trd, 258694.667, 115
Trd, 258694.833, 117
Trd, 258695.133, 107
Trd, 258695.267, 106
Trd, 258696.000, 84
Trd, 258696.150, 84
Trd, 258696.217, 123
Trd, 258696.667, 96
Trd, 258696.967, 88
Trd, 258697.350, 94
Trd, 258697.417, 93
Trd, 258697.617, 96
Trd, 258697.667, 87
Trd, 258697.767, 119
Trd, 258697.933, 85
Trd, 258697.967, 84
Trd, 258698.017, 79
Trd, 258698.183, 116
Trd, 258698.300, 105
Trd, 258698.733, 104
Trd, 258699.400, 101
Trd, 258699.533, 116
Trd, 258699.783, 107
Trd, 258700.117, 140
Trd, 258700.183, 116
Trd, 258700.700, 118
Trd, 258701.267, 117
Trd, 258701.367, 116
Trd, 258701.433, 105
Trd, 258701.550, 106
Trd, 258701.600, 104
Trd, 258701.933, 137
Trd, 258702.550, 138
Trd, 258703.017, 140
Trd, 258703.033, 138
Trd, 258703.167, 138
Trd, 258703.217, 137
Trd, 258703.300, 136
Trd, 258703.367, 136
Trd, 258703.550, 135
Trd, 258704.300, 139
Trd, 258704.350, 121
Trd, 258704.667, 137
Trd, 258704.783, 136
Trd, 258705.067, 139
Trd, 258705.417, 138
Trd, 258705.483, 139
Trd, 258705.583, 122
Trd, 258705.733, 122
Trd, 258705.750, 121
Trd, 258705.800, 118
Trd, 258705.833, 111
Trd, 258706.017, 103
Trd, 258706.267, 140
Trd, 258706.467, 135
Trd, 258706.817, 140
Trd, 258707.183, 99
Trd, 258707.500, 119
Trd, 258708.067, 136
Trd, 258708.150, 98
Trd, 258708.283, 103
Trd, 258708.433, 73
Trd, 258709.417, 116
Trd, 258709.617, 134
Trd, 258709.717, 116
Trd, 258709.967, 135
Trd, 258710.083, 116
Trd, 258710.233, 117
Trd, 258710.350, 116
Trd, 258710.567, 115
Trd, 258710.733, 115
Trd, 258711.033, 135
Trd, 258711.083, 102
Trd, 258711.167, 128
Trd, 258711.217, 101
Trd, 258711.617, 136
Trd, 258711.650, 120
Trd, 258712.133, 139
Trd, 258712.350, 139
Trd, 258712.383, 123
Trd, 258713.250, 97
Trd, 258713.283, 96
Trd, 258713.500, 117
Trd, 258713.783, 132
Trd, 258713.950, 118
Trd, 258714.233, 118
Trd, 258714.483, 118
Trd, 258714.517, 117
Trd, 258714.617, 128
Trd, 258714.767, 116
Trd, 258714.783, 100
Trd, 258714.917, 99
Trd, 258714.983, 131
Trd, 258715.167, 115
Trd, 258715.500, 78
Trd, 258716.000, 87
Trd, 258716.433, 134
Trd, 258716.550, 116
Trd, 258716.583, 135
Trd, 258716.867, 138
Trd, 258716.933, 139
Trd, 258716.983, 137
Trd, 258717.017, 136
Trd, 258717.183, 104
Trd, 258717.683, 124
Trd, 258717.900, 123
Trd, 258718.183, 124
Trd, 258718.300, 137
Trd, 258718.567, 126
Trd, 258718.650, 123
Trd, 258718.950, 118
Trd, 258719.100, 103
Trd, 258719.133, 102
Trd, 258719.333, 101
Trd, 258719.650, 120
Trd, 258719.667, 126
Trd, 258720.650, 119
Trd, 258721.150, 121
Trd, 258721.383, 125
Trd, 258721.483, 140
Trd, 258721.800, 126
Trd, 258722.000, 140
Trd, 258722.017, 139
Trd, 258722.133, 125
Trd, 258722.300, 124
Trd, 258722.800, 125
Trd, 258722.983, 123
Trd, 258723.133, 118
Trd, 258723.217, 111
Trd, 258723.400, 112
Trd, 258723.633, 140
Trd, 258723.717, 110
Trd, 258723.817, 106
Trd, 258724.633, 88
Trd, 258724.667, 125
Trd, 258724.683, 87
Trd, 258724.817, 87
Trd, 258725.017, 86
Trd, 258725.117, 135
Trd, 258725.800, 132
Trd, 258725.883, 125
Trd, 258726.150, 113
Trd, 258726.433, 125
Trd, 258726.717, 124
Trd, 258726.767, 107
Trd, 258726.817, 95
Trd, 258726.867, 132
Trd, 258726.983, 133
Trd, 258727.083, 90
Trd, 258727.117, 88
Trd, 258727.300, 74
Trd, 258727.700, 119
Trd, 258727.833, 118
Trd, 258728.233, 119
Trd, 258728.467, 129
Trd, 258728.600, 130
Trd, 258728.617, 129
Trd, 258728.817, 128
Trd, 258729.067, 121
Trd, 258729.133, 120
Trd, 258729.183, 109
Trd, 258729.250, 106
Trd, 258729.283, 104
Trd, 258729.433, 127
Trd, 258729.450, 95
Trd, 258729.867, 116
Trd, 258729.983, 130
Trd, 258730.267, 133
Trd, 258730.433, 105
Trd, 258730.533, 134
Trd, 258730.550, 97
Trd, 258730.667, 138
Trd, 258730.783, 97
Trd, 258731.050, 85
Trd, 258731.267, 74
Trd, 258731.583, 61
Trd, 258731.717, 64
Trd, 258732.150, 65
Trd, 258732.217, 66
Trd, 258732.433, 65
Trd, 258732.550, 77
Trd, 258733.283, 78
Trd, 258733.567, 78
Trd, 258733.733, 76
Trd, 258734.183, 95
Trd, 258734.383, 125
Trd, 258734.533, 89
Trd, 258734.983, 92
Trd, 258735.483, 104
Trd, 258735.833, 139
Trd, 258736.000, 139
Trd, 258736.550, 140
Trd, 258737.033, 140
Trd, 258737.433, 140
Trd, 258737.450, 140
Trd, 258737.517, 140
Trd, 258737.733, 140
Trd, 258737.950, 140
Trd, 258737.983, 140
Trd, 258738.017, 140
Trd, 258738.567, 140
Trd, 258738.600, 140
Trd, 258739.017, 128
Trd, 258739.183, 125
Trd, 258739.233, 115
Trd, 258739.733, 115
Trd, 258740.083, 116
Trd, 258740.100, 115
Trd, 258740.133, 114
Trd, 258740.433, 99
Trd, 258740.700, 100
Trd, 258740.867, 98
Trd, 258741.050, 140
Trd, 258741.500, 117
Trd, 258741.650, 116
Trd, 258742.217, 128
Trd, 258742.233, 112
Trd, 258742.317, 105
Trd, 258742.800, 107
Trd, 258742.917, 102
Trd, 258742.933, 124
Trd, 258743.117, 119
Trd, 258743.283, 118
Trd, 258743.333, 121
Trd, 258743.367, 124
Trd, 258743.383, 98
Trd, 258743.467, 96
Trd, 258743.700, 96
Trd, 258743.983, 106
Trd, 258744.300, 140
Trd, 258744.633, 140
Trd, 258744.933, 140
Trd, 258745.500, 140
Trd, 258745.550, 139
Trd, 258745.783, 116
Trd, 258745.900, 94
Trd, 258746.200, 95
Trd, 258746.233, 96
Trd, 258746.300, 120
Trd, 258746.450, 90
Trd, 258746.717, 140
Trd, 258747.633, 140
Trd, 258747.800, 140
Trd, 258748.100, 140
Trd, 258748.233, 140
Trd, 258748.283, 139
Trd, 258748.300, 134
Trd, 258748.850, 129
Trd, 258749.100, 128
Trd, 258749.467, 140
Trd, 258749.533, 140
Trd, 258749.583, 140
Trd, 258749.650, 136
Trd, 258750.083, 140
Trd, 258750.283, 140
Trd, 258750.433, 140
Trd, 258750.767, 139
Trd, 258750.867, 130
Trd, 258751.100, 117
Trd, 258751.767, 123
Trd, 258752.033, 132
Trd, 258752.283, 139
Trd, 258752.300, 123
Trd, 258752.400, 122
Trd, 258752.867, 138
Trd, 258753.117, 126
Trd, 258754.083, 140
Trd, 258754.100, 140
Trd, 258754.167, 139
Trd, 258754.550, 124
Trd, 258755.133, 131
Trd, 258755.517, 140
Trd, 258755.700, 140
Trd, 258755.750, 140
Trd, 258755.783, 140
Trd, 258756.033, 140
Trd, 258756.083, 139
Trd, 258756.217, 140
Trd, 258756.500, 140
Trd, 258756.517, 139
Trd, 258756.867, 131
Trd, 258757.233, 112
Trd, 258757.283, 108
Trd, 258757.350, 106
Trd, 258757.867, 124
Trd, 258757.967, 109
Trd, 258758.133, 103
Trd, 258758.150, 102
Trd, 258758.533, 107
Trd, 258759.033, 139
Trd, 258759.183, 139
Trd, 258759.500, 84
Trd, 258759.533, 82
Trd, 258759.650, 80
Trd, 258759.950, 137
Trd, 258760.000, 115
Trd, 258760.200, 117
Trd, 258760.567, 135
Trd, 258760.583, 116
Trd, 258760.883, 116
Trd, 258761.033, 107
Trd, 258761.050, 102
Trd, 258761.083, 99
Trd, 258761.550, 68
Trd, 258761.717, 126
Trd, 258761.750, 94
Trd, 258761.850, 60
Trd, 258762.133, 124
Trd, 258762.283, 63
Trd, 258762.983, 104
Trd, 258763.167, 123
Trd, 258763.367, 126
Trd, 258763.433, 123
Trd, 258763.450, 122
Trd, 258763.467, 120
Trd, 258764.050, 140
Trd, 258764.400, 120
Trd, 258764.467, 120
Trd, 258764.700, 119
Trd, 258764.817, 118
Trd, 258764.867, 109
Trd, 258764.900, 139
Trd, 258765.333, 111
Trd, 258765.367, 136
Trd, 258765.583, 110
Trd, 258765.867, 137
Trd, 258766.267, 140
Trd, 258766.333, 126
Trd, 258766.367, 125
Trd, 258766.433, 123
Trd, 258766.600, 114
Trd, 258767.000, 129
Trd, 258767.133, 140
Trd, 258767.700, 140
Trd, 258767.767, 140
Trd, 258767.900, 128
Trd, 258768.267, 120
Trd, 258768.400, 107
Trd, 258768.433, 106
Trd, 258769.483, 104
Trd, 258769.567, 103
Trd, 258770.033, 109
Trd, 258770.500, 109
Trd, 258770.700, 109
Trd, 258770.783, 108
Trd, 258770.867, 108
Trd, 258770.917, 116
Trd, 258771.250, 112
Trd, 258771.283, 111
Trd, 258771.367, 126
Trd, 258771.483, 125
Trd, 258771.733, 111
Trd, 258772.317, 140
Trd, 258772.483, 140
Trd, 258772.817, 140
Trd, 258772.900, 140
Trd, 258773.183, 128
Trd, 258773.233, 122
Trd, 258773.533, 139
Trd, 258774.150, 137
Trd, 258774.400, 119
Trd, 258774.433, 112
Trd, 258774.517, 120
Trd, 258774.883, 132
Trd, 258775.100, 125
Trd, 258775.267, 126
Trd, 258775.367, 127
Trd, 258776.033, 129
Trd, 258776.100, 128
Trd, 258776.167, 127
Trd, 258776.767, 125
Trd, 258776.783, 124
Trd, 258776.817, 112
Trd, 258776.867, 131
Trd, 258777.083, 111
Trd, 258777.333, 128
Trd, 258777.367, 111
Trd, 258777.417, 109
Trd, 258777.483, 95
Trd, 258777.650, 103
Trd, 258777.683, 100
Trd, 258778.067, 91
Trd, 258778.367, 139
Trd, 258778.483, 139
Trd, 258779.017, 135
Trd, 258779.333, 131
Trd, 258779.400, 130
Trd, 258779.417, 110
Trd, 258779.550, 133
Trd, 258779.700, 110
Trd, 258779.817, 110
Trd, 258780.017, 111
Trd, 258780.067, 109
Trd, 258780.100, 85
Trd, 258780.517, 132
Trd, 258780.750, 103
Trd, 258781.133, 102
Trd, 258781.217, 101
Trd, 258781.283, 129
Trd, 258781.333, 93
Trd, 258781.533, 66
Trd, 258782.317, 107
Trd, 258782.633, 105
Trd, 258782.683, 85
Trd, 258782.717, 84
Trd, 258782.800, 108
Trd, 258782.900, 101
Trd, 258783.017, 82
Trd, 258783.117, 67
Trd, 258783.417, 123
Trd, 258783.433, 109
Trd, 258784.000, 128
Trd, 258784.150, 95
Trd, 258784.433, 107
Trd, 258784.450, 94
Trd, 258784.767, 93
Trd, 258785.000, 126
Trd, 258785.100, 87
Trd, 258785.217, 129
Trd, 258785.583, 140
Trd, 258785.933, 140
Trd, 258786.300, 140
Trd, 258786.683, 140
Trd, 258786.817, 140
Trd, 258786.917, 140
Trd, 258787.667, 140
Trd, 258788.083, 140
Trd, 258788.350, 140
Trd, 258788.400, 140
Trd, 258788.433, 140
Trd, 258788.450, 140
Trd, 258788.633, 140
Trd, 258789.050, 140
Trd, 258789.150, 140
Trd, 258789.167, 139
Trd, 258789.217, 124
Trd, 258789.267, 123
Trd, 258789.317, 122
Trd, 258789.717, 136
Trd, 258789.933, 140
Trd, 258790.450, 138
Trd, 258790.467, 137
Trd, 258790.933, 116
Trd, 258791.067, 72
Trd, 258791.083, 71
Trd, 258791.583, 60
Trd, 258791.733, 60
Trd, 258791.800, 61
Trd, 258792.467, 140
Trd, 258792.517, 140
Trd, 258792.617, 140
Trd, 258792.683, 139
Trd, 258792.733, 122
Trd, 258793.183, 122
Trd, 258793.467, 121
Trd, 258793.500, 120
Trd, 258793.700, 140
Trd, 258793.717, 122
Trd, 258793.783, 115
Trd, 258794.133, 128
Trd, 258794.750, 139
Trd, 258795.000, 123
Trd, 258795.033, 121
Trd, 258795.583, 123
Trd, 258795.750, 99
Trd, 258796.350, 98
Trd, 258797.233, 133
Trd, 258797.267, 132
Trd, 258797.317, 132
Trd, 258797.383, 131
Trd, 258797.733, 133
Trd, 258797.900, 138
Trd, 258798.217, 138
Trd, 258798.550, 139
Trd, 258798.600, 138
Trd, 258798.650, 137
Trd, 258798.667, 138
Trd, 258798.750, 125
Trd, 258798.767, 116
Trd, 258799.000, 116
Trd, 258799.517, 117
Trd, 258799.683, 136
Trd, 258799.783, 126
Trd, 258800.000, 122
Trd, 258800.050, 116
Trd, 258800.350, 134
Trd, 258800.400, 129
Trd, 258800.450, 114
Trd, 258800.467, 139
Trd, 258800.967, 117
Trd, 258801.017, 116
Trd, 258801.183, 116
Trd, 258801.533, 137
Trd, 258802.217, 139
Trd, 258802.350, 138
Trd, 258802.850, 137
Trd, 258803.083, 133
Trd, 258803.100, 132
Trd, 258803.317, 129
Trd, 258803.450, 117
Trd, 258803.483, 112
Trd, 258803.533, 107
Trd, 258803.583, 106
Trd, 258803.700, 104
Trd, 258804.033, 139
Trd, 258804.133, 95
Trd, 258804.333, 102
Trd, 258804.400, 102
Trd, 258804.633, 100
Trd, 258804.717, 101
Trd, 258804.750, 75
Trd, 258805.433, 64
Trd, 258805.850, 61
Trd, 258806.033, 61
Trd, 258806.200, 65
Trd, 258806.333, 66
Trd, 258806.367, 67
Trd, 258806.517, 102
Trd, 258806.550, 62
Trd, 258806.867, 61
Trd, 258807.467, 64
Trd, 258807.567, 99
Trd, 258807.783, 68
Trd, 258807.900, 69
Trd, 258808.000, 71
Trd, 258808.017, 130
Trd, 258808.333, 87
Trd, 258808.467, 97
Trd, 258808.667, 121
Trd, 258808.700, 70
Trd, 258808.933, 80
Trd, 258809.067, 70
Trd, 258809.567, 130
Trd, 258810.100, 139
Trd, 258810.533, 140
Trd, 258810.717, 140
Trd, 258810.800, 140
Trd, 258811.033, 140
Trd, 258811.383, 140
Trd, 258811.567, 124
Trd, 258811.733, 140
Trd, 258812.200, 140
Trd, 258812.267, 140
Trd, 258812.350, 140
Trd, 258812.533, 123
Trd, 258812.700, 123
Trd, 258812.833, 110
Trd, 258812.967, 95
Trd, 258813.450, 140
Trd, 258813.783, 140
Trd, 258813.883, 138
Trd, 258814.167, 110
Trd, 258814.300, 111
Trd, 258814.333, 110
Trd, 258814.917, 92
Trd, 258814.950, 119
Trd, 258814.983, 91
Trd, 258815.883, 105
Trd, 258816.017, 104
Trd, 258816.317, 109
Trd, 258816.467, 117
Trd, 258816.633, 118
Trd, 258816.667, 119
Trd, 258816.817, 119
Trd, 258816.867, 122
Trd, 258817.050, 102
Trd, 258817.333, 96
Trd, 258817.633, 123
Trd, 258817.833, 91
Trd, 258818.133, 94
Trd, 258818.183, 94
Trd, 258818.317, 109
Trd, 258818.383, 108
Trd, 258818.467, 93
Trd, 258818.583, 92
Trd, 258818.617, 89
Trd, 258818.717, 81
Trd, 258818.783, 80
Trd, 258818.900, 79
Trd, 258819.283, 103
Trd, 258819.750, 139
Trd, 258819.800, 74
Trd, 258819.967, 125
Trd, 258820.317, 112
Trd, 258820.717, 103
Trd, 258820.900, 104
Trd, 258821.033, 108
Trd, 258821.217, 125
Trd, 258821.333, 105
Trd, 258821.450, 105
Trd, 258821.467, 126
Trd, 258821.583, 104
Trd, 258822.200, 140
Trd, 258822.367, 139
Trd, 258822.717, 139
Trd, 258822.967, 139
Trd, 258823.050, 137
Trd, 258823.817, 135
Trd, 258823.900, 122
Trd, 258824.583, 115
Trd, 258824.633, 112
Trd, 258824.783, 107
Trd, 258824.850, 101
Trd, 258824.950, 126
Trd, 258825.383, 132
Trd, 258825.783, 105
Trd, 258825.817, 104
Trd, 258825.867, 131
Trd, 258826.133, 103
Trd, 258826.200, 100
Trd, 258826.483, 132
Trd, 258826.867, 117
Trd, 258827.017, 105
Trd, 258827.100, 104
Trd, 258827.133, 104
Trd, 258827.200, 103
Trd, 258827.217, 102
Trd, 258827.400, 133
Trd, 258827.817, 107
Trd, 258827.833, 105
Trd, 258828.000, 111
Trd, 258828.017, 98
Trd, 258828.300, 130
Trd, 258828.733, 130
Trd, 258828.817, 140
Trd, 258829.033, 140
Trd, 258829.300, 137
Trd, 258829.700, 120
Trd, 258830.900, 139
Trd, 258830.933, 127
Trd, 258830.950, 126
Trd, 258831.083, 131
Trd, 258831.567, 140
Trd, 258831.783, 140
Trd, 258831.850, 140
Trd, 258831.917, 140
Trd, 258832.050, 140
Trd, 258832.283, 140
Trd, 258832.400, 139
Trd, 258833.167, 140
Trd, 258833.250, 137
Trd, 258833.433, 133
Trd, 258833.600, 124
Trd, 258833.883, 137
Trd, 258833.967, 128
Trd, 258834.417, 130
Trd, 258834.433, 129
Trd, 258834.533, 131
Trd, 258834.750, 129
Trd, 258834.883, 128
Trd, 258835.083, 123
Trd, 258835.300, 124
Trd, 258835.983, 134
Trd, 258836.067, 135
Trd, 258836.433, 132
Trd, 258836.483, 131
Trd, 258836.500, 130
Trd, 258836.983, 132
Trd, 258837.050, 130
Trd, 258837.067, 129
Trd, 258837.150, 135
Trd, 258837.300, 126
Trd, 258837.417, 136
Trd, 258837.467, 137
Trd, 258837.850, 140
Trd, 258838.233, 126
Trd, 258838.433, 118
Trd, 258838.550, 111
Trd, 258839.183, 140
Trd, 258839.467, 140
Trd, 258839.733, 116
Trd, 258839.917, 116
Trd, 258840.167, 116
Trd, 258840.233, 115
Trd, 258840.250, 109
Trd, 258840.300, 108
Trd, 258840.483, 140
Trd, 258840.500, 139
Trd, 258840.850, 140
Trd, 258840.967, 138
Trd, 258841.200, 126
Trd, 258841.600, 127
Trd, 258841.833, 128
Trd, 258842.183, 128
Trd, 258842.400, 129
Trd, 258842.450, 128
Trd, 258842.467, 130
Trd, 258843.033, 111
Trd, 258843.083, 102
Trd, 258843.117, 129
Trd, 258843.250, 131
Trd, 258843.500, 93
Trd, 258843.683, 87
Trd, 258843.983, 137
Trd, 258845.183, 133
Trd, 258845.783, 136
Trd, 258845.983, 138
Trd, 258846.233, 138
Trd, 258846.367, 137
Trd, 258846.400, 134
Trd, 258846.833, 140
Trd, 258847.033, 130
Trd, 258847.300, 140
Trd, 258847.383, 136
Trd, 258847.700, 139
Trd, 258847.733, 128
Trd, 258847.833, 120
Trd, 258848.167, 136
Trd, 258848.200, 112
Trd, 258848.283, 130
Trd, 258848.300, 99
Trd, 258848.383, 97
Trd, 258848.967, 120
Trd, 258849.133, 115
Trd, 258849.233, 108
Trd, 258849.300, 121
Trd, 258849.400, 104
Trd, 258849.483, 95
Trd, 258849.683, 94
Trd, 258850.467, 111
Trd, 258850.767, 111
Trd, 258850.850, 110
Trd, 258850.867, 108
Trd, 258850.933, 112
Trd, 258851.283, 115
Trd, 258851.417, 109
Trd, 258851.467, 99
Trd, 258851.800, 91
Trd, 258851.850, 117
Trd, 258851.917, 90
Trd, 258852.000, 89
Trd, 258852.400, 88
Trd, 258852.900, 88
Trd, 258853.150, 98
Trd, 258853.283, 97
Trd, 258853.350, 118
Trd, 258853.700, 134
Trd, 258853.750, 134
Trd, 258853.900, 97
Trd, 258854.367, 134
Trd, 258854.433, 134
Trd, 258854.833, 139
Trd, 258855.017, 130
Trd, 258855.150, 130
Trd, 258855.333, 129
Trd, 258855.917, 140
Trd, 258856.283, 140
Trd, 258856.383, 140
Trd, 258856.967, 140
Trd, 258857.300, 140
Trd, 258857.400, 140
Trd, 258857.500, 140
Trd, 258857.617, 140
Trd, 258857.717, 140
Trd, 258857.783, 117
Trd, 258858.150, 118
Trd, 258858.183, 117
Trd, 258858.367, 114
Trd, 258858.450, 114
Trd, 258858.600, 133
Trd, 258858.750, 118
Trd, 258858.817, 111
Trd, 258859.350, 103
Trd, 258860.300, 140
Trd, 258860.450, 140
Trd, 258860.517, 140
Trd, 258860.550, 120
Trd, 258860.850, 138
Trd, 258860.867, 108
Trd, 258861.283, 124
Trd, 258861.333, 123
Trd, 258861.483, 112
Trd, 258861.633, 85
Trd, 258862.150, 79
Trd, 258862.200, 80
Trd, 258862.233, 78
Trd, 258862.317, 81
Trd, 258862.683, 62
Trd, 258862.717, 63
Trd, 258862.817, 117
Trd, 258863.000, 93
Trd, 258863.350, 129
Trd, 258863.517, 129
Trd, 258863.533, 134
Trd, 258863.950, 121
Trd, 258864.250, 140
Trd, 258864.617, 140
Trd, 258864.817, 128
Trd, 258865.417, 106
Trd, 258865.650, 140
Trd, 258865.900, 120
Trd, 258866.033, 112
Trd, 258866.267, 129
Trd, 258866.517, 127
Trd, 258866.967, 139
Trd, 258866.983, 133
Trd, 258867.317, 134
Trd, 258867.400, 132
Trd, 258867.683, 134
Trd, 258868.150, 140
Trd, 258868.200, 140
Trd, 258868.217, 138
Trd, 258868.667, 135
Trd, 258868.700, 138
Trd, 258868.967, 134
Trd, 258868.983, 138
Trd, 258869.367, 135
Trd, 258869.533, 139
Trd, 258869.667, 140
Trd, 258870.033, 132
Trd, 258870.333, 119
Trd, 258870.433, 118
Trd, 258870.450, 117
Trd, 258870.467, 111
Trd, 258870.883, 89
Trd, 258871.117, 90
Trd, 258871.183, 89
Trd, 258871.833, 109
Trd, 258871.883, 106
Trd, 258872.300, 106
Trd, 258872.467, 121
Trd, 258872.583, 124
Trd, 258873.050, 113
Trd, 258873.150, 108
Trd, 258873.167, 122
Trd, 258873.367, 121
Trd, 258873.417, 108
Trd, 258873.533, 107
Trd, 258873.600, 104
Trd, 258873.833, 112
Trd, 258874.050, 103
Trd, 258874.083, 102
Trd, 258874.767, 119
Trd, 258875.383, 119
Trd, 258875.517, 108
Trd, 258875.633, 106
Trd, 258875.767, 88
Trd, 258875.817, 73
Trd, 258875.867, 119
Trd, 258876.050, 118
Trd, 258876.067, 73
Trd, 258876.383, 121
Trd, 258876.850, 120
Trd, 258876.967, 111
Trd, 258877.167, 140
Trd, 258877.333, 140
Trd, 258877.383, 140
Trd, 258877.483, 139
Trd, 258877.617, 95
Trd, 258878.017, 135
Trd, 258878.417, 137
Trd, 258878.467, 136
Trd, 258878.550, 135
Trd, 258878.683, 134
Trd, 258879.033, 135
Trd, 258879.300, 139
Trd, 258879.817, 140
Trd, 258880.683, 140
Trd, 258880.883, 140
Trd, 258880.900, 140
Trd, 258881.050, 140
Trd, 258881.267, 140
Trd, 258881.700, 140
Trd, 258881.967, 140
Trd, 258882.000, 140
Trd, 258882.100, 140
Trd, 258882.317, 140
Trd, 258882.383, 140
Trd, 258882.467, 140
Trd, 258882.500, 139
Trd, 258882.533, 137
Trd, 258882.717, 122
Trd, 258883.450, 140
Trd, 258883.550, 140
Trd, 258883.683, 140
Trd, 258883.833, 140
Trd, 258884.100, 130
Trd, 258884.417, 139
Trd, 258884.550, 113
Trd, 258884.967, 137
Trd, 258885.367, 138
Trd, 258885.467, 112
Trd, 258885.800, 115
Trd, 258886.117, 118
Trd, 258886.150, 112
Trd, 258886.383, 115
Trd, 258886.850, 112
Trd, 258886.933, 111
Trd, 258887.650, 99
Trd, 258887.783, 98
Trd, 258888.017, 137
Trd, 258888.417, 136
Trd, 258888.617, 139
Trd, 258888.733, 139
Trd, 258889.300, 140
Trd, 258889.450, 140
Trd, 258889.550, 140
Trd, 258889.567, 139
Trd, 258890.000, 132
Trd, 258890.217, 140
Trd, 258891.033, 140
Trd, 258891.117, 140
Trd, 258891.200, 140
Trd, 258891.233, 140
Trd, 258891.450, 139
Trd, 258891.750, 140
Trd, 258891.917, 140
Trd, 258891.967, 134
Trd, 258892.000, 130
Trd, 258892.133, 123
Trd, 258892.483, 131
Trd, 258892.883, 125
Trd, 258893.050, 124
Trd, 258893.117, 137
Trd, 258893.267, 123
Trd, 258893.367, 121
Trd, 258893.700, 114
Trd, 258893.933, 137
Trd, 258894.067, 118
Trd, 258894.167, 118
Trd, 258894.250, 135
Trd, 258894.433, 117
Trd, 258894.583, 135
Trd, 258894.717, 110
Trd, 258895.033, 110
Trd, 258895.117, 108
Trd, 258895.667, 95
Trd, 258895.700, 67
Trd, 258895.967, 60
Trd, 258896.300, 74
Trd, 258896.317, 75
Trd, 258896.350, 77
Trd, 258896.667, 81
Trd, 258897.550, 75
Trd, 258897.817, 71
Trd, 258898.367, 60
Trd, 258898.500, 62
Trd, 258898.533, 65
Trd, 258899.700, 60
Trd, 258899.783, 60
Trd, 258899.867, 60
Trd, 258899.967, 60
Trd, 258900.000, 62
Trd, 258900.017, 63
Trd, 258900.400, 65
Trd, 258900.700, 80
Trd, 258900.800, 79
Trd, 258901.167, 104
Trd, 258901.183, 114
Trd, 258901.317, 114
Trd, 258901.350, 130
Trd, 258901.950, 115
Trd, 258902.083, 93
Trd, 258902.150, 82
Trd, 258902.333, 139
Trd, 258902.433, 115
Trd, 258902.483, 114
Trd, 258902.783, 136
Trd, 258902.800, 118
Trd, 258902.867, 117
Trd, 258903.033, 117
Trd, 258903.333, 137
Trd, 258903.550, 118
Trd, 258903.650, 104
Trd, 258903.917, 105
Trd, 258904.250, 103
Trd, 258904.883, 140
Trd, 258905.333, 139
Trd, 258905.600, 139
Trd, 258905.700, 137
Trd, 258905.950, 139
Trd, 258906.317, 128
Trd, 258906.733, 118
Trd, 258907.017, 118
Trd, 258907.150, 100
Trd, 258907.400, 99
Trd, 258907.483, 135
Trd, 258907.683, 139
Trd, 258908.150, 140
Trd, 258908.267, 140
Trd, 258908.417, 140
Trd, 258908.433, 140
Trd, 258908.533, 139
Trd, 258908.967, 123
Trd, 258909.083, 115
Trd, 258909.517, 127
Trd, 258909.650, 126
Trd, 258909.800, 108
Trd, 258909.867, 102
Trd, 258910.167, 99
Trd, 258910.283, 103
Trd, 258910.317, 99
Trd, 258910.717, 119
Trd, 258910.750, 98
Trd, 258910.800, 75
Trd, 258910.950, 135
Trd, 258911.183, 137
Trd, 258911.300, 112
Trd, 258911.417, 106
Trd, 258911.517, 117
Trd, 258912.233, 128
Trd, 258912.767, 95
Trd, 258912.900, 93
Trd, 258912.967, 101
Trd, 258913.100, 130
Trd, 258913.750, 106
Trd, 258913.850, 97
Trd, 258913.883, 96
Trd, 258914.250, 140
Trd, 258914.417, 140
Trd, 258914.500, 140
Trd, 258914.567, 140
Trd, 258914.617, 140
Trd, 258914.667, 140
Trd, 258914.717, 122
Trd, 258914.983, 139
Trd, 258915.167, 122
Trd, 258915.233, 121
Trd, 258915.350, 120
Trd, 258916.150, 132
Trd, 258916.350, 137
Trd, 258916.650, 122
Trd, 258916.783, 121
Trd, 258917.133, 121
Trd, 258917.150, 135
Trd, 258917.583, 120
Trd, 258917.617, 119
Trd, 258917.767, 130
Trd, 258917.800, 113
Trd, 258917.817, 112
Trd, 258918.033, 110
Trd, 258918.217, 94
Trd, 258918.417, 94
Trd, 258918.850, 93
Trd, 258919.000, 132
Trd, 258919.050, 88
Trd, 258919.150, 87
Trd, 258919.300, 87
Trd, 258919.517, 111
Trd, 258920.183, 126
Trd, 258920.633, 105
Trd, 258920.917, 104
Trd, 258920.983, 102
Trd, 258921.017, 100
Trd, 258921.033, 128
Trd, 258921.133, 94
Trd, 258921.150, 90
Trd, 258921.250, 101
Trd, 258921.650, 70
Trd, 258921.967, 128
Trd, 258922.050, 90
Trd, 258922.533, 125
Trd, 258922.567, 113
Trd, 258923.000, 127
Trd, 258923.033, 128
Trd, 258923.167, 115
Trd, 258923.317, 120
Trd, 258923.467, 138
Trd, 258923.567, 120
Trd, 258923.950, 120
Trd, 258924.117, 124
Trd, 258924.133, 119
Trd, 258924.283, 115
Trd, 258924.717, 113
Trd, 258924.867, 103
Trd, 258925.100, 102
Trd, 258925.200, 101
Trd, 258926.450, 133
Trd, 258926.567, 137
Trd, 258927.300, 135
Trd, 258927.517, 134
Trd, 258927.850, 137
Trd, 258928.017, 138
Trd, 258928.033, 137
Trd, 258928.083, 118
Trd, 258928.150, 112
Trd, 258928.417, 103
Trd, 258928.667, 125
Trd, 258928.983, 140
Trd, 258929.017, 139
Trd, 258929.133, 140
Trd, 258929.217, 139
Trd, 258929.233, 121
Trd, 258929.583, 108
Trd, 258929.650, 107
Trd, 258930.050, 138
Trd, 258930.167, 110
Trd, 258930.267, 103
Trd, 258930.800, 104
Trd, 258930.900, 105
Trd, 258930.917, 102
Trd, 258931.067, 89
Trd, 258931.633, 87
Trd, 258931.683, 90
Trd, 258931.767, 95
Trd, 258931.950, 86
Trd, 258932.133, 89
Trd, 258932.433, 74
Trd, 258932.933, 139
Trd, 258933.267, 87
Trd, 258933.300, 64
Trd, 258933.383, 128
Trd, 258933.733, 93
Trd, 258934.483, 128
Trd, 258934.567, 129
Trd, 258934.667, 128
Trd, 258934.783, 140
Trd, 258934.933, 128
Trd, 258936.050, 140
Trd, 258936.283, 140
Trd, 258936.600, 140
Trd, 258937.367, 140
Trd, 258937.433, 140
Trd, 258937.550, 140
Trd, 258937.733, 140
Trd, 258938.267, 140
Trd, 258938.317, 140
Trd, 258938.350, 136
Trd, 258938.467, 139
Trd, 258938.567, 129
Trd, 258938.700, 128
Trd, 258938.733, 120
Trd, 258938.900, 108
Trd, 258939.033, 107
Trd, 258939.067, 138
Trd, 258939.150, 97
Trd, 258939.417, 110
Trd, 258939.500, 92
Trd, 258939.583, 71
Trd, 258939.717, 62
Trd, 258939.900, 72
Trd, 258940.067, 139
Trd, 258940.217, 68
Trd, 258940.667, 84
Trd, 258940.983, 83
Trd, 258941.267, 96
Trd, 258942.033, 140
Trd, 258942.050, 140
Trd, 258942.383, 116
Trd, 258942.467, 93
Trd, 258942.517, 93
Trd, 258942.567, 92
Trd, 258943.100, 70
Trd, 258943.550, 140
Trd, 258943.633, 139
Trd, 258943.750, 122
Trd, 258944.083, 60
Trd, 258944.283, 86
Trd, 258944.367, 64
Trd, 258945.450, 100
Trd, 258945.550, 91
Trd, 258945.667, 89
Trd, 258945.700, 123
Trd, 258946.033, 87
Trd, 258946.100, 92
Trd, 258946.117, 87
Trd, 258946.267, 122
Trd, 258946.400, 125
Trd, 258946.767, 131
Trd, 258946.883, 95
Trd, 258946.933, 93
Trd, 258947.033, 117
Trd, 258947.450, 114
Trd, 258947.467, 92
Trd, 258947.667, 87
Trd, 258947.850, 81
Trd, 258948.183, 66
Trd, 258948.250, 68
Trd, 258948.350, 67
Trd, 258948.533, 86
Trd, 258948.667, 86
Trd, 258948.683, 87
Trd, 258949.117, 88
Trd, 258949.350, 68
Trd, 258949.483, 67
Trd, 258949.550, 67
Trd, 258949.650, 89
Trd, 258950.500, 140
Trd, 258950.567, 140
Trd, 258950.800, 140
Trd, 258950.983, 140
Trd, 258951.350, 140
Trd, 258951.433, 140
Trd, 258951.950, 140
Trd, 258952.283, 140
Trd, 258952.550, 140
Trd, 258952.667, 140
Trd, 258952.683, 140
Trd, 258952.717, 139
Trd, 258952.800, 140
Trd, 258953.217, 125
Trd, 258953.317, 140
Trd, 258953.400, 122
Trd, 258954.167, 140
Trd, 258954.183, 140
Trd, 258954.267, 140
Trd, 258954.383, 140
Trd, 258954.917, 140
Trd, 258955.183, 113
Trd, 258955.383, 140
Trd, 258955.517, 111
Trd, 258955.633, 108
Trd, 258955.667, 105
Trd, 258955.867, 130
Trd, 258956.017, 88
Trd, 258956.050, 87
Trd, 258956.367, 87
Trd, 258956.700, 85
Trd, 258957.100, 103
Trd, 258957.133, 102
Trd, 258957.467, 104
Trd, 258957.567, 105
Trd, 258957.750, 86
Trd, 258957.767, 106
Trd, 258957.950, 139
Trd, 258958.950, 108
Trd, 258959.050, 127
Trd, 258959.100, 108
Trd, 258959.917, 140
Trd, 258960.167, 140
Trd, 258960.283, 140
Trd, 258960.417, 140
Trd, 258960.783, 140
Trd, 258960.867, 140
Trd, 258961.050, 140
Trd, 258961.150, 139
Trd, 258961.233, 140
Trd, 258961.400, 139
Trd, 258961.483, 138
Trd, 258961.683, 131
Trd, 258962.067, 140
Trd, 258962.117, 140
Trd, 258962.600, 139
Trd, 258962.767, 140
Trd, 258962.983, 139
Trd, 258963.150, 139
Trd, 258963.283, 138
Trd, 258963.900, 131
Trd, 258963.950, 130
Trd, 258964.000, 129
Trd, 258964.033, 129
Trd, 258964.133, 123
Trd, 258964.483, 140
Trd, 258964.533, 122
Trd, 258965.117, 140
Trd, 258965.350, 134
Trd, 258965.450, 137
Trd, 258965.517, 123
Trd, 258965.817, 136
Trd, 258965.850, 135
Trd, 258966.100, 140
Trd, 258966.217, 137
Trd, 258966.267, 137
Trd, 258966.433, 136
Trd, 258966.867, 140
Trd, 258966.900, 140
Trd, 258966.933, 140
Trd, 258967.083, 110
Trd, 258967.283, 138
Trd, 258967.483, 104
Trd, 258967.783, 103
Trd, 258968.000, 138
Trd, 258968.200, 99
Trd, 258968.583, 111
Trd, 258968.733, 117
Trd, 258969.433, 132
Trd, 258969.517, 132
Trd, 258969.667, 119
Trd, 258970.083, 107
Trd, 258970.600, 106
Trd, 258970.833, 129
Trd, 258970.900, 105
Trd, 258971.017, 94
Trd, 258971.050, 77
Trd, 258971.067, 77
Trd, 258971.200, 103
Trd, 258971.550, 83
Trd, 258972.033, 119
Trd, 258972.267, 119
Trd, 258972.800, 140
Trd, 258972.883, 140
Trd, 258972.967, 126
Trd, 258973.450, 140
Trd, 258973.733, 140
Trd, 258973.850, 139
Trd, 258974.050, 128
Trd, 258974.383, 138
Trd, 258974.400, 117
Trd, 258974.467, 116
Trd, 258974.533, 136
Trd, 258974.583, 118
Trd, 258974.750, 104
Trd, 258975.000, 86
Trd, 258975.100, 70
Trd, 258975.117, 77
Trd, 258975.667, 75
Trd, 258975.883, 76
Trd, 258975.933, 64
Trd, 258976.000, 96
Trd, 258976.017, 96
Trd, 258976.267, 62
Trd, 258976.500, 140
Trd, 258977.100, 140
Trd, 258977.217, 140
Trd, 258977.733, 140
Trd, 258978.783, 140
Trd, 258978.800, 140
Trd, 258978.933, 140
Trd, 258978.967, 140
Trd, 258979.267, 140
Trd, 258979.283, 140
Trd, 258979.333, 140
Trd, 258979.700, 137
Trd, 258979.833, 122
Trd, 258980.133, 136
Trd, 258980.167, 135
Trd, 258980.483, 136
Trd, 258980.583, 137
Trd, 258981.033, 140
Trd, 258981.050, 139
Trd, 258981.083, 138
Trd, 258981.383, 118
Trd, 258981.567, 117
Trd, 258981.617, 107
Trd, 258981.633, 85
Trd, 258981.833, 79
Trd, 258982.200, 140
Trd, 258982.583, 79
Trd, 258983.000, 80
Trd, 258983.167, 79
Trd, 258983.300, 60
Trd, 258983.333, 80
Trd, 258983.550, 60
Trd, 258983.617, 123
Trd, 258983.667, 71
Trd, 258983.950, 101
Trd, 258984.350, 132
Trd, 258984.733, 139
Trd, 258984.883, 138
Trd, 258984.933, 121
Trd, 258985.050, 120
Trd, 258985.583, 102
Trd, 258985.717, 136
Trd, 258986.083, 122
Trd, 258986.183, 122
Trd, 258986.200, 121
Trd, 258986.450, 102
Trd, 258986.667, 102
Trd, 258986.733, 101
Trd, 258987.183, 82
Trd, 258987.200, 79
Trd, 258987.400, 66
Trd, 258987.833, 111
Trd, 258988.017, 111
Trd, 258988.283, 105
Trd, 258988.400, 139
Trd, 258988.917, 140
Trd, 258989.233, 140
Trd, 258989.467, 139
Trd, 258989.483, 120
Trd, 258989.583, 119
Trd, 258989.900, 112
Trd, 258990.117, 107
Trd, 258990.333, 117
Trd, 258990.750, 108
Trd, 258990.767, 117
Trd, 258990.800, 118
Trd, 258990.917, 107
Trd, 258991.133, 138
Trd, 258991.783, 140
Trd, 258991.833, 140
Trd, 258991.917, 140
Trd, 258992.783, 140
Trd, 258993.000, 140
Trd, 258993.117, 140
Trd, 258993.300, 139
Trd, 258994.117, 140
Trd, 258994.183, 140
Trd, 258994.233, 140
Trd, 258994.250, 139
Trd, 258994.633, 138
Trd, 258994.917, 135
Trd, 258994.933, 121
Trd, 258994.967, 131
Trd, 258995.050, 117
Trd, 258995.100, 113
Trd, 258995.350, 113
Trd, 258995.667, 116
Trd, 258995.867, 133
Trd, 258996.117, 117
Trd, 258996.350, 117
Trd, 258996.800, 132
Trd, 258997.000, 129
Trd, 258997.067, 116
Trd, 258997.883, 115
Trd, 258998.183, 115
Trd, 258998.283, 114
Trd, 258998.417, 104
Trd, 258998.467, 100
Trd, 258998.500, 134
Trd, 258998.600, 107
Trd, 258998.683, 99
Trd, 258998.917, 129
Trd, 258999.033, 93
Trd, 258999.600, 124
Trd, 258999.883, 140
Trd, 258999.917, 140
Trd, 259000.133, 140
Trd, 259000.583, 140
Trd, 259000.633, 140
Trd, 259000.983, 140
Trd, 259001.167, 140
Trd, 259001.383, 140
Trd, 259001.417, 139
Trd, 259001.533, 128
Trd, 259001.800, 128
Trd, 259001.833, 127
Trd, 259002.167, 110
Trd, 259002.383, 87
Trd, 259002.683, 107
Trd, 259003.167, 104
Trd, 259003.200, 106
Trd, 259003.417, 103
Trd, 259003.900, 106
Trd, 259003.950, 106
Trd, 259004.317, 107
Trd, 259004.333, 105
Trd, 259004.467, 138
Trd, 259005.000, 139
Trd, 259005.017, 138
Trd, 259005.433, 138
Trd, 259005.450, 137
Trd, 259005.883, 119
Trd, 259005.933, 118
Trd, 259005.950, 105
Trd, 259006.183, 104
Trd, 259006.350, 121
Trd, 259006.483, 98
Trd, 259006.550, 115
Trd, 259006.583, 97
Trd, 259006.617, 94
Trd, 259007.133, 99
Trd, 259007.550, 138
Trd, 259007.717, 138
Trd, 259007.733, 137
Trd, 259007.833, 138
Trd, 259007.950, 131
Trd, 259008.033, 109
Trd, 259008.217, 109
Trd, 259008.917, 116
Trd, 259008.933, 137
Trd, 259009.217, 140
Trd, 259009.417, 140
Trd, 259009.467, 124
Trd, 259010.217, 140
Trd, 259010.367, 140
Trd, 259010.617, 140
Trd, 259010.633, 137
Trd, 259010.683, 124
Trd, 259011.017, 123
Trd, 259011.533, 122
Trd, 259011.800, 130
Trd, 259012.067, 108
Trd, 259012.333, 109
Trd, 259012.417, 130
Trd, 259012.700, 139
Trd, 259012.800, 139
Trd, 259013.333, 140
Trd, 259013.700, 140
Trd, 259013.817, 140
Trd, 259013.850, 140
Trd, 259014.117, 135
Trd, 259014.383, 139
Trd, 259014.550, 135
Trd, 259014.783, 138
Trd, 259014.817, 137
Trd, 259014.933, 127
Trd, 259015.083, 113
Trd, 259015.267, 96
Trd, 259015.317, 96
Trd, 259016.083, 140
Trd, 259016.483, 140
Trd, 259016.600, 140
Trd, 259016.700, 140
Trd, 259017.017, 123
Trd, 259017.150, 113
Trd, 259017.650, 128
Trd, 259017.667, 114
Trd, 259017.933, 114
Trd, 259018.033, 89
Trd, 259018.233, 124
Trd, 259018.267, 121
Trd, 259018.600, 119
Trd, 259018.617, 118
Trd, 259018.850, 108
Trd, 259018.867, 106
Trd, 259019.133, 106
Trd, 259019.533, 106
Trd, 259019.583, 90
Trd, 259019.817, 129
Trd, 259019.967, 77
Trd, 259020.067, 94
Trd, 259020.250, 60
Trd, 259020.567, 97
Trd, 259020.800, 96
Trd, 259021.250, 86
Trd, 259021.583, 85
Trd, 259021.750, 81
Trd, 259021.783, 80
Trd, 259021.833, 86
Trd, 259022.150, 65
Trd, 259022.567, 60
Trd, 259022.967, 63
Trd, 259023.217, 64
Trd, 259023.267, 62
Trd, 259023.533, 65
Trd, 259023.600, 65
Trd, 259023.750, 64
Trd, 259023.900, 66
Trd, 259024.167, 110
Trd, 259024.400, 83
Trd, 259024.500, 83
Trd, 259024.533, 125
Trd, 259024.550, 82
Trd, 259024.717, 132
Trd, 259024.917, 108
Trd, 259025.033, 121
Trd, 259025.383, 100
Trd, 259025.683, 138
Trd, 259025.717, 81
Trd, 259026.217, 140
Trd, 259026.483, 140
Trd, 259026.550, 140
Trd, 259026.650, 140
Trd, 259026.817, 135
Trd, 259027.667, 133
Trd, 259027.883, 133
Trd, 259027.950, 132
Trd, 259028.267, 116
Trd, 259028.750, 115
Trd, 259028.833, 113
Trd, 259029.233, 94
Trd, 259029.267, 93
Trd, 259029.483, 92
Trd, 259029.683, 80
Trd, 259029.967, 128
Trd, 259030.117, 127
Trd, 259030.467, 81
Trd, 259030.600, 80
Trd, 259030.667, 127
Trd, 259031.317, 94
Trd, 259031.533, 90
Trd, 259031.883, 100
Trd, 259031.950, 99
Trd, 259031.983, 125
Trd, 259032.033, 99
Trd, 259032.133, 128
Trd, 259032.150, 131
Trd, 259032.183, 132
Trd, 259032.467, 105
Trd, 259033.167, 110
Trd, 259033.233, 110
Trd, 259033.317, 109
Trd, 259033.517, 99
Trd, 259033.667, 99
Trd, 259034.117, 105
Trd, 259034.200, 99
Trd, 259034.400, 98
Trd, 259034.867, 102
Trd, 259035.033, 97
Trd, 259035.250, 140
Trd, 259035.767, 140
Trd, 259036.083, 140
Trd, 259036.217, 140
Trd, 259036.767, 140
Trd, 259037.000, 140
Trd, 259037.450, 140
Trd, 259037.883, 140
Trd, 259038.017, 140
Trd, 259038.100, 140
Trd, 259038.167, 140
Trd, 259038.500, 140
Trd, 259038.933, 140
Trd, 259038.950, 140
Trd, 259039.017, 138
Trd, 259039.117, 135
Trd, 259039.183, 122
Trd, 259039.367, 120
Trd, 259039.417, 99
Trd, 259039.900, 140
Trd, 259039.950, 140
Trd, 259040.133, 140
Trd, 259040.583, 132
Trd, 259041.533, 133
Trd, 259041.767, 123
Trd, 259041.983, 103
Trd, 259042.033, 101
Trd, 259042.517, 129
Trd, 259042.583, 138
Trd, 259042.667, 136
Trd, 259043.150, 131
Trd, 259043.200, 130
Trd, 259043.650, 140
Trd, 259043.717, 140
Trd, 259044.017, 140
Trd, 259044.350, 140
Trd, 259044.467, 140
Trd, 259044.583, 135
Trd, 259045.300, 134
Trd, 259045.317, 133
Trd, 259045.467, 134
Trd, 259045.900, 139
Trd, 259045.917, 138
Trd, 259045.933, 137
Trd, 259045.983, 129
Trd, 259046.000, 121
Trd, 259046.267, 119
Trd, 259046.317, 138
Trd, 259046.783, 139
Trd, 259047.100, 139
Trd, 259047.150, 138
Trd, 259047.350, 137
Trd, 259047.467, 134
Trd, 259047.833, 125
Trd, 259047.867, 123
Trd, 259048.150, 120
Trd, 259048.183, 137
Trd, 259048.200, 119
Trd, 259048.283, 115
Trd, 259048.483, 96
Trd, 259048.833, 135
Trd, 259048.950, 130
Trd, 259049.050, 98
Trd, 259049.100, 97
Trd, 259049.117, 96
Trd, 259049.217, 85
Trd, 259050.367, 136
Trd, 259050.700, 140
Trd, 259051.567, 140
Trd, 259052.167, 140
Trd, 259052.217, 140
Trd, 259052.750, 140
Trd, 259052.800, 140
Trd, 259053.033, 139
Trd, 259053.833, 140
Trd, 259053.933, 140
Trd, 259054.017, 139
Trd, 259054.183, 138
Trd, 259054.250, 115
Trd, 259054.433, 115
Trd, 259054.767, 140
Trd, 259054.833, 115
Trd, 259054.933, 124
Trd, 259055.000, 123
Trd, 259055.033, 136
Trd, 259055.067, 123
Trd, 259055.083, 137
Trd, 259055.383, 140
Trd, 259055.417, 140
Trd, 259055.450, 121
Trd, 259055.517, 102
Trd, 259055.867, 119
Trd, 259055.900, 140
Trd, 259056.250, 107
Trd, 259056.350, 102
Trd, 259056.650, 79
Trd, 259056.733, 81
Trd, 259057.500, 122
Trd, 259057.950, 134
Trd, 259058.133, 120
Trd, 259058.333, 140
Trd, 259058.983, 140
Trd, 259059.217, 140
Trd, 259059.333, 140
Trd, 259060.017, 140
Trd, 259060.083, 140
Trd, 259060.250, 140
Trd, 259060.367, 140
Trd, 259060.883, 140
Trd, 259061.217, 122
Trd, 259061.533, 140
Trd, 259061.583, 140
Trd, 259061.867, 140
Trd, 259061.883, 122
Trd, 259062.333, 106
Trd, 259062.533, 96
Trd, 259062.600, 94
Trd, 259062.667, 92
Trd, 259062.783, 107
Trd, 259062.833, 87
Trd, 259063.550, 105
Trd, 259063.633, 104
Trd, 259063.867, 128
Trd, 259063.917, 131
Trd, 259064.000, 93
Trd, 259064.033, 91
Trd, 259064.417, 118
Trd, 259064.450, 131
Trd, 259064.583, 89
Trd, 259064.950, 82
Trd, 259065.050, 77
Trd, 259065.467, 128
Trd, 259065.517, 70
Trd, 259065.667, 119
Trd, 259065.700, 131
Trd, 259065.733, 61
Trd, 259065.983, 87
Trd, 259066.267, 80
Trd, 259066.467, 79
Trd, 259066.967, 124
Trd, 259067.417, 97
Trd, 259067.483, 96
Trd, 259067.583, 89
Trd, 259067.667, 89
Trd, 259067.933, 99
Trd, 259068.050, 132
Trd, 259068.700, 122
Trd, 259068.850, 121
Trd, 259068.917, 120
Trd, 259069.500, 105
Trd, 259069.967, 127
Trd, 259069.983, 128
Trd, 259070.233, 126
Trd, 259070.500, 127
Trd, 259070.517, 125
Trd, 259070.550, 135
Trd, 259070.950, 128
Trd, 259070.967, 127
Trd, 259071.800, 140
Trd, 259071.967, 140
Trd, 259072.000, 140
Trd, 259072.433, 140
Trd, 259072.817, 140
Trd, 259072.867, 140
Trd, 259073.200, 139
Trd, 259073.283, 126
Trd, 259073.383, 125
Trd, 259073.400, 120
Trd, 259073.633, 126
Trd, 259073.667, 119
Trd, 259073.733, 107
Trd, 259073.850, 138
Trd, 259073.967, 135
Trd, 259074.033, 111
Trd, 259074.317, 132
Trd, 259074.700, 132
Trd, 259075.217, 107
Trd, 259075.317, 106
Trd, 259075.417, 105
Trd, 259075.517, 103
Trd, 259075.767, 126
Trd, 259076.050, 104
Trd, 259076.400, 103
Trd, 259076.483, 136
Trd, 259076.950, 117
Trd, 259076.967, 112
Trd, 259077.300, 135
Trd, 259077.517, 134
Trd, 259077.533, 133
Trd, 259077.767, 132
Trd, 259078.117, 131
Trd, 259078.333, 113
Trd, 259078.383, 112
Trd, 259078.600, 97
Trd, 259078.650, 104
Trd, 259078.933, 140
Trd, 259079.600, 140
Trd, 259079.750, 140
Trd, 259079.817, 140
Trd, 259079.900, 126
Trd, 259080.217, 140
Trd, 259080.283, 95
Trd, 259080.317, 91
Trd, 259080.533, 126
Trd, 259080.700, 83
Trd, 259080.900, 126
Trd, 259081.100, 138
Trd, 259081.433, 138
Trd, 259081.800, 140
Trd, 259081.850, 135
Trd, 259081.867, 133
Trd, 259082.167, 135
Trd, 259083.150, 140
Trd, 259083.700, 140
Trd, 259083.850, 140
Trd, 259083.983, 140
Trd, 259084.217, 140
Trd, 259084.250, 140
Trd, 259084.283, 139
Trd, 259084.600, 140
Trd, 259084.633, 135
Trd, 259084.883, 138
Trd, 259085.017, 136
Trd, 259085.083, 135
Trd, 259085.617, 140
Trd, 259085.683, 140
Trd, 259085.833, 126
Trd, 259085.867, 123
Trd, 259086.100, 125
Trd, 259086.167, 111
Trd, 259086.250, 66
Trd, 259086.600, 60
Trd, 259086.650, 138
Trd, 259087.667, 129
Trd, 259087.900, 131
Trd, 259087.933, 138
Trd, 259088.300, 135
Trd, 259088.383, 133
Trd, 259088.767, 140
Trd, 259088.833, 129
Trd, 259088.883, 121
Trd, 259089.400, 109
Trd, 259089.717, 139
Trd, 259089.750, 95
Trd, 259090.083, 139
Trd, 259090.217, 140
Trd, 259090.300, 132
Trd, 259090.333, 131
Trd, 259090.383, 130
Trd, 259090.533, 104
Trd, 259091.017, 94
Trd, 259091.117, 96
Trd, 259091.367, 132
Trd, 259091.383, 133
Trd, 259091.850, 99
Trd, 259091.867, 97
Trd, 259092.283, 97
Trd, 259092.383, 112
Trd, 259092.517, 113
Trd, 259092.600, 111
Trd, 259093.000, 98
Trd, 259093.300, 98
Trd, 259093.450, 97
Trd, 259093.533, 96
Trd, 259093.650, 85
Trd, 259093.667, 84
Trd, 259093.950, 105
Trd, 259094.133, 83
Trd, 259094.300, 93
Trd, 259094.767, 80
Trd, 259094.817, 79
Trd, 259094.967, 97
Trd, 259095.283, 96
Trd, 259096.017, 140
Trd, 259096.433, 139
Trd, 259096.450, 138
Trd, 259096.483, 135
Trd, 259096.800, 140
Trd, 259097.033, 140
Trd, 259097.133, 140
Trd, 259097.200, 137
Trd, 259097.550, 138
Trd, 259097.583, 123
Trd, 259097.633, 122
Trd, 259098.333, 121
Trd, 259098.383, 119
Trd, 259098.617, 105
Trd, 259098.633, 85
Trd, 259099.117, 139
Trd, 259099.700, 136
Trd, 259099.783, 136
Trd, 259100.000, 119
Trd, 259100.167, 118
Trd, 259100.383, 134
Trd, 259100.517, 135
Trd, 259100.600, 136
Trd, 259100.700, 137
Trd, 259100.817, 135
Trd, 259100.950, 121
Trd, 259101.117, 97
Trd, 259101.717, 140
Trd, 259101.900, 140
Trd, 259102.050, 140
Trd, 259102.117, 139
Trd, 259102.333, 137
Trd, 259102.367, 127
Trd, 259102.583, 122
Trd, 259102.750, 121
Trd, 259102.833, 140
Trd, 259103.183, 122
Trd, 259103.533, 101
Trd, 259104.067, 140
Trd, 259104.217, 140
Trd, 259104.533, 140
Trd, 259104.650, 140
Trd, 259104.783, 140
Trd, 259105.200, 140
Trd, 259105.267, 140
Trd, 259105.467, 140
Trd, 259105.483, 139
Trd, 259105.550, 139
Trd, 259105.983, 120
Trd, 259106.150, 120
Trd, 259106.167, 108
Trd, 259106.217, 116
Trd, 259106.283, 133
Trd, 259106.783, 114
Trd, 259106.850, 97
Trd, 259107.117, 91
Trd, 259107.333, 88
Trd, 259107.483, 87
Trd, 259108.150, 63
Trd, 259108.183, 64
Trd, 259108.233, 63
Trd, 259108.417, 63
Trd, 259108.633, 65
Trd, 259108.683, 62
Trd, 259108.717, 67
Trd, 259108.783, 131
Trd, 259109.050, 137
Trd, 259109.417, 140
Trd, 259109.550, 139
Trd, 259109.783, 122
Trd, 259109.850, 112
Trd, 259109.917, 107
Trd, 259109.983, 105
Trd, 259110.217, 82
Trd, 259110.867, 139
Trd, 259110.933, 105
Trd, 259111.283, 113
Trd, 259111.650, 138
Trd, 259111.967, 128
Trd, 259112.267, 127
Trd, 259112.567, 140
Trd, 259112.683, 132
Trd, 259112.783, 127
Trd, 259112.867, 126
Trd, 259113.083, 126
Trd, 259113.267, 126
Trd, 259113.283, 140
Trd, 259114.083, 123
Trd, 259114.483, 139
Trd, 259114.850, 134
Trd, 259114.983, 138
Trd, 259115.000, 126
Trd, 259115.217, 132
Trd, 259115.433, 126
Trd, 259115.483, 122
Trd, 259115.633, 111
Trd, 259115.817, 106
Trd, 259116.067, 105
Trd, 259116.100, 103
Trd, 259116.267, 90
Trd, 259116.300, 132
Trd, 259116.367, 80
Trd, 259117.183, 97
Trd, 259117.333, 121
Trd, 259117.350, 96
Trd, 259117.517, 108
Trd, 259118.167, 101
Trd, 259118.583, 140
Trd, 259118.867, 140
Trd, 259119.017, 140
Trd, 259119.067, 140
Trd, 259119.100, 140
Trd, 259119.283, 140
Trd, 259119.900, 140
Trd, 259119.917, 140
Trd, 259119.983, 140
Trd, 259120.333, 140
Trd, 259120.417, 140
Trd, 259120.433, 140
Trd, 259120.467, 140
Trd, 259120.667, 140
Trd, 259121.033, 140
Trd, 259121.250, 130
Trd, 259121.583, 140
Trd, 259121.683, 140
Trd, 259122.167, 128
Trd, 259122.250, 119
Trd, 259122.283, 133
Trd, 259122.767, 140
Trd, 259122.917, 140
Trd, 259122.950, 140
Trd, 259123.517, 140
Trd, 259123.800, 140
Trd, 259124.050, 140
Trd, 259124.583, 140
Trd, 259125.200, 140
Trd, 259125.283, 140
Trd, 259125.317, 140
Trd, 259125.517, 140
Trd, 259125.617, 126
Trd, 259125.783, 137
Trd, 259125.800, 127
Trd, 259125.967, 137
Trd, 259126.300, 128
Trd, 259126.350, 127
Trd, 259126.550, 126
Trd, 259127.467, 129
Trd, 259127.617, 128
Trd, 259127.750, 131
Trd, 259127.833, 128
Trd, 259127.933, 127
Trd, 259128.383, 125
Trd, 259128.717, 130
Trd, 259128.750, 129
Trd, 259128.917, 119
Trd, 259129.217, 120
Trd, 259129.400, 119
Trd, 259129.533, 118
Trd, 259129.933, 133
Trd, 259130.200, 137
Trd, 259130.450, 124
Trd, 259130.467, 103
Trd, 259130.800, 125
Trd, 259130.850, 140
Trd, 259131.700, 119
Trd, 259131.883, 117
Trd, 259131.900, 117
Trd, 259132.050, 113
Trd, 259132.117, 105
Trd, 259132.283, 140
Trd, 259132.300, 92
Trd, 259132.483, 96
Trd, 259132.650, 139
Trd, 259132.667, 138
Trd, 259132.933, 126
Trd, 259133.033, 103
Trd, 259133.383, 108
Trd, 259133.783, 112
Trd, 259133.950, 114
Trd, 259134.283, 111
Trd, 259134.550, 111
Trd, 259134.850, 140
Trd, 259135.100, 114
Trd, 259136.150, 130
Trd, 259136.383, 130
Trd, 259136.550, 133
Trd, 259136.617, 123
Trd, 259136.817, 138
Trd, 259136.867, 131
Trd, 259136.933, 130
Trd, 259137.083, 125
Trd, 259137.117, 124
Trd, 259137.300, 123
Trd, 259137.883, 122
Trd, 259138.017, 121
Trd, 259138.067, 119
Trd, 259138.250, 105
Trd, 259138.317, 84
Trd, 259138.350, 79
Trd, 259138.700, 122
Trd, 259138.900, 101
Trd, 259139.117, 99
Trd, 259139.350, 66
Trd, 259139.367, 126
Trd, 259139.417, 127
Trd, 259139.617, 65
Trd, 259140.167, 62
Trd, 259140.233, 63
Trd, 259140.583, 62
Trd, 259140.633, 119
Trd, 259140.750, 120
Trd, 259141.333, 60
Trd, 259141.433, 73
Trd, 259141.667, 60
Trd, 259141.800, 66
Trd, 259142.450, 66
Trd, 259142.917, 70
Trd, 259142.967, 65
Trd, 259143.067, 80
Trd, 259143.083, 122
Trd, 259143.317, 76
Trd, 259143.567, 76
Trd, 259143.933, 80
Trd, 259143.967, 78
Trd, 259144.000, 77
Trd, 259144.033, 75
Trd, 259144.217, 70
Trd, 259144.317, 85
Trd, 259144.417, 85
Trd, 259144.617, 86
Trd, 259145.217, 111
Trd, 259145.417, 110
Trd, 259145.533, 99
Trd, 259146.217, 134
Trd, 259146.683, 96
Trd, 259146.950, 95
Trd, 259147.217, 112
Trd, 259147.250, 129
Trd, 259147.617, 98
Trd, 259148.000, 99
Trd, 259148.400, 131
Trd, 259148.683, 116
Trd, 259148.783, 115
Trd, 259149.417, 140
Trd, 259149.550, 140
Trd, 259149.700, 140
Trd, 259149.733, 140
Trd, 259149.933, 133
Trd, 259150.017, 132
Trd, 259150.417, 140
Trd, 259150.800, 140
Trd, 259150.867, 140
Trd, 259151.150, 118
Trd, 259151.333, 109
Trd, 259151.433, 121
Trd, 259151.483, 85
Trd, 259151.517, 140
Trd, 259151.883, 140
Trd, 259151.983, 140
Trd, 259152.233, 121
Trd, 259152.667, 123
Trd, 259152.867, 122
Trd, 259153.083, 103
Trd, 259153.233, 96
Trd, 259153.550, 123
Trd, 259153.617, 133
Trd, 259153.883, 119
Trd, 259154.150, 121
Trd, 259154.183, 120
Trd, 259154.317, 118
Trd, 259154.617, 84
Trd, 259154.633, 83
Trd, 259154.850, 130
Trd, 259154.967, 128
Trd, 259155.000, 136
Trd, 259155.450, 77
Trd, 259155.650, 98
Trd, 259155.833, 114
Trd, 259156.250, 114
Trd, 259156.333, 134
Trd, 259156.450, 113
Trd, 259156.567, 106
Trd, 259156.633, 121
Trd, 259156.833, 138
Trd, 259157.267, 139
Trd, 259157.333, 139
Trd, 259157.550, 138
Trd, 259158.017, 132
Trd, 259158.117, 105
Trd, 259158.183, 97
Trd, 259158.367, 130
Trd, 259158.500, 98
Trd, 259158.517, 97
Trd, 259158.650, 94
Trd, 259158.767, 140
Trd, 259159.217, 139
Trd, 259159.500, 122
Trd, 259160.367, 139
Trd, 259160.550, 138
Trd, 259160.683, 137
Trd, 259160.700, 136
Trd, 259161.000, 132
Trd, 259161.167, 132
Trd, 259161.567, 138
Trd, 259161.883, 139
Trd, 259162.317, 140
Trd, 259162.383, 140
Trd, 259162.500, 140
Trd, 259162.550, 140
Trd, 259162.933, 140
Trd, 259163.400, 140
Trd, 259163.567, 140
Trd, 259163.650, 140
Trd, 259163.867, 140
Trd, 259164.133, 137
Trd, 259164.167, 131
Trd, 259164.317, 126
Trd, 259164.333, 120
Trd, 259164.367, 117
Trd, 259164.400, 115
Trd, 259164.617, 140
Trd, 259164.900, 140
Trd, 259165.083, 140
Trd, 259165.167, 123
Trd, 259165.683, 97
Trd, 259165.967, 139
Trd, 259166.000, 136
Trd, 259166.050, 97
Trd, 259166.817, 96
Trd, 259167.083, 94
Trd, 259167.133, 94
Trd, 259167.533, 132
Trd, 259167.717, 131
Trd, 259168.250, 135
Trd, 259168.433, 125
Trd, 259168.750, 136
Trd, 259169.200, 124
Trd, 259169.217, 109
Trd, 259169.300, 112
Trd, 259169.333, 109
Trd, 259169.500, 107
Trd, 259169.517, 106
Trd, 259169.850, 121
Trd, 259169.900, 92
Trd, 259169.967, 89
Trd, 259169.983, 122
Trd, 259170.583, 72
Trd, 259170.767, 134
Trd, 259170.967, 125
Trd, 259171.150, 107
Trd, 259171.217, 118
Trd, 259171.317, 128
Trd, 259171.367, 106
Trd, 259172.050, 100
Trd, 259172.700, 101
Trd, 259172.883, 95
Trd, 259173.283, 110
Trd, 259173.317, 96
Trd, 259173.533, 95
Trd, 259173.567, 94
Trd, 259173.950, 60
Trd, 259173.983, 60
Trd, 259174.183, 101
Trd, 259174.233, 114
Trd, 259174.383, 65
Trd, 259174.567, 60
Trd, 259174.583, 67
Trd, 259174.867, 63
Trd, 259175.150, 62
Trd, 259175.300, 65
Trd, 259175.550, 125
Trd, 259175.800, 127
Trd, 259175.967, 108
Trd, 259176.700, 96
Trd, 259176.767, 106
Trd, 259176.800, 95
Trd, 259176.833, 94
Trd, 259176.983, 90
Trd, 259177.000, 89
Trd, 259177.117, 122
Trd, 259177.417, 106
Trd, 259177.483, 85
Trd, 259177.883, 96
Trd, 259177.917, 123
Trd, 259178.083, 95
Trd, 259178.150, 94
Trd, 259178.300, 125
Trd, 259178.817, 112
Trd, 259179.233, 113
Trd, 259179.567, 117
Trd, 259179.717, 113
Trd, 259179.883, 121
Trd, 259180.083, 119
Trd, 259180.117, 104
Trd, 259180.450, 114
Trd, 259180.933, 106
Trd, 259180.967, 105
Trd, 259181.033, 90
Trd, 259181.050, 84
Trd, 259181.350, 79
Trd, 259181.667, 76
Trd, 259181.717, 71
Trd, 259182.067, 60
Trd, 259182.133, 64
Trd, 259182.633, 61
Trd, 259182.833, 62
Trd, 259183.100, 63
Trd, 259183.500, 65
Trd, 259183.600, 65
Trd, 259183.900, 69
Trd, 259184.050, 81
Trd, 259184.317, 71
Trd, 259184.350, 131
Trd, 259184.683, 71
Trd, 259184.717, 73
Trd, 259185.517, 140
Trd, 259185.583, 112
Trd, 259185.917, 140
Trd, 259186.533, 138
Trd, 259186.833, 140
Trd, 259186.983, 139
Trd, 259187.133, 138
Trd, 259187.200, 137
Trd, 259187.650, 140
Trd, 259187.833, 139
Trd, 259187.850, 137
Trd, 259188.017, 130
Trd, 259188.450, 140
Trd, 259188.700, 129
Trd, 259189.100, 140
Trd, 259189.183, 140
Trd, 259189.400, 140
Trd, 259189.517, 140
Trd, 259189.533, 139
Trd, 259189.867, 132
Trd, 259190.150, 121
Trd, 259190.183, 120
Trd, 259190.750, 136
Trd, 259190.983, 140
Trd, 259191.033, 137
Trd, 259191.117, 136
Trd, 259191.583, 133
Trd, 259191.700, 133
Trd, 259192.133, 132
Trd, 259192.267, 131
Trd, 259192.817, 121
Trd, 259192.850, 120
Trd, 259192.933, 118
Trd, 259193.300, 125
Trd, 259193.450, 129
Trd, 259193.650, 130
Trd, 259193.733, 118
Trd, 259193.933, 116
Trd, 259194.100, 139
Trd, 259194.517, 125
Trd, 259194.750, 140
Trd, 259194.767, 140
Trd, 259194.783, 140
Trd, 259195.033, 125
Trd, 259195.200, 125
Trd, 259195.267, 122
Trd, 259195.367, 115
Trd, 259195.433, 138
Trd, 259195.717, 111
Trd, 259196.150, 109
Trd, 259196.283, 133
Trd, 259196.550, 117
Trd, 259196.600, 113
Trd, 259196.633, 100
Trd, 259197.083, 96
Trd, 259197.567, 92
Trd, 259197.783, 97
Trd, 259197.967, 94
Trd, 259198.083, 90
Trd, 259198.100, 88
Trd, 259198.133, 98
Trd, 259198.633, 96
Trd, 259198.783, 84
Trd, 259199.100, 123
Trd, 259199.367, 80
Trd, 259199.417, 132
Trd, 259199.650, 131
Trd, 259199.850, 94
Trd, 259199.983, 88
