Trd, 258580.717, 135
Trd, 258580.867, 124
Trd, 258581.417, 123
Trd, 258581.650, 123
Trd, 258581.683, 128
Trd, 258581.733, 122
Trd, 258581.917, 106
Trd, 258581.967, 129
Trd, 258582.000, 106
Trd, 258582.050, 104
Trd, 258582.467, 103
Trd, 258582.567, 126
Trd, 258582.583, 103
Trd, 258582.733, 131
Trd, 258582.867, 75
Trd, 258583.000, 108
Trd, 258583.233, 136
Trd, 258583.633, 132
Trd, 258583.717, 107
Trd, 258583.800, 87
Trd, 258584.617, 104
Trd, 258584.883, 103
Trd, 258585.000, 111
Trd, 258585.167, 102
Trd, 258585.500, 93
Trd, 258585.567, 112
Trd, 258585.733, 92
Trd, 258585.900, 83
Trd, 258586.033, 90
Trd, 258586.050, 92
Trd, 258586.283, 119
Trd, 258586.583, 98
Trd, 258586.650, 131
Trd, 258587.000, 129
Trd, 258587.133, 131
Trd, 258587.350, 87
Trd, 258587.933, 90
Trd, 258588.183, 92
Trd, 258588.383, 122
Trd, 258588.750, 136
Trd, 258589.000, 118
Trd, 258589.317, 119
Trd, 258589.450, 118
Trd, 258589.783, 138
Trd, 258589.900, 120
Trd, 258590.000, 119
Trd, 258590.533, 121
Trd, 258590.667, 119
Trd, 258591.283, 140
Trd, 258591.417, 140
Trd, 258592.017, 140
Trd, 258592.067, 139
Trd, 258592.433, 140
Trd, 258592.600, 140
Trd, 258593.117, 140
Trd, 258593.417, 140
Trd, 258593.633, 139
Trd, 258593.667, 129
Trd, 258593.717, 127
Trd, 258593.733, 126
Trd, 258594.300, 125
Trd, 258594.417, 124
Trd, 258594.667, 121
Trd, 258594.733, 136
Trd, 258594.917, 131
Trd, 258595.317, 122
Trd, 258595.350, 121
Trd, 258595.750, 106
Trd, 258596.000, 129
Trd, 258596.450, 117
Trd, 258597.083, 120
Trd, 258597.100, 124
Trd, 258597.117, 119
Trd, 258597.217, 124
Trd, 258597.333, 125
Trd, 258597.833, 117
Trd, 258598.067, 110
Trd, 258598.100, 130
Trd, 258598.117, 107
Trd, 258598.783, 115
Trd, 258598.817, 129
Trd, 258599.100, 138
Trd, 258599.200, 138
Trd, 258599.450, 114
Trd, 258599.750, 99
Trd, 258600.267, 108
Trd, 258600.333, 123
Trd, 258600.583, 128
Trd, 258600.800, 126
Trd, 258601.000, 125
Trd, 258601.283, 131
Trd, 258601.633, 136
Trd, 258601.867, 135
Trd, 258602.133, 136
Trd, 258602.417, 137
Trd, 258602.517, 136
Trd, 258602.567, 135
Trd, 258603.283, 127
Trd, 258603.517, 140
Trd, 258603.533, 137
Trd, 258603.633, 114
Trd, 258604.133, 122
Trd, 258604.250, 119
Trd, 258604.533, 128
Trd, 258604.900, 118
Trd, 258605.000, 116
Trd, 258605.183, 107
Trd, 258605.200, 117
Trd, 258605.533, 117
Trd, 258605.583, 112
Trd, 258605.933, 108
Trd, 258605.967, 120
Trd, 258606.283, 135
Trd, 258606.350, 107
Trd, 258606.400, 106
Trd, 258606.633, 101
Trd, 258607.117, 139
Trd, 258607.383, 123
Trd, 258607.500, 122
Trd, 258607.583, 120
Trd, 258607.683, 138
Trd, 258608.367, 140
Trd, 258608.567, 140
Trd, 258609.033, 134
Trd, 258609.600, 135
Trd, 258609.833, 135
Trd, 258610.150, 135
Trd, 258610.533, 139
Trd, 258610.617, 136
Trd, 258610.800, 130
Trd, 258610.933, 138
Trd, 258611.150, 117
Trd, 258611.550, 137
Trd, 258611.750, 136
Trd, 258611.783, 135
Trd, 258612.017, 115
Trd, 258612.400, 133
Trd, 258612.517, 132
Trd, 258612.533, 131
Trd, 258612.733, 125
Trd, 258612.817, 116
Trd, 258612.883, 133
Trd, 258613.000, 134
Trd, 258613.383, 120
Trd, 258613.683, 119
Trd, 258613.867, 113
Trd, 258614.183, 126
Trd, 258614.233, 128
Trd, 258614.283, 130
Trd, 258614.500, 140
Trd, 258615.000, 123
Trd, 258615.083, 122
Trd, 258615.100, 120
Trd, 258615.800, 133
Trd, 258615.883, 129
Trd, 258616.217, 139
Trd, 258616.467, 140
Trd, 258616.817, 140
Trd, 258617.217, 140
Trd, 258617.367, 138
Trd, 258617.650, 129
Trd, 258617.683, 117
Trd, 258617.933, 115
Trd, 258617.950, 114
Trd, 258618.300, 112
Trd, 258618.550, 122
Trd, 258618.567, 137
Trd, 258618.700, 111
Trd, 258619.050, 138
Trd, 258619.150, 139
Trd, 258619.167, 138
Trd, 258619.750, 103
Trd, 258619.917, 139
Trd, 258620.333, 130
Trd, 258620.567, 127
Trd, 258620.700, 126
Trd, 258620.833, 120
Trd, 258621.117, 133
Trd, 258621.133, 119
Trd, 258621.150, 118
Trd, 258621.333, 106
Trd, 258621.450, 131
Trd, 258622.183, 111
Trd, 258622.317, 110
Trd, 258622.683, 127
Trd, 258623.017, 113
Trd, 258623.283, 112
Trd, 258623.367, 101
Trd, 258623.550, 103
Trd, 258623.750, 103
Trd, 258624.667, 113
Trd, 258625.133, 113
Trd, 258625.183, 108
Trd, 258625.283, 110
Trd, 258625.617, 113
Trd, 258625.767, 114
Trd, 258625.900, 130
Trd, 258626.033, 114
Trd, 258626.133, 114
Trd, 258626.250, 131
Trd, 258626.333, 113
Trd, 258626.350, 109
Trd, 258626.867, 117
Trd, 258626.967, 117
Trd, 258627.433, 130
Trd, 258627.450, 114
Trd, 258627.483, 103
Trd, 258627.800, 120
Trd, 258627.850, 119
Trd, 258628.117, 108
Trd, 258628.317, 117
Trd, 258628.500, 105
Trd, 258628.767, 136
Trd, 258629.183, 126
Trd, 258629.567, 119
Trd, 258629.650, 118
Trd, 258629.817, 119
Trd, 258630.283, 119
Trd, 258630.433, 137
Trd, 258630.450, 118
Trd, 258630.683, 138
Trd, 258630.800, 109
Trd, 258631.083, 112
Trd, 258631.283, 106
Trd, 258631.300, 105
Trd, 258631.333, 113
Trd, 258631.600, 136
Trd, 258631.683, 138
Trd, 258632.133, 135
Trd, 258632.567, 136
Trd, 258632.683, 135
Trd, 258632.750, 134
Trd, 258632.900, 117
Trd, 258632.950, 104
Trd, 258633.700, 126
Trd, 258633.917, 137
Trd, 258634.000, 138
Trd, 258634.117, 117
Trd, 258634.133, 116
Trd, 258634.200, 107
Trd, 258634.300, 107
Trd, 258634.483, 124
Trd, 258634.700, 136
Trd, 258635.067, 129
Trd, 258635.117, 128
Trd, 258635.233, 110
Trd, 258635.300, 131
Trd, 258635.367, 110
Trd, 258635.433, 97
Trd, 258636.000, 108
Trd, 258636.750, 115
Trd, 258636.833, 114
Trd, 258636.950, 134
Trd, 258637.717, 111
Trd, 258637.850, 133
Trd, 258638.250, 107
Trd, 258638.300, 137
Trd, 258638.883, 139
Trd, 258639.200, 133
Trd, 258639.417, 111
Trd, 258639.783, 110
Trd, 258639.800, 108
Trd, 258640.233, 114
Trd, 258640.300, 108
Trd, 258640.533, 124
Trd, 258640.633, 140
Trd, 258640.667, 139
Trd, 258640.867, 107
Trd, 258640.883, 99
Trd, 258641.150, 96
Trd, 258641.517, 123
Trd, 258641.900, 93
Trd, 258641.917, 66
Trd, 258642.767, 121
Trd, 258642.983, 116
Trd, 258643.200, 115
Trd, 258643.417, 106
Trd, 258643.717, 116
Trd, 258644.000, 93
Trd, 258644.617, 109
Trd, 258644.883, 106
Trd, 258645.117, 113
Trd, 258645.217, 104
Trd, 258645.233, 114
Trd, 258645.283, 92
Trd, 258645.500, 82
Trd, 258645.517, 81
Trd, 258646.117, 70
Trd, 258646.383, 71
Trd, 258646.500, 69
Trd, 258646.683, 69
Trd, 258646.700, 109
Trd, 258646.750, 71
Trd, 258647.233, 95
Trd, 258647.450, 114
Trd, 258647.917, 74
Trd, 258648.650, 135
Trd, 258648.833, 136
Trd, 258649.200, 139
Trd, 258649.600, 140
Trd, 258650.017, 140
Trd, 258650.350, 140
Trd, 258650.383, 140
Trd, 258650.517, 140
Trd, 258650.650, 140
Trd, 258650.717, 140
Trd, 258650.800, 139
Trd, 258651.033, 140
Trd, 258651.367, 140
Trd, 258651.583, 140
Trd, 258651.617, 140
Trd, 258651.683, 129
Trd, 258651.867, 140
Trd, 258652.383, 119
Trd, 258652.550, 136
Trd, 258652.750, 123
Trd, 258652.983, 137
Trd, 258653.067, 135
Trd, 258653.217, 138
Trd, 258653.400, 135
Trd, 258653.567, 138
Trd, 258653.933, 135
Trd, 258654.033, 134
Trd, 258654.367, 117
Trd, 258654.400, 116
Trd, 258654.633, 101
Trd, 258654.750, 87
Trd, 258654.950, 116
Trd, 258656.117, 132
Trd, 258656.283, 126
Trd, 258656.400, 125
Trd, 258656.417, 124
Trd, 258656.600, 123
Trd, 258657.000, 113
Trd, 258657.033, 122
Trd, 258657.183, 123
Trd, 258657.583, 130
Trd, 258657.683, 131
Trd, 258658.067, 131
Trd, 258658.150, 130
Trd, 258658.233, 132
Trd, 258658.367, 123
Trd, 258658.483, 126
Trd, 258658.700, 138
Trd, 258659.550, 123
Trd, 258659.633, 123
Trd, 258659.767, 123
Trd, 258659.800, 122
Trd, 258660.217, 114
Trd, 258660.350, 132
Trd, 258660.833, 109
Trd, 258660.850, 100
Trd, 258661.067, 97
Trd, 258661.133, 110
Trd, 258661.300, 110
Trd, 258661.317, 104
Trd, 258661.433, 104
Trd, 258661.550, 104
Trd, 258661.583, 111
Trd, 258662.017, 114
Trd, 258662.483, 134
Trd, 258662.500, 131
Trd, 258663.117, 140
Trd, 258663.950, 140
Trd, 258663.983, 133
Trd, 258664.433, 140
Trd, 258664.650, 136
Trd, 258664.917, 137
Trd, 258665.200, 136
Trd, 258665.867, 135
Trd, 258666.067, 135
Trd, 258666.183, 139
Trd, 258666.217, 132
Trd, 258666.900, 119
Trd, 258667.350, 133
Trd, 258667.800, 134
Trd, 258667.933, 133
Trd, 258667.950, 132
Trd, 258668.167, 131
Trd, 258668.300, 130
Trd, 258668.383, 128
Trd, 258668.400, 116
Trd, 258668.450, 111
Trd, 258668.950, 109
Trd, 258669.033, 109
Trd, 258669.133, 108
Trd, 258669.200, 110
Trd, 258669.650, 104
Trd, 258669.733, 126
Trd, 258669.967, 139
Trd, 258670.183, 113
Trd, 258672.033, 140
Trd, 258672.183, 140
Trd, 258672.200, 140
Trd, 258672.350, 139
Trd, 258672.367, 138
Trd, 258672.717, 140
Trd, 258672.800, 139
Trd, 258673.333, 137
Trd, 258673.533, 137
Trd, 258673.733, 139
Trd, 258673.750, 128
Trd, 258674.050, 126
Trd, 258674.317, 138
Trd, 258674.633, 130
Trd, 258674.767, 123
Trd, 258674.950, 125
Trd, 258675.050, 134
Trd, 258675.317, 125
Trd, 258675.750, 116
Trd, 258675.933, 121
Trd, 258675.950, 136
Trd, 258675.967, 114
Trd, 258675.983, 104
Trd, 258676.183, 122
Trd, 258676.200, 92
Trd, 258676.667, 133
Trd, 258676.717, 135
Trd, 258676.817, 86
Trd, 258677.100, 136
Trd, 258677.533, 111
Trd, 258677.933, 139
Trd, 258678.283, 126
Trd, 258678.300, 121
Trd, 258678.467, 109
Trd, 258678.967, 140
Trd, 258679.000, 130
Trd, 258679.183, 138
Trd, 258679.533, 131
Trd, 258679.767, 130
Trd, 258679.967, 140
Trd, 258679.983, 140
Trd, 258680.350, 140
Trd, 258680.617, 140
Trd, 258680.817, 140
Trd, 258681.183, 140
Trd, 258681.500, 140
Trd, 258681.683, 140
Trd, 258681.850, 140
Trd, 258682.033, 134
Trd, 258682.150, 112
Trd, 258682.200, 83
Trd, 258682.267, 77
Trd, 258682.333, 75
Trd, 258682.917, 136
Trd, 258683.333, 129
Trd, 258683.767, 118
Trd, 258683.883, 129
Trd, 258684.117, 118
Trd, 258684.200, 117
Trd, 258684.217, 116
Trd, 258684.533, 133
Trd, 258684.950, 140
Trd, 258684.967, 112
Trd, 258686.100, 123
Trd, 258686.117, 118
Trd, 258686.167, 104
Trd, 258686.333, 119
Trd, 258686.350, 109
Trd, 258687.000, 108
Trd, 258687.233, 135
Trd, 258687.350, 130
Trd, 258687.400, 130
Trd, 258688.167, 130
Trd, 258688.267, 128
Trd, 258688.517, 117
Trd, 258688.850, 118
Trd, 258689.183, 118
Trd, 258689.217, 124
Trd, 258689.317, 125
Trd, 258689.533, 118
Trd, 258689.667, 126
Trd, 258689.800, 127
Trd, 258689.817, 116
Trd, 258690.083, 116
Trd, 258690.100, 129
Trd, 258690.200, 115
Trd, 258690.217, 114
Trd, 258690.500, 105
Trd, 258690.983, 85
Trd, 258691.717, 113
Trd, 258691.917, 122
Trd, 258692.083, 121
Trd, 258692.117, 119
Trd, 258692.667, 140
Trd, 258692.683, 140
Trd, 258693.050, 140
Trd, 258693.617, 140
Trd, 258693.900, 140
Trd, 258694.017, 140
Trd, 258694.150, 140
Trd, 258694.800, 129
Trd, 258694.883, 139
Trd, 258695.033, 125
Trd, 258695.667, 137
Trd, 258695.867, 136
Trd, 258696.117, 136
Trd, 258696.383, 135
Trd, 258696.550, 129
Trd, 258696.667, 133
Trd, 258696.983, 133
Trd, 258697.233, 128
Trd, 258697.300, 127
Trd, 258697.500, 134
Trd, 258697.667, 126
Trd, 258697.833, 125
Trd, 258698.033, 122
Trd, 258698.267, 117
Trd, 258698.417, 140
Trd, 258698.600, 117
Trd, 258698.783, 114
Trd, 258698.933, 108
Trd, 258699.200, 138
Trd, 258699.267, 102
Trd, 258699.500, 119
Trd, 258699.583, 132
Trd, 258700.000, 124
Trd, 258700.150, 128
Trd, 258700.267, 136
Trd, 258700.433, 135
Trd, 258700.667, 130
Trd, 258701.317, 113
Trd, 258701.983, 106
Trd, 258702.750, 128
Trd, 258703.017, 125
Trd, 258703.100, 124
Trd, 258703.150, 129
Trd, 258703.533, 117
Trd, 258703.733, 129
Trd, 258703.833, 119
Trd, 258703.867, 130
Trd, 258703.950, 118
Trd, 258704.100, 117
Trd, 258704.767, 121
Trd, 258704.917, 132
Trd, 258705.017, 120
Trd, 258705.033, 137
Trd, 258705.100, 120
Trd, 258705.650, 114
Trd, 258705.800, 140
Trd, 258706.133, 107
Trd, 258706.500, 140
Trd, 258707.400, 130
Trd, 258707.633, 140
Trd, 258707.800, 140
Trd, 258707.833, 131
Trd, 258707.850, 129
Trd, 258707.983, 131
Trd, 258708.417, 140
Trd, 258708.817, 133
Trd, 258708.933, 133
Trd, 258709.517, 132
Trd, 258709.767, 129
Trd, 258710.017, 128
Trd, 258710.100, 128
Trd, 258710.483, 129
Trd, 258710.583, 127
Trd, 258711.383, 130
Trd, 258711.967, 140
Trd, 258711.983, 139
Trd, 258712.317, 140
Trd, 258712.483, 139
Trd, 258712.600, 137
Trd, 258712.733, 139
Trd, 258712.950, 138
Trd, 258713.033, 136
Trd, 258713.067, 136
Trd, 258713.550, 139
Trd, 258714.550, 140
Trd, 258715.467, 140
Trd, 258715.717, 140
Trd, 258715.850, 140
Trd, 258715.900, 139
Trd, 258716.133, 138
Trd, 258716.200, 124
Trd, 258717.333, 134
Trd, 258717.350, 132
Trd, 258717.667, 131
Trd, 258717.717, 130
Trd, 258717.750, 123
Trd, 258717.800, 114
Trd, 258717.983, 111
Trd, 258718.067, 118
Trd, 258718.083, 119
Trd, 258718.950, 118
Trd, 258719.033, 118
Trd, 258719.450, 120
Trd, 258719.600, 119
Trd, 258719.817, 117
Trd, 258719.833, 111
Trd, 258720.067, 88
Trd, 258720.450, 114
Trd, 258720.700, 90
Trd, 258720.717, 115
Trd, 258721.067, 111
Trd, 258721.183, 110
Trd, 258721.283, 109
Trd, 258721.533, 104
Trd, 258721.700, 90
Trd, 258721.800, 87
Trd, 258721.967, 124
Trd, 258722.033, 126
Trd, 258722.100, 133
Trd, 258722.350, 90
Trd, 258722.433, 126
Trd, 258722.483, 84
Trd, 258722.717, 131
Trd, 258723.767, 118
Trd, 258723.817, 117
Trd, 258724.683, 140
Trd, 258725.333, 140
Trd, 258725.400, 140
Trd, 258725.517, 140
Trd, 258725.800, 140
Trd, 258726.133, 140
Trd, 258726.283, 140
Trd, 258726.383, 140
Trd, 258726.583, 140
Trd, 258726.783, 139
Trd, 258726.850, 130
Trd, 258727.167, 140
Trd, 258727.767, 140
Trd, 258727.783, 140
Trd, 258727.817, 140
Trd, 258728.300, 140
Trd, 258728.317, 140
Trd, 258728.333, 125
Trd, 258728.350, 123
Trd, 258728.383, 122
Trd, 258729.500, 113
Trd, 258729.583, 134
Trd, 258729.717, 98
Trd, 258730.067, 101
Trd, 258730.233, 135
Trd, 258730.717, 140
Trd, 258730.733, 140
Trd, 258730.883, 109
Trd, 258730.900, 108
Trd, 258731.333, 128
Trd, 258731.350, 78
Trd, 258731.683, 93
Trd, 258731.717, 86
Trd, 258731.900, 140
Trd, 258732.417, 140
Trd, 258732.750, 140
Trd, 258733.133, 140
Trd, 258733.683, 140
Trd, 258733.717, 140
Trd, 258733.750, 140
Trd, 258733.783, 133
Trd, 258733.867, 132
Trd, 258734.450, 126
Trd, 258734.550, 126
Trd, 258734.900, 123
Trd, 258734.967, 117
Trd, 258735.533, 140
Trd, 258735.600, 139
Trd, 258735.617, 133
Trd, 258735.767, 115
Trd, 258735.883, 115
Trd, 258736.300, 101
Trd, 258737.167, 130
Trd, 258737.233, 129
Trd, 258737.383, 132
Trd, 258737.433, 135
Trd, 258737.500, 137
Trd, 258738.417, 134
Trd, 258738.433, 133
Trd, 258738.450, 132
Trd, 258739.217, 130
Trd, 258739.233, 131
Trd, 258739.250, 133
Trd, 258739.967, 132
Trd, 258740.033, 132
Trd, 258740.150, 129
Trd, 258740.167, 128
Trd, 258740.233, 139
Trd, 258740.950, 137
Trd, 258741.033, 136
Trd, 258741.250, 136
Trd, 258741.867, 139
Trd, 258741.983, 138
Trd, 258742.033, 137
Trd, 258742.117, 130
Trd, 258742.133, 139
Trd, 258742.433, 119
Trd, 258742.683, 117
Trd, 258742.950, 120
Trd, 258743.333, 118
Trd, 258743.683, 115
Trd, 258743.717, 133
Trd, 258743.833, 114
Trd, 258744.317, 126
Trd, 258744.517, 126
Trd, 258744.867, 129
Trd, 258745.183, 127
Trd, 258745.417, 128
Trd, 258745.450, 127
Trd, 258746.067, 111
Trd, 258746.367, 126
Trd, 258746.517, 110
Trd, 258746.567, 109
Trd, 258746.633, 127
Trd, 258747.067, 110
Trd, 258747.200, 105
Trd, 258747.250, 112
Trd, 258747.550, 120
Trd, 258747.667, 107
Trd, 258747.717, 125
Trd, 258747.983, 117
Trd, 258748.617, 126
Trd, 258748.933, 124
Trd, 258749.117, 125
Trd, 258749.400, 125
Trd, 258749.650, 124
Trd, 258750.433, 135
Trd, 258750.583, 125
Trd, 258750.833, 140
Trd, 258751.150, 140
Trd, 258751.200, 140
Trd, 258751.283, 130
Trd, 258751.417, 140
Trd, 258751.500, 125
Trd, 258751.850, 132
Trd, 258752.033, 131
Trd, 258752.433, 127
Trd, 258752.467, 136
Trd, 258752.567, 126
Trd, 258752.667, 121
Trd, 258752.917, 137
Trd, 258753.333, 137
Trd, 258753.500, 135
Trd, 258753.800, 134
Trd, 258754.133, 131
Trd, 258754.167, 128
Trd, 258754.483, 112
Trd, 258754.550, 131
Trd, 258754.683, 113
Trd, 258754.850, 112
Trd, 258755.250, 125
Trd, 258755.300, 126
Trd, 258755.517, 117
Trd, 258755.567, 111
Trd, 258756.167, 103
Trd, 258756.383, 100
Trd, 258756.750, 123
Trd, 258756.850, 97
Trd, 258756.883, 93
Trd, 258757.217, 100
Trd, 258757.250, 116
Trd, 258757.617, 106
Trd, 258757.733, 104
Trd, 258758.083, 87
Trd, 258758.600, 131
Trd, 258758.950, 102
Trd, 258759.133, 101
Trd, 258759.200, 91
Trd, 258759.400, 128
Trd, 258760.183, 137
Trd, 258760.500, 137
Trd, 258760.600, 130
Trd, 258761.100, 139
Trd, 258761.617, 139
Trd, 258761.633, 119
Trd, 258762.033, 118
Trd, 258762.283, 139
Trd, 258762.317, 123
Trd, 258762.800, 119
Trd, 258762.817, 114
Trd, 258762.917, 104
Trd, 258763.000, 103
Trd, 258763.100, 99
Trd, 258763.150, 97
Trd, 258763.367, 99
Trd, 258763.467, 95
Trd, 258764.033, 135
Trd, 258764.217, 117
Trd, 258764.317, 132
Trd, 258764.533, 98
Trd, 258765.400, 140
Trd, 258765.467, 140
Trd, 258766.183, 140
Trd, 258766.217, 140
Trd, 258766.383, 140
Trd, 258767.250, 140
Trd, 258767.417, 140
Trd, 258767.900, 140
Trd, 258768.050, 140
Trd, 258768.117, 140
Trd, 258768.150, 140
Trd, 258768.217, 140
Trd, 258768.300, 137
Trd, 258768.900, 139
Trd, 258768.950, 136
Trd, 258769.900, 129
Trd, 258769.983, 128
Trd, 258770.383, 125
Trd, 258770.450, 130
Trd, 258770.517, 125
Trd, 258770.567, 124
Trd, 258770.583, 122
Trd, 258770.950, 127
Trd, 258771.067, 129
Trd, 258771.817, 129
Trd, 258772.033, 129
Trd, 258772.133, 136
Trd, 258772.600, 130
Trd, 258772.617, 129
Trd, 258772.767, 123
Trd, 258772.900, 129
Trd, 258773.017, 133
Trd, 258773.083, 116
Trd, 258773.467, 115
Trd, 258773.700, 112
Trd, 258773.850, 111
Trd, 258773.967, 98
Trd, 258774.067, 97
Trd, 258774.350, 99
Trd, 258774.650, 124
Trd, 258775.117, 104
Trd, 258775.417, 107
Trd, 258775.633, 114
Trd, 258775.667, 117
Trd, 258775.767, 113
Trd, 258775.867, 105
Trd, 258776.017, 102
Trd, 258776.533, 118
Trd, 258776.650, 105
Trd, 258777.283, 99
Trd, 258777.517, 135
Trd, 258778.050, 134
Trd, 258778.067, 124
Trd, 258778.283, 135
Trd, 258778.383, 95
Trd, 258779.383, 127
Trd, 258779.450, 126
Trd, 258779.617, 126
Trd, 258780.000, 119
Trd, 258780.233, 128
Trd, 258780.283, 132
Trd, 258780.483, 134
Trd, 258780.650, 120
Trd, 258780.783, 121
Trd, 258780.833, 120
Trd, 258781.250, 122
Trd, 258781.800, 122
Trd, 258781.867, 120
Trd, 258782.133, 138
Trd, 258782.167, 119
Trd, 258782.667, 140
Trd, 258782.800, 140
Trd, 258784.083, 140
Trd, 258784.300, 140
Trd, 258784.400, 140
Trd, 258784.467, 138
Trd, 258784.783, 139
Trd, 258784.850, 140
Trd, 258785.167, 139
Trd, 258785.183, 136
Trd, 258785.350, 132
Trd, 258785.717, 126
Trd, 258785.783, 125
Trd, 258785.850, 135
Trd, 258785.917, 118
Trd, 258786.167, 117
Trd, 258786.233, 116
Trd, 258786.900, 131
Trd, 258787.083, 133
Trd, 258787.100, 126
Trd, 258787.517, 134
Trd, 258787.800, 129
Trd, 258787.967, 132
Trd, 258788.050, 126
Trd, 258788.233, 119
Trd, 258788.617, 106
Trd, 258788.650, 126
Trd, 258788.717, 100
Trd, 258788.783, 99
Trd, 258788.850, 139
Trd, 258789.150, 89
Trd, 258789.383, 84
Trd, 258789.433, 83
Trd, 258789.600, 139
Trd, 258789.883, 122
Trd, 258790.133, 137
Trd, 258790.383, 122
Trd, 258790.767, 122
Trd, 258790.783, 114
Trd, 258790.800, 105
Trd, 258791.817, 140
Trd, 258792.217, 140
Trd, 258792.383, 140
Trd, 258792.800, 140
Trd, 258793.183, 140
Trd, 258793.317, 140
Trd, 258793.333, 140
Trd, 258793.400, 140
Trd, 258793.700, 140
Trd, 258793.733, 140
Trd, 258793.833, 140
Trd, 258794.167, 132
Trd, 258794.383, 126
Trd, 258794.650, 137
Trd, 258794.817, 138
Trd, 258795.117, 134
Trd, 258795.183, 133
Trd, 258795.217, 124
Trd, 258795.233, 119
Trd, 258795.333, 106
Trd, 258796.067, 138
Trd, 258796.333, 118
Trd, 258796.517, 116
Trd, 258796.783, 116
Trd, 258797.333, 116
Trd, 258797.667, 116
Trd, 258797.767, 116
Trd, 258797.867, 115
Trd, 258797.950, 112
Trd, 258798.583, 109
Trd, 258798.817, 109
Trd, 258799.017, 109
Trd, 258799.033, 112
Trd, 258799.167, 120
Trd, 258799.317, 121
Trd, 258799.400, 108
Trd, 258799.800, 115
Trd, 258799.917, 103
Trd, 258800.567, 124
Trd, 258800.583, 123
Trd, 258801.217, 132
Trd, 258801.533, 137
Trd, 258801.550, 136
Trd, 258801.667, 136
Trd, 258801.950, 138
Trd, 258801.967, 137
Trd, 258802.367, 137
Trd, 258802.650, 139
Trd, 258802.883, 137
Trd, 258802.933, 134
Trd, 258803.400, 137
Trd, 258803.500, 133
Trd, 258803.750, 130
Trd, 258803.817, 129
Trd, 258804.417, 127
Trd, 258804.783, 121
Trd, 258804.833, 120
Trd, 258805.333, 120
Trd, 258805.433, 113
Trd, 258805.500, 131
Trd, 258805.683, 132
Trd, 258805.800, 105
Trd, 258806.117, 134
Trd, 258806.217, 103
Trd, 258806.550, 102
Trd, 258806.650, 104
Trd, 258806.683, 84
Trd, 258807.033, 120
Trd, 258807.133, 140
Trd, 258807.233, 106
Trd, 258807.767, 119
Trd, 258807.933, 129
Trd, 258807.967, 118
Trd, 258808.783, 136
Trd, 258808.800, 135
Trd, 258808.867, 121
Trd, 258809.217, 123
Trd, 258809.533, 129
Trd, 258809.850, 128
Trd, 258809.950, 135
Trd, 258810.133, 126
Trd, 258810.550, 127
Trd, 258810.567, 126
Trd, 258810.667, 125
Trd, 258810.783, 115
Trd, 258811.883, 114
Trd, 258812.133, 114
Trd, 258812.167, 117
Trd, 258812.233, 118
Trd, 258812.283, 124
Trd, 258812.483, 116
Trd, 258812.583, 115
Trd, 258813.033, 116
Trd, 258813.167, 121
Trd, 258813.383, 124
Trd, 258813.650, 129
Trd, 258813.767, 118
Trd, 258814.400, 140
Trd, 258814.817, 140
Trd, 258815.050, 132
Trd, 258815.217, 134
Trd, 258815.450, 122
Trd, 258815.767, 130
Trd, 258815.967, 121
Trd, 258816.667, 132
Trd, 258816.700, 135
Trd, 258817.483, 115
Trd, 258817.617, 114
Trd, 258817.750, 139
Trd, 258818.217, 139
Trd, 258818.317, 138
Trd, 258818.633, 137
Trd, 258818.733, 134
Trd, 258818.817, 128
Trd, 258819.000, 126
Trd, 258819.083, 124
Trd, 258819.967, 136
Trd, 258820.083, 129
Trd, 258820.200, 129
Trd, 258820.833, 136
Trd, 258821.167, 135
Trd, 258821.250, 134
Trd, 258821.383, 133
Trd, 258821.500, 131
Trd, 258821.800, 116
Trd, 258822.217, 116
Trd, 258822.517, 135
Trd, 258823.083, 126
Trd, 258823.233, 126
Trd, 258823.433, 125
Trd, 258823.483, 118
Trd, 258823.750, 131
Trd, 258824.017, 111
Trd, 258824.450, 125
Trd, 258824.717, 122
Trd, 258824.967, 123
Trd, 258825.183, 130
Trd, 258825.333, 114
Trd, 258825.367, 112
Trd, 258825.400, 104
Trd, 258825.550, 124
Trd, 258826.083, 114
Trd, 258826.133, 126
Trd, 258826.417, 128
Trd, 258826.583, 120
Trd, 258826.950, 136
Trd, 258827.317, 128
Trd, 258827.433, 128
Trd, 258827.717, 128
Trd, 258827.750, 127
Trd, 258828.100, 128
Trd, 258828.333, 128
Trd, 258828.350, 127
Trd, 258828.367, 126
Trd, 258829.200, 128
Trd, 258829.317, 132
Trd, 258829.833, 140
Trd, 258830.033, 140
Trd, 258830.183, 140
Trd, 258830.650, 140
Trd, 258831.067, 140
Trd, 258831.450, 140
Trd, 258831.550, 140
Trd, 258831.700, 140
Trd, 258832.233, 140
Trd, 258832.483, 140
Trd, 258832.533, 140
Trd, 258832.633, 140
Trd, 258832.667, 140
Trd, 258832.833, 137
Trd, 258833.033, 136
Trd, 258833.300, 127
Trd, 258833.417, 127
Trd, 258833.533, 132
Trd, 258833.833, 136
Trd, 258834.683, 134
Trd, 258834.733, 133
Trd, 258834.800, 132
Trd, 258834.850, 127
Trd, 258835.617, 128
Trd, 258835.650, 126
Trd, 258835.700, 131
Trd, 258835.850, 132
Trd, 258835.967, 133
Trd, 258835.983, 139
Trd, 258836.467, 126
Trd, 258837.067, 140
Trd, 258837.167, 140
Trd, 258837.300, 124
Trd, 258837.967, 104
Trd, 258838.000, 103
Trd, 258838.267, 98
Trd, 258838.317, 97
Trd, 258838.400, 96
Trd, 258839.000, 139
Trd, 258839.083, 123
Trd, 258839.150, 119
Trd, 258839.633, 116
Trd, 258840.350, 119
Trd, 258840.383, 118
Trd, 258840.550, 120
Trd, 258840.717, 128
Trd, 258841.483, 121
Trd, 258841.500, 119
Trd, 258841.683, 121
Trd, 258841.983, 115
Trd, 258842.167, 116
Trd, 258842.283, 120
Trd, 258842.583, 120
Trd, 258842.883, 120
Trd, 258842.917, 118
Trd, 258843.000, 116
Trd, 258843.200, 120
Trd, 258843.433, 136
Trd, 258843.650, 133
Trd, 258843.833, 133
Trd, 258843.917, 132
Trd, 258843.933, 131
Trd, 258844.200, 129
Trd, 258844.217, 137
Trd, 258844.267, 128
Trd, 258844.583, 140
Trd, 258844.850, 128
Trd, 258845.150, 128
Trd, 258845.500, 127
Trd, 258845.633, 119
Trd, 258846.017, 130
Trd, 258846.383, 128
Trd, 258846.483, 130
Trd, 258846.933, 129
Trd, 258846.950, 113
Trd, 258847.017, 109
Trd, 258847.100, 130
Trd, 258847.217, 108
Trd, 258847.333, 134
Trd, 258847.550, 133
Trd, 258848.250, 122
Trd, 258848.500, 118
Trd, 258848.633, 138
Trd, 258848.967, 137
Trd, 258849.000, 136
Trd, 258849.400, 129
Trd, 258849.617, 135
Trd, 258849.733, 129
Trd, 258850.617, 125
Trd, 258850.667, 133
Trd, 258851.050, 130
Trd, 258851.233, 126
Trd, 258851.267, 125
Trd, 258851.467, 132
Trd, 258852.183, 140
Trd, 258852.200, 140
Trd, 258852.267, 128
Trd, 258852.600, 124
Trd, 258852.683, 123
Trd, 258852.700, 123
Trd, 258853.533, 137
Trd, 258853.700, 121
Trd, 258853.983, 113
Trd, 258854.033, 112
Trd, 258854.100, 105
Trd, 258854.483, 125
Trd, 258854.633, 137
Trd, 258854.783, 138
Trd, 258854.933, 139
Trd, 258854.983, 105
Trd, 258855.467, 106
Trd, 258855.800, 130
Trd, 258855.850, 128
Trd, 258856.083, 127
Trd, 258856.100, 110
Trd, 258856.517, 140
Trd, 258856.567, 125
Trd, 258856.750, 111
Trd, 258856.767, 110
Trd, 258856.883, 110
Trd, 258857.617, 136
Trd, 258858.333, 140
Trd, 258859.317, 140
Trd, 258859.700, 140
Trd, 258859.867, 140
Trd, 258859.967, 140
Trd, 258860.017, 140
Trd, 258860.067, 139
Trd, 258860.117, 129
Trd, 258860.400, 133
Trd, 258860.633, 132
Trd, 258860.733, 134
Trd, 258860.767, 128
Trd, 258860.850, 124
Trd, 258861.050, 121
Trd, 258861.367, 133
Trd, 258861.400, 132
Trd, 258861.533, 132
Trd, 258862.050, 133
Trd, 258862.583, 124
Trd, 258862.617, 110
Trd, 258862.700, 108
Trd, 258862.867, 107
Trd, 258863.117, 135
Trd, 258864.250, 140
Trd, 258864.517, 140
Trd, 258865.083, 140
Trd, 258865.150, 140
Trd, 258865.200, 140
Trd, 258865.333, 134
Trd, 258865.450, 139
Trd, 258866.217, 136
Trd, 258866.367, 135
Trd, 258867.350, 140
Trd, 258867.617, 140
Trd, 258867.750, 140
Trd, 258868.000, 140
Trd, 258868.300, 140
Trd, 258868.317, 140
Trd, 258868.450, 138
Trd, 258868.500, 135
Trd, 258868.517, 134
Trd, 258869.000, 139
Trd, 258869.350, 137
Trd, 258869.483, 138
Trd, 258869.533, 135
Trd, 258869.700, 125
Trd, 258870.033, 134
Trd, 258870.250, 123
Trd, 258870.417, 121
Trd, 258870.833, 135
Trd, 258870.867, 121
Trd, 258871.167, 122
Trd, 258871.783, 137
Trd, 258871.883, 124
Trd, 258872.100, 133
Trd, 258872.117, 114
Trd, 258872.133, 112
Trd, 258872.317, 106
Trd, 258872.517, 136
Trd, 258873.767, 140
Trd, 258873.800, 140
Trd, 258873.833, 140
Trd, 258874.233, 140
Trd, 258874.300, 140
Trd, 258874.417, 140
Trd, 258874.433, 139
Trd, 258874.633, 131
Trd, 258875.583, 129
Trd, 258876.067, 131
Trd, 258876.083, 130
Trd, 258876.367, 123
Trd, 258876.417, 112
Trd, 258876.650, 111
Trd, 258876.767, 111
Trd, 258876.800, 109
Trd, 258877.017, 110
Trd, 258877.033, 90
Trd, 258877.117, 88
Trd, 258877.200, 107
Trd, 258877.350, 108
Trd, 258877.467, 95
Trd, 258877.783, 109
Trd, 258878.217, 111
Trd, 258878.300, 112
Trd, 258878.467, 121
Trd, 258878.683, 113
Trd, 258878.817, 125
Trd, 258878.850, 112
Trd, 258879.367, 123
Trd, 258879.783, 121
Trd, 258879.867, 129
Trd, 258880.467, 140
Trd, 258880.617, 119
Trd, 258880.733, 118
Trd, 258880.933, 123
Trd, 258881.450, 134
Trd, 258881.633, 134
Trd, 258882.317, 136
Trd, 258882.800, 135
Trd, 258882.833, 134
Trd, 258882.850, 133
Trd, 258882.933, 133
Trd, 258883.667, 138
Trd, 258883.750, 135
Trd, 258883.850, 138
Trd, 258883.933, 130
Trd, 258883.967, 121
Trd, 258884.200, 119
Trd, 258884.600, 121
Trd, 258884.767, 127
Trd, 258884.783, 120
Trd, 258884.983, 118
Trd, 258886.117, 124
Trd, 258886.650, 139
Trd, 258886.883, 140
Trd, 258886.917, 139
Trd, 258887.100, 138
Trd, 258887.500, 137
Trd, 258887.617, 136
Trd, 258888.050, 134
Trd, 258888.367, 140
Trd, 258888.433, 140
Trd, 258888.800, 140
Trd, 258888.917, 140
Trd, 258889.017, 139
Trd, 258889.117, 137
Trd, 258889.283, 137
Trd, 258889.350, 125
Trd, 258889.650, 123
Trd, 258889.933, 136
Trd, 258890.467, 122
Trd, 258890.850, 139
Trd, 258891.383, 138
Trd, 258891.567, 136
Trd, 258891.650, 135
Trd, 258891.833, 125
Trd, 258892.117, 128
Trd, 258892.233, 134
Trd, 258892.283, 131
Trd, 258892.617, 134
Trd, 258892.700, 133
Trd, 258893.150, 132
Trd, 258893.233, 125
Trd, 258893.333, 115
Trd, 258893.867, 132
Trd, 258894.183, 116
Trd, 258894.233, 132
Trd, 258894.683, 125
Trd, 258894.733, 124
Trd, 258894.917, 125
Trd, 258894.950, 124
Trd, 258894.983, 123
Trd, 258895.683, 128
Trd, 258895.783, 130
Trd, 258895.900, 129
Trd, 258896.850, 116
Trd, 258897.183, 121
Trd, 258897.233, 116
Trd, 258897.450, 115
Trd, 258897.517, 110
Trd, 258897.650, 119
Trd, 258897.900, 120
Trd, 258898.217, 117
Trd, 258898.500, 108
Trd, 258898.550, 113
Trd, 258899.083, 106
Trd, 258899.150, 107
Trd, 258899.233, 105
Trd, 258899.333, 128
Trd, 258899.517, 112
Trd, 258899.767, 102
Trd, 258899.950, 97
Trd, 258900.167, 102
Trd, 258900.183, 103
Trd, 258900.817, 102
Trd, 258901.000, 103
Trd, 258901.217, 102
Trd, 258901.350, 119
Trd, 258901.550, 106
Trd, 258901.767, 104
Trd, 258901.817, 103
Trd, 258901.833, 98
Trd, 258902.050, 129
Trd, 258902.167, 103
Trd, 258902.450, 131
Trd, 258902.967, 122
Trd, 258903.017, 89
Trd, 258904.033, 121
Trd, 258904.100, 110
Trd, 258904.183, 130
Trd, 258904.217, 132
Trd, 258904.300, 106
Trd, 258904.383, 105
Trd, 258904.550, 98
Trd, 258905.217, 140
Trd, 258905.850, 136
Trd, 258905.883, 135
Trd, 258905.933, 132
Trd, 258906.300, 114
Trd, 258906.633, 104
Trd, 258906.717, 103
Trd, 258907.633, 140
Trd, 258907.683, 140
Trd, 258907.867, 140
Trd, 258908.017, 140
Trd, 258908.033, 139
Trd, 258908.733, 137
Trd, 258909.083, 137
Trd, 258909.150, 136
Trd, 258909.217, 138
Trd, 258909.483, 138
Trd, 258909.600, 139
Trd, 258910.067, 138
Trd, 258910.250, 121
Trd, 258910.317, 134
Trd, 258910.333, 120
Trd, 258910.450, 115
Trd, 258910.533, 109
Trd, 258910.667, 109
Trd, 258911.033, 122
Trd, 258911.483, 106
Trd, 258912.283, 107
Trd, 258912.650, 120
Trd, 258912.750, 122
Trd, 258912.950, 105
Trd, 258913.050, 122
Trd, 258913.167, 106
Trd, 258913.217, 125
Trd, 258913.283, 132
Trd, 258913.383, 130
Trd, 258913.567, 134
Trd, 258913.850, 133
Trd, 258914.000, 133
Trd, 258914.117, 133
Trd, 258914.183, 133
Trd, 258914.233, 133
Trd, 258914.417, 133
Trd, 258914.917, 134
Trd, 258915.083, 133
Trd, 258915.200, 132
Trd, 258915.383, 128
Trd, 258915.450, 127
Trd, 258915.467, 125
Trd, 258915.883, 140
Trd, 258916.033, 127
Trd, 258916.250, 122
Trd, 258916.650, 122
Trd, 258917.117, 138
Trd, 258917.250, 124
Trd, 258917.550, 123
Trd, 258918.333, 140
Trd, 258918.950, 140
Trd, 258918.983, 140
Trd, 258919.483, 140
Trd, 258919.650, 139
Trd, 258920.250, 138
Trd, 258920.283, 137
Trd, 258920.417, 129
Trd, 258920.433, 123
Trd, 258920.700, 117
Trd, 258921.100, 139
Trd, 258921.550, 140
Trd, 258921.583, 139
Trd, 258921.633, 138
Trd, 258921.700, 134
Trd, 258922.467, 134
Trd, 258922.733, 136
Trd, 258922.767, 117
Trd, 258923.183, 137
Trd, 258923.200, 138
Trd, 258923.417, 123
Trd, 258923.517, 140
Trd, 258923.667, 122
Trd, 258923.717, 115
Trd, 258923.817, 138
Trd, 258923.850, 112
Trd, 258924.750, 110
Trd, 258924.883, 127
Trd, 258924.950, 124
Trd, 258925.367, 124
Trd, 258925.550, 126
Trd, 258925.600, 126
Trd, 258925.883, 127
Trd, 258926.000, 136
Trd, 258926.100, 126
Trd, 258926.133, 125
Trd, 258927.083, 126
Trd, 258927.117, 125
Trd, 258927.267, 116
Trd, 258927.300, 110
Trd, 258927.767, 105
Trd, 258927.783, 134
Trd, 258928.033, 135
Trd, 258928.100, 104
Trd, 258928.500, 127
Trd, 258928.800, 140
Trd, 258928.950, 127
Trd, 258929.483, 128
Trd, 258929.550, 126
Trd, 258929.717, 139
Trd, 258929.767, 116
Trd, 258930.583, 139
Trd, 258931.067, 139
Trd, 258931.083, 131
Trd, 258931.250, 120
Trd, 258931.350, 119
Trd, 258931.733, 134
Trd, 258931.883, 120
Trd, 258931.950, 119
Trd, 258932.100, 132
Trd, 258932.283, 135
Trd, 258932.600, 135
Trd, 258933.183, 132
Trd, 258933.317, 131
Trd, 258933.683, 130
Trd, 258933.750, 130
Trd, 258933.817, 132
Trd, 258934.217, 137
Trd, 258934.450, 137
Trd, 258934.533, 129
Trd, 258934.567, 115
Trd, 258934.700, 111
Trd, 258934.817, 111
Trd, 258934.883, 110
Trd, 258935.033, 106
Trd, 258935.350, 94
Trd, 258935.367, 93
Trd, 258935.767, 101
Trd, 258935.783, 102
Trd, 258935.850, 117
Trd, 258936.383, 126
Trd, 258936.750, 112
Trd, 258937.683, 140
Trd, 258937.883, 140
Trd, 258937.983, 140
Trd, 258938.083, 140
Trd, 258938.133, 137
Trd, 258939.233, 131
Trd, 258939.300, 130
Trd, 258939.383, 139
Trd, 258939.467, 138
Trd, 258939.933, 130
Trd, 258940.633, 134
Trd, 258940.900, 129
Trd, 258940.950, 128
Trd, 258941.250, 127
Trd, 258941.383, 126
Trd, 258941.583, 113
Trd, 258941.700, 114
Trd, 258942.283, 129
Trd, 258942.550, 131
Trd, 258943.033, 132
Trd, 258943.317, 133
Trd, 258943.367, 132
Trd, 258943.417, 131
Trd, 258943.450, 130
Trd, 258943.533, 135
Trd, 258943.600, 129
Trd, 258943.717, 135
Trd, 258943.817, 128
Trd, 258943.833, 125
Trd, 258943.867, 117
Trd, 258944.133, 112
Trd, 258945.050, 140
Trd, 258945.200, 139
Trd, 258945.567, 140
Trd, 258946.217, 140
Trd, 258946.317, 140
Trd, 258946.383, 139
Trd, 258946.650, 132
Trd, 258946.700, 138
Trd, 258947.283, 138
Trd, 258947.400, 135
Trd, 258947.467, 133
Trd, 258947.533, 121
Trd, 258947.633, 113
Trd, 258947.683, 110
Trd, 258947.717, 107
Trd, 258948.600, 134
Trd, 258948.950, 80
Trd, 258949.000, 79
Trd, 258949.417, 131
Trd, 258949.533, 91
Trd, 258949.783, 135
Trd, 258950.267, 134
Trd, 258950.667, 135
Trd, 258951.150, 134
Trd, 258951.300, 133
Trd, 258951.567, 133
Trd, 258951.650, 132
Trd, 258952.017, 126
Trd, 258952.050, 126
Trd, 258952.200, 125
Trd, 258952.283, 117
Trd, 258952.833, 132
Trd, 258952.900, 118
Trd, 258952.917, 116
Trd, 258953.083, 115
Trd, 258953.117, 134
Trd, 258953.300, 139
Trd, 258953.817, 138
Trd, 258954.050, 115
Trd, 258954.283, 115
Trd, 258954.567, 115
Trd, 258954.650, 121
Trd, 258954.917, 115
Trd, 258954.967, 114
Trd, 258955.233, 139
Trd, 258955.333, 111
Trd, 258955.433, 110
Trd, 258955.850, 135
Trd, 258955.867, 108
Trd, 258956.200, 116
Trd, 258956.683, 132
Trd, 258957.017, 133
Trd, 258957.617, 135
Trd, 258957.667, 136
Trd, 258957.683, 137
Trd, 258957.750, 135
Trd, 258958.100, 129
Trd, 258958.333, 135
Trd, 258958.367, 137
Trd, 258958.467, 123
Trd, 258959.233, 118
Trd, 258959.717, 136
Trd, 258960.117, 139
Trd, 258960.150, 125
Trd, 258960.300, 124
Trd, 258960.433, 136
Trd, 258960.483, 123
Trd, 258960.533, 119
Trd, 258960.617, 117
Trd, 258961.600, 128
Trd, 258961.633, 113
Trd, 258961.683, 104
Trd, 258961.817, 102
Trd, 258961.900, 125
Trd, 258961.950, 128
Trd, 258962.383, 127
Trd, 258962.683, 127
Trd, 258962.750, 115
Trd, 258963.067, 114
Trd, 258963.567, 113
Trd, 258963.583, 117
Trd, 258963.700, 113
Trd, 258963.967, 118
Trd, 258964.050, 114
Trd, 258964.183, 112
Trd, 258964.200, 106
Trd, 258964.517, 132
Trd, 258964.767, 98
Trd, 258965.583, 104
Trd, 258965.917, 140
Trd, 258966.000, 139
Trd, 258966.567, 110
Trd, 258966.850, 108
Trd, 258966.917, 99
Trd, 258967.333, 99
Trd, 258967.433, 96
Trd, 258967.583, 96
Trd, 258967.633, 110
Trd, 258967.717, 112
Trd, 258967.733, 93
Trd, 258967.833, 103
Trd, 258967.900, 93
Trd, 258968.283, 126
Trd, 258968.467, 91
Trd, 258968.500, 90
Trd, 258968.700, 93
Trd, 258968.867, 91
Trd, 258969.150, 95
Trd, 258969.167, 97
Trd, 258969.217, 119
Trd, 258970.167, 100
Trd, 258970.400, 118
Trd, 258971.150, 93
Trd, 258971.183, 91
Trd, 258971.350, 101
Trd, 258971.417, 114
Trd, 258971.683, 91
Trd, 258971.833, 115
Trd, 258972.550, 118
Trd, 258972.583, 118
Trd, 258972.750, 125
Trd, 258973.250, 129
Trd, 258973.267, 130
Trd, 258973.517, 133
Trd, 258973.550, 126
Trd, 258973.967, 128
Trd, 258974.100, 127
Trd, 258974.150, 126
Trd, 258974.183, 135
Trd, 258974.433, 124
Trd, 258974.450, 136
Trd, 258974.517, 120
Trd, 258974.617, 119
Trd, 258974.933, 111
Trd, 258974.983, 108
Trd, 258975.267, 106
Trd, 258976.100, 107
Trd, 258976.167, 110
Trd, 258976.217, 106
Trd, 258976.267, 108
Trd, 258977.017, 105
Trd, 258977.067, 104
Trd, 258977.217, 115
Trd, 258977.317, 103
Trd, 258977.417, 125
Trd, 258977.950, 121
Trd, 258978.083, 119
Trd, 258978.133, 118
Trd, 258978.233, 102
Trd, 258979.133, 105
Trd, 258979.233, 108
Trd, 258979.250, 104
Trd, 258979.383, 102
Trd, 258979.467, 101
Trd, 258979.767, 107
Trd, 258980.067, 107
Trd, 258980.183, 108
Trd, 258980.300, 106
Trd, 258980.367, 108
Trd, 258980.483, 109
Trd, 258980.517, 99
Trd, 258980.717, 87
Trd, 258980.783, 112
Trd, 258980.933, 86
Trd, 258981.867, 75
Trd, 258981.917, 73
Trd, 258982.133, 67
Trd, 258982.150, 110
Trd, 258982.450, 111
Trd, 258982.467, 127
Trd, 258983.050, 116
Trd, 258983.067, 115
Trd, 258983.150, 105
Trd, 258983.183, 93
Trd, 258983.267, 68
Trd, 258984.083, 119
Trd, 258984.200, 95
Trd, 258984.333, 96
Trd, 258984.733, 127
Trd, 258984.767, 128
Trd, 258984.850, 115
Trd, 258985.267, 140
Trd, 258985.333, 140
Trd, 258985.433, 125
Trd, 258985.867, 140
Trd, 258985.883, 124
Trd, 258986.217, 128
Trd, 258986.650, 121
Trd, 258986.900, 122
Trd, 258987.367, 140
Trd, 258987.567, 136
Trd, 258987.950, 140
Trd, 258988.133, 126
Trd, 258988.250, 135
Trd, 258988.283, 126
Trd, 258988.467, 126
Trd, 258988.633, 128
Trd, 258989.217, 128
Trd, 258989.600, 133
Trd, 258989.700, 130
Trd, 258989.817, 129
Trd, 258989.950, 127
Trd, 258989.983, 131
Trd, 258990.250, 132
Trd, 258990.283, 123
Trd, 258990.367, 134
Trd, 258990.400, 117
Trd, 258990.667, 114
Trd, 258990.750, 108
Trd, 258990.850, 104
Trd, 258991.883, 139
Trd, 258992.200, 125
Trd, 258992.267, 125
Trd, 258992.550, 124
Trd, 258992.850, 140
Trd, 258993.333, 140
Trd, 258993.417, 140
Trd, 258993.483, 139
Trd, 258994.167, 128
Trd, 258994.467, 133
Trd, 258994.533, 134
Trd, 258994.600, 134
Trd, 258995.067, 127
Trd, 258995.217, 124
Trd, 258995.583, 127
Trd, 258995.733, 128
Trd, 258995.783, 129
Trd, 258995.900, 125
Trd, 258996.100, 134
Trd, 258996.217, 135
Trd, 258996.517, 126
Trd, 258996.983, 127
Trd, 258997.000, 126
Trd, 258997.050, 140
Trd, 258997.583, 140
Trd, 258997.900, 140
Trd, 258997.933, 140
Trd, 258998.350, 126
Trd, 258999.100, 128
Trd, 258999.267, 140
Trd, 258999.283, 127
Trd, 258999.300, 126
Trd, 258999.400, 117
Trd, 258999.717, 132
Trd, 259000.483, 140
Trd, 259000.883, 140
Trd, 259001.367, 140
Trd, 259001.450, 139
Trd, 259001.700, 138
Trd, 259001.850, 138
Trd, 259002.117, 138
Trd, 259002.167, 137
Trd, 259002.683, 140
Trd, 259002.750, 139
Trd, 259002.867, 140
Trd, 259003.000, 120
Trd, 259003.350, 108
Trd, 259003.417, 94
Trd, 259003.533, 114
Trd, 259003.700, 113
Trd, 259004.133, 125
Trd, 259005.100, 126
Trd, 259005.417, 126
Trd, 259005.433, 125
Trd, 259005.733, 120
Trd, 259006.033, 109
Trd, 259006.417, 105
Trd, 259006.517, 122
Trd, 259006.567, 123
Trd, 259006.817, 137
Trd, 259006.850, 104
Trd, 259007.083, 111
Trd, 259007.433, 140
Trd, 259007.617, 139
Trd, 259008.283, 140
Trd, 259008.683, 140
Trd, 259008.750, 140
Trd, 259008.800, 140
Trd, 259008.900, 140
Trd, 259009.217, 140
Trd, 259009.367, 140
Trd, 259009.517, 140
Trd, 259010.383, 136
Trd, 259010.467, 126
Trd, 259010.483, 121
Trd, 259010.533, 140
Trd, 259010.667, 117
Trd, 259010.967, 117
Trd, 259011.000, 125
Trd, 259011.933, 139
Trd, 259012.050, 134
Trd, 259012.483, 137
Trd, 259012.617, 137
Trd, 259013.083, 138
Trd, 259013.217, 124
Trd, 259013.233, 123
Trd, 259013.383, 123
Trd, 259013.400, 121
Trd, 259013.517, 109
Trd, 259013.733, 110
Trd, 259013.883, 109
Trd, 259014.000, 116
Trd, 259014.367, 120
Trd, 259014.417, 121
Trd, 259014.450, 123
Trd, 259014.483, 126
Trd, 259014.783, 120
Trd, 259015.033, 126
Trd, 259015.350, 94
Trd, 259015.517, 91
Trd, 259016.417, 94
Trd, 259016.617, 94
Trd, 259016.850, 124
Trd, 259017.250, 131
Trd, 259017.267, 133
Trd, 259017.383, 118
Trd, 259017.517, 122
Trd, 259017.733, 139
Trd, 259018.017, 121
Trd, 259018.183, 118
Trd, 259018.467, 102
Trd, 259018.633, 101
Trd, 259018.850, 101
Trd, 259020.550, 140
Trd, 259020.633, 140
Trd, 259020.667, 140
Trd, 259020.683, 140
Trd, 259021.033, 140
Trd, 259021.117, 124
Trd, 259021.250, 120
Trd, 259021.617, 138
Trd, 259021.633, 132
Trd, 259021.700, 140
Trd, 259021.950, 139
Trd, 259022.050, 138
Trd, 259022.383, 140
Trd, 259023.000, 140
Trd, 259023.067, 140
Trd, 259023.183, 140
Trd, 259023.650, 140
Trd, 259023.700, 140
Trd, 259023.867, 140
Trd, 259024.033, 136
Trd, 259024.550, 131
Trd, 259024.600, 120
Trd, 259024.617, 132
Trd, 259024.667, 119
Trd, 259024.817, 116
Trd, 259025.167, 112
Trd, 259025.367, 129
Trd, 259025.550, 113
Trd, 259026.300, 106
Trd, 259026.350, 103
Trd, 259026.600, 130
Trd, 259026.767, 103
Trd, 259026.850, 98
Trd, 259027.717, 119
Trd, 259027.967, 119
Trd, 259028.017, 91
Trd, 259028.383, 112
Trd, 259028.533, 86
Trd, 259028.650, 85
Trd, 259029.117, 115
Trd, 259029.150, 111
Trd, 259029.733, 121
Trd, 259029.833, 110
Trd, 259030.117, 118
Trd, 259030.133, 122
Trd, 259030.283, 126
Trd, 259030.400, 133
Trd, 259030.500, 134
Trd, 259030.533, 113
Trd, 259030.700, 113
Trd, 259030.800, 112
Trd, 259031.300, 124
Trd, 259031.650, 126
Trd, 259031.817, 125
Trd, 259032.133, 125
Trd, 259032.183, 126
Trd, 259032.933, 135
Trd, 259033.350, 140
Trd, 259033.533, 140
Trd, 259033.683, 140
Trd, 259034.100, 140
Trd, 259034.900, 140
Trd, 259035.083, 140
Trd, 259035.383, 140
Trd, 259035.650, 140
Trd, 259035.833, 140
Trd, 259035.867, 140
Trd, 259035.933, 140
Trd, 259036.167, 140
Trd, 259036.467, 140
Trd, 259036.500, 134
Trd, 259036.700, 130
Trd, 259036.967, 105
Trd, 259037.167, 110
Trd, 259037.333, 112
Trd, 259037.417, 138
Trd, 259038.000, 140
Trd, 259038.200, 127
Trd, 259038.333, 132
Trd, 259038.833, 121
Trd, 259039.017, 139
Trd, 259039.117, 121
Trd, 259039.317, 122
Trd, 259039.533, 140
Trd, 259039.800, 138
Trd, 259040.000, 138
Trd, 259040.183, 139
Trd, 259040.317, 128
Trd, 259040.717, 130
Trd, 259041.167, 133
Trd, 259041.200, 132
Trd, 259041.817, 133
Trd, 259042.050, 132
Trd, 259042.317, 131
Trd, 259042.400, 129
Trd, 259042.567, 124
Trd, 259042.900, 124
Trd, 259042.950, 123
Trd, 259043.133, 110
Trd, 259043.267, 134
Trd, 259043.300, 123
Trd, 259043.367, 122
Trd, 259043.400, 109
Trd, 259043.750, 123
Trd, 259044.100, 140
Trd, 259044.300, 104
Trd, 259045.283, 138
Trd, 259045.300, 137
Trd, 259045.433, 95
Trd, 259045.800, 94
Trd, 259045.900, 94
Trd, 259045.950, 84
Trd, 259046.033, 80
Trd, 259046.167, 95
Trd, 259046.617, 77
Trd, 259046.633, 76
Trd, 259047.283, 128
Trd, 259047.433, 99
Trd, 259047.483, 129
Trd, 259047.517, 131
Trd, 259047.900, 128
Trd, 259048.000, 127
Trd, 259048.017, 109
Trd, 259048.033, 98
Trd, 259048.200, 108
Trd, 259048.367, 134
Trd, 259049.217, 135
Trd, 259049.550, 137
Trd, 259049.567, 136
Trd, 259049.633, 134
Trd, 259049.800, 133
Trd, 259050.650, 133
Trd, 259050.817, 133
Trd, 259050.967, 133
Trd, 259051.250, 133
Trd, 259051.417, 132
Trd, 259051.950, 128
Trd, 259052.000, 127
Trd, 259052.500, 120
Trd, 259052.517, 119
Trd, 259052.900, 122
Trd, 259053.350, 137
Trd, 259053.517, 137
Trd, 259053.667, 136
Trd, 259053.717, 130
Trd, 259054.267, 120
Trd, 259054.283, 117
Trd, 259054.333, 104
Trd, 259054.933, 130
Trd, 259055.267, 121
Trd, 259055.367, 119
Trd, 259055.400, 133
Trd, 259055.567, 110
Trd, 259055.833, 134
Trd, 259056.117, 134
Trd, 259056.533, 123
Trd, 259056.817, 117
Trd, 259057.183, 126
Trd, 259057.267, 121
Trd, 259057.300, 119
Trd, 259057.517, 140
Trd, 259058.183, 140
Trd, 259058.350, 140
Trd, 259058.417, 140
Trd, 259058.617, 140
Trd, 259058.717, 140
Trd, 259058.833, 140
Trd, 259058.950, 140
Trd, 259059.117, 140
Trd, 259059.417, 131
Trd, 259059.750, 125
Trd, 259059.917, 125
Trd, 259060.017, 124
Trd, 259060.483, 121
Trd, 259060.550, 129
Trd, 259060.650, 121
Trd, 259060.667, 120
Trd, 259060.917, 128
Trd, 259061.183, 115
Trd, 259061.467, 123
Trd, 259061.583, 114
Trd, 259061.633, 113
Trd, 259061.667, 111
Trd, 259062.050, 127
Trd, 259062.200, 111
Trd, 259062.733, 129
Trd, 259062.750, 117
Trd, 259062.817, 100
Trd, 259062.933, 116
Trd, 259063.000, 96
Trd, 259063.383, 109
Trd, 259063.650, 84
Trd, 259064.350, 110
Trd, 259064.800, 133
Trd, 259064.850, 132
Trd, 259065.000, 132
Trd, 259065.100, 131
Trd, 259065.417, 110
Trd, 259065.767, 123
Trd, 259065.833, 116
Trd, 259065.900, 122
Trd, 259066.367, 137
Trd, 259066.400, 116
Trd, 259066.867, 131
Trd, 259067.083, 131
Trd, 259067.717, 133
Trd, 259067.833, 133
Trd, 259068.083, 133
Trd, 259068.117, 132
Trd, 259068.300, 134
Trd, 259068.317, 137
Trd, 259068.433, 123
Trd, 259068.567, 116
Trd, 259068.667, 115
Trd, 259068.683, 104
Trd, 259069.433, 132
Trd, 259069.733, 129
Trd, 259070.200, 124
Trd, 259070.400, 123
Trd, 259070.633, 124
Trd, 259070.800, 121
Trd, 259070.867, 127
Trd, 259071.150, 129
Trd, 259071.700, 138
Trd, 259072.800, 140
Trd, 259073.233, 140
Trd, 259073.317, 140
Trd, 259073.567, 140
Trd, 259073.633, 140
Trd, 259074.283, 140
Trd, 259075.033, 140
Trd, 259075.100, 140
Trd, 259075.183, 140
Trd, 259075.267, 140
Trd, 259075.367, 139
Trd, 259075.500, 139
Trd, 259075.883, 140
Trd, 259076.000, 140
Trd, 259076.033, 138
Trd, 259076.133, 140
Trd, 259076.233, 137
Trd, 259076.433, 132
Trd, 259076.783, 138
Trd, 259076.900, 127
Trd, 259076.933, 118
Trd, 259077.400, 106
Trd, 259077.617, 137
Trd, 259077.633, 136
Trd, 259077.883, 138
Trd, 259078.117, 140
Trd, 259078.283, 121
Trd, 259080.133, 140
Trd, 259080.400, 140
Trd, 259080.850, 140
Trd, 259080.933, 140
Trd, 259080.983, 140
Trd, 259081.067, 140
Trd, 259081.117, 140
Trd, 259081.317, 139
Trd, 259082.200, 140
Trd, 259082.317, 140
Trd, 259082.600, 140
Trd, 259082.633, 140
Trd, 259082.917, 140
Trd, 259083.550, 140
Trd, 259083.750, 139
Trd, 259083.800, 133
Trd, 259083.817, 130
Trd, 259083.883, 131
Trd, 259083.917, 129
Trd, 259084.000, 119
Trd, 259084.233, 140
Trd, 259084.250, 140
Trd, 259084.267, 119
Trd, 259085.083, 124
Trd, 259085.217, 115
Trd, 259085.517, 140
Trd, 259086.183, 130
Trd, 259086.600, 131
Trd, 259086.650, 130
Trd, 259086.683, 132
Trd, 259086.883, 122
Trd, 259086.917, 121
Trd, 259086.950, 111
Trd, 259087.233, 134
Trd, 259087.433, 134
Trd, 259087.517, 110
Trd, 259087.917, 134
Trd, 259088.183, 133
Trd, 259088.250, 113
Trd, 259088.550, 112
Trd, 259089.183, 133
Trd, 259090.217, 140
Trd, 259090.417, 134
Trd, 259090.683, 122
Trd, 259091.017, 125
Trd, 259091.083, 136
Trd, 259091.183, 139
Trd, 259091.250, 125
Trd, 259091.400, 125
Trd, 259091.467, 125
Trd, 259091.750, 119
Trd, 259092.117, 119
Trd, 259092.150, 116
Trd, 259092.167, 109
Trd, 259092.550, 140
Trd, 259092.733, 96
Trd, 259092.800, 96
Trd, 259093.533, 140
Trd, 259093.667, 125
Trd, 259093.700, 124
Trd, 259094.100, 129
Trd, 259094.800, 140
Trd, 259094.883, 140
Trd, 259094.983, 124
Trd, 259095.750, 140
Trd, 259096.233, 140
Trd, 259096.283, 140
Trd, 259096.300, 140
Trd, 259096.600, 122
Trd, 259096.817, 124
Trd, 259096.900, 122
Trd, 259097.000, 133
Trd, 259097.067, 132
Trd, 259097.683, 127
Trd, 259098.150, 135
Trd, 259098.817, 137
Trd, 259099.317, 131
Trd, 259099.417, 129
Trd, 259099.567, 129
Trd, 259099.583, 128
Trd, 259099.867, 137
Trd, 259099.917, 126
Trd, 259100.067, 125
Trd, 259100.717, 124
Trd, 259100.950, 134
Trd, 259101.100, 115
Trd, 259101.233, 115
Trd, 259101.300, 104
Trd, 259101.717, 124
Trd, 259102.083, 124
Trd, 259102.650, 123
Trd, 259102.783, 123
Trd, 259102.800, 122
Trd, 259102.833, 124
Trd, 259103.383, 108
Trd, 259103.467, 109
Trd, 259103.967, 123
Trd, 259104.117, 115
Trd, 259104.417, 113
Trd, 259104.433, 112
Trd, 259104.450, 109
Trd, 259104.617, 109
Trd, 259104.633, 124
Trd, 259104.950, 117
Trd, 259105.050, 111
Trd, 259105.450, 111
Trd, 259105.500, 118
Trd, 259105.533, 110
Trd, 259105.567, 108
Trd, 259105.633, 102
Trd, 259106.083, 105
Trd, 259106.417, 103
Trd, 259106.600, 120
Trd, 259106.717, 103
Trd, 259106.800, 103
Trd, 259107.250, 134
Trd, 259107.750, 113
Trd, 259108.067, 139
Trd, 259108.150, 102
Trd, 259108.167, 101
Trd, 259108.200, 97
Trd, 259108.617, 105
Trd, 259108.867, 104
Trd, 259108.983, 103
Trd, 259109.050, 98
Trd, 259109.150, 96
Trd, 259109.283, 132
Trd, 259109.367, 90
Trd, 259109.683, 80
Trd, 259110.383, 140
Trd, 259110.550, 140
Trd, 259110.583, 140
Trd, 259110.617, 140
Trd, 259110.783, 133
Trd, 259110.967, 126
Trd, 259111.017, 124
Trd, 259112.117, 113
Trd, 259112.167, 115
Trd, 259112.267, 118
Trd, 259112.283, 107
Trd, 259112.350, 106
Trd, 259112.750, 104
Trd, 259113.017, 104
Trd, 259113.350, 116
Trd, 259113.483, 103
Trd, 259113.667, 137
Trd, 259113.950, 104
Trd, 259114.417, 131
Trd, 259114.617, 129
Trd, 259114.867, 116
Trd, 259115.233, 111
Trd, 259115.433, 125
Trd, 259115.683, 113
Trd, 259115.750, 125
Trd, 259115.900, 112
Trd, 259115.917, 110
Trd, 259116.333, 123
Trd, 259116.400, 109
Trd, 259116.517, 127
Trd, 259116.650, 77
Trd, 259116.833, 130
Trd, 259117.033, 114
Trd, 259117.150, 113
Trd, 259117.200, 80
Trd, 259117.817, 134
Trd, 259118.233, 127
Trd, 259118.517, 125
Trd, 259118.733, 124
Trd, 259118.850, 129
Trd, 259119.183, 100
Trd, 259119.600, 117
Trd, 259119.783, 136
Trd, 259119.867, 124
Trd, 259120.483, 133
Trd, 259120.800, 131
Trd, 259120.833, 126
Trd, 259121.633, 126
Trd, 259121.650, 125
Trd, 259122.200, 130
Trd, 259122.400, 128
Trd, 259122.417, 130
Trd, 259122.483, 128
Trd, 259122.567, 127
Trd, 259122.667, 125
Trd, 259122.733, 130
Trd, 259123.183, 125
Trd, 259123.600, 126
Trd, 259123.733, 126
Trd, 259124.250, 125
Trd, 259124.633, 127
Trd, 259124.783, 139
Trd, 259124.867, 128
Trd, 259125.000, 128
Trd, 259125.050, 132
Trd, 259125.100, 127
Trd, 259125.500, 128
Trd, 259125.617, 128
Trd, 259125.867, 127
Trd, 259126.217, 119
Trd, 259126.567, 135
Trd, 259127.517, 140
Trd, 259127.767, 140
Trd, 259128.283, 137
Trd, 259128.383, 136
Trd, 259128.650, 132
Trd, 259129.400, 136
Trd, 259129.550, 137
Trd, 259129.650, 135
Trd, 259129.783, 131
Trd, 259129.983, 131
Trd, 259130.000, 138
Trd, 259130.167, 120
Trd, 259130.250, 125
Trd, 259130.350, 119
Trd, 259130.500, 138
Trd, 259130.583, 137
Trd, 259130.800, 130
Trd, 259131.100, 96
Trd, 259131.383, 118
Trd, 259131.467, 91
Trd, 259131.583, 90
Trd, 259131.633, 86
Trd, 259131.850, 134
Trd, 259131.933, 96
Trd, 259132.617, 120
Trd, 259132.917, 114
Trd, 259133.033, 133
Trd, 259133.150, 100
Trd, 259133.217, 99
Trd, 259133.283, 98
Trd, 259133.600, 91
Trd, 259133.767, 90
Trd, 259134.117, 130
Trd, 259134.183, 131
Trd, 259134.300, 119
Trd, 259134.333, 98
Trd, 259134.417, 97
Trd, 259134.467, 102
Trd, 259134.650, 134
Trd, 259134.950, 138
Trd, 259135.000, 137
Trd, 259135.050, 121
Trd, 259136.233, 126
Trd, 259136.367, 126
Trd, 259136.383, 125
Trd, 259136.567, 124
Trd, 259136.850, 128
Trd, 259137.283, 126
Trd, 259137.433, 127
Trd, 259137.483, 126
Trd, 259137.783, 126
Trd, 259137.967, 128
Trd, 259138.067, 125
Trd, 259138.150, 124
Trd, 259138.483, 78
Trd, 259139.000, 102
Trd, 259139.633, 105
Trd, 259139.767, 109
Trd, 259140.183, 117
Trd, 259140.317, 108
Trd, 259140.417, 107
Trd, 259140.667, 105
Trd, 259141.133, 116
Trd, 259141.283, 114
Trd, 259141.517, 113
Trd, 259141.783, 117
Trd, 259142.000, 118
Trd, 259142.267, 103
Trd, 259142.283, 119
Trd, 259142.400, 119
Trd, 259142.750, 92
Trd, 259143.050, 126
Trd, 259143.117, 88
Trd, 259143.167, 82
Trd, 259143.250, 94
Trd, 259143.433, 93
Trd, 259143.517, 76
Trd, 259143.683, 65
Trd, 259143.817, 135
Trd, 259144.083, 61
Trd, 259144.367, 60
Trd, 259144.450, 63
Trd, 259144.783, 62
Trd, 259144.900, 128
Trd, 259145.433, 118
Trd, 259145.600, 109
Trd, 259145.867, 129
Trd, 259146.033, 130
Trd, 259146.167, 139
Trd, 259146.700, 114
Trd, 259147.083, 140
Trd, 259147.167, 140
Trd, 259147.200, 140
Trd, 259147.267, 139
Trd, 259147.350, 116
Trd, 259148.417, 134
Trd, 259148.583, 134
Trd, 259148.767, 134
Trd, 259148.817, 133
Trd, 259149.250, 134
Trd, 259149.300, 133
Trd, 259149.317, 132
Trd, 259150.733, 140
Trd, 259150.983, 139
Trd, 259151.100, 139
Trd, 259151.167, 127
Trd, 259151.350, 127
Trd, 259151.383, 126
Trd, 259151.850, 126
Trd, 259152.267, 120
Trd, 259152.833, 127
Trd, 259152.900, 126
Trd, 259152.933, 119
Trd, 259153.000, 127
Trd, 259153.017, 117
Trd, 259153.167, 104
Trd, 259154.117, 115
Trd, 259154.383, 117
Trd, 259154.433, 116
Trd, 259154.483, 121
Trd, 259154.583, 115
Trd, 259154.633, 115
Trd, 259155.833, 140
Trd, 259155.883, 140
Trd, 259156.400, 140
Trd, 259156.433, 140
Trd, 259156.467, 140
Trd, 259156.550, 139
Trd, 259156.783, 140
Trd, 259157.067, 140
Trd, 259157.467, 139
Trd, 259157.650, 140
Trd, 259158.367, 140
Trd, 259158.383, 140
Trd, 259158.517, 139
Trd, 259158.667, 138
Trd, 259158.783, 136
Trd, 259159.067, 138
Trd, 259159.183, 138
Trd, 259159.217, 134
Trd, 259159.433, 133
Trd, 259160.317, 128
Trd, 259160.717, 132
Trd, 259160.750, 128
Trd, 259160.883, 127
Trd, 259160.967, 133
Trd, 259161.117, 140
Trd, 259161.567, 140
Trd, 259161.867, 140
Trd, 259162.233, 140
Trd, 259162.250, 140
Trd, 259162.633, 140
Trd, 259162.950, 140
Trd, 259163.600, 140
Trd, 259163.617, 131
Trd, 259163.767, 129
Trd, 259164.200, 128
Trd, 259164.717, 129
Trd, 259164.833, 128
Trd, 259165.317, 128
Trd, 259165.333, 127
Trd, 259165.550, 128
Trd, 259165.800, 119
Trd, 259165.950, 117
Trd, 259165.983, 116
Trd, 259166.017, 113
Trd, 259166.033, 108
Trd, 259166.050, 103
Trd, 259166.067, 97
Trd, 259166.117, 133
Trd, 259166.250, 129
Trd, 259166.400, 90
Trd, 259167.050, 140
Trd, 259167.117, 140
Trd, 259167.800, 129
Trd, 259168.217, 129
Trd, 259168.333, 128
Trd, 259168.350, 129
Trd, 259168.383, 130
Trd, 259168.433, 128
Trd, 259169.417, 140
Trd, 259169.433, 140
Trd, 259169.550, 140
Trd, 259169.767, 139
Trd, 259170.033, 139
Trd, 259170.467, 140
Trd, 259171.067, 140
Trd, 259171.283, 140
Trd, 259171.383, 139
Trd, 259171.917, 140
Trd, 259172.050, 139
Trd, 259172.183, 140
Trd, 259172.300, 140
Trd, 259172.700, 138
Trd, 259172.767, 117
Trd, 259173.100, 131
Trd, 259173.517, 123
Trd, 259173.633, 138
Trd, 259173.717, 123
Trd, 259173.967, 136
Trd, 259173.983, 135
Trd, 259174.050, 138
Trd, 259174.317, 136
Trd, 259174.433, 136
Trd, 259174.650, 136
Trd, 259174.700, 135
Trd, 259175.100, 130
Trd, 259175.200, 134
Trd, 259175.233, 118
Trd, 259175.267, 115
Trd, 259175.300, 111
Trd, 259175.550, 109
Trd, 259175.700, 98
Trd, 259175.933, 87
Trd, 259176.317, 140
Trd, 259176.350, 85
Trd, 259177.250, 81
Trd, 259177.317, 80
Trd, 259177.783, 102
Trd, 259178.233, 102
Trd, 259178.250, 103
Trd, 259178.283, 97
Trd, 259178.600, 72
Trd, 259178.800, 108
Trd, 259178.967, 73
Trd, 259179.167, 75
Trd, 259179.300, 76
Trd, 259179.350, 74
Trd, 259179.367, 73
Trd, 259179.517, 123
Trd, 259179.700, 90
Trd, 259179.750, 89
Trd, 259179.817, 88
Trd, 259179.833, 83
Trd, 259179.900, 88
Trd, 259180.000, 121
Trd, 259181.083, 116
Trd, 259181.633, 114
Trd, 259181.983, 104
Trd, 259182.017, 117
Trd, 259182.433, 109
Trd, 259182.450, 118
Trd, 259182.533, 106
Trd, 259183.017, 126
Trd, 259183.500, 128
Trd, 259183.517, 113
Trd, 259183.583, 108
Trd, 259183.600, 106
Trd, 259184.267, 117
Trd, 259184.750, 126
Trd, 259184.800, 120
Trd, 259184.867, 128
Trd, 259185.167, 121
Trd, 259185.417, 121
Trd, 259185.917, 126
Trd, 259185.933, 124
Trd, 259186.383, 128
Trd, 259186.433, 126
Trd, 259186.867, 128
Trd, 259186.917, 128
Trd, 259187.200, 127
Trd, 259187.467, 130
Trd, 259187.483, 129
Trd, 259187.533, 126
Trd, 259188.183, 140
Trd, 259188.200, 140
Trd, 259188.583, 140
Trd, 259189.000, 140
Trd, 259189.417, 139
Trd, 259189.500, 133
Trd, 259189.667, 125
Trd, 259189.883, 127
Trd, 259190.100, 137
Trd, 259190.283, 138
Trd, 259190.433, 126
Trd, 259190.583, 125
Trd, 259191.683, 126
Trd, 259192.033, 108
Trd, 259192.083, 131
Trd, 259192.100, 100
Trd, 259192.200, 126
Trd, 259192.383, 126
Trd, 259192.533, 100
Trd, 259192.883, 126
Trd, 259193.117, 128
Trd, 259193.250, 121
Trd, 259193.333, 108
Trd, 259193.383, 90
Trd, 259194.167, 115
Trd, 259194.250, 114
Trd, 259194.350, 122
Trd, 259194.533, 110
Trd, 259195.133, 108
Trd, 259195.233, 122
Trd, 259195.333, 107
Trd, 259195.817, 103
Trd, 259196.150, 103
Trd, 259196.233, 102
Trd, 259196.400, 118
Trd, 259196.500, 97
Trd, 259196.533, 95
Trd, 259196.650, 94
Trd, 259197.400, 97
Trd, 259197.467, 94
Trd, 259197.717, 103
Trd, 259198.117, 123
Trd, 259198.500, 108
Trd, 259199.117, 127
Trd, 259199.233, 122
Trd, 259199.433, 120
Trd, 259199.500, 129
Trd, 259199.667, 113
Trd, 259199.783, 112
Trd, 259199.833, 129
