Trd, 258606.400, 129
Trd, 258606.517, 119
Trd, 258606.783, 126
Trd, 258606.817, 115
Trd, 258606.900, 125
Trd, 258607.117, 124
Trd, 258607.917, 85
Trd, 258608.050, 120
Trd, 258608.183, 119
Trd, 258608.200, 85
Trd, 258608.250, 120
Trd, 258608.300, 69
Trd, 258608.833, 94
Trd, 258609.183, 107
Trd, 258609.250, 100
Trd, 258609.483, 118
Trd, 258609.667, 119
Trd, 258609.717, 122
Trd, 258609.783, 124
Trd, 258609.817, 103
Trd, 258610.067, 103
Trd, 258610.400, 127
Trd, 258610.700, 139
Trd, 258611.233, 140
Trd, 258611.467, 140
Trd, 258611.533, 140
Trd, 258611.633, 138
Trd, 258611.650, 138
Trd, 258611.683, 139
Trd, 258612.350, 140
Trd, 258612.383, 140
Trd, 258612.450, 140
Trd, 258612.733, 139
Trd, 258613.200, 140
Trd, 258613.383, 140
Trd, 258613.717, 134
Trd, 258614.000, 139
Trd, 258614.083, 134
Trd, 258614.117, 133
Trd, 258614.683, 140
Trd, 258614.800, 140
Trd, 258615.200, 140
Trd, 258615.233, 140
Trd, 258615.733, 140
Trd, 258616.067, 140
Trd, 258616.317, 139
Trd, 258616.517, 139
Trd, 258616.617, 139
Trd, 258616.767, 132
Trd, 258616.950, 130
Trd, 258617.150, 118
Trd, 258617.217, 137
Trd, 258617.417, 136
Trd, 258617.650, 135
Trd, 258617.667, 117
Trd, 258617.700, 92
Trd, 258617.883, 89
Trd, 258618.200, 134
Trd, 258618.350, 135
Trd, 258618.817, 91
Trd, 258618.933, 91
Trd, 258619.083, 90
Trd, 258619.167, 90
Trd, 258619.183, 91
Trd, 258619.267, 89
Trd, 258619.400, 91
Trd, 258619.417, 88
Trd, 258619.917, 89
Trd, 258620.000, 89
Trd, 258620.167, 61
Trd, 258620.333, 89
Trd, 258620.367, 90
Trd, 258620.700, 60
Trd, 258620.767, 89
Trd, 258620.800, 91
Trd, 258621.033, 70
Trd, 258621.433, 89
Trd, 258621.967, 61
Trd, 258622.200, 62
Trd, 258622.283, 90
Trd, 258622.467, 61
Trd, 258622.483, 68
Trd, 258622.950, 91
Trd, 258623.067, 67
Trd, 258623.617, 115
Trd, 258624.033, 135
Trd, 258624.267, 114
Trd, 258624.667, 140
Trd, 258625.067, 140
Trd, 258625.283, 140
Trd, 258625.367, 140
Trd, 258625.500, 137
Trd, 258625.750, 130
Trd, 258626.100, 140
Trd, 258626.300, 139
Trd, 258626.700, 140
Trd, 258626.933, 140
Trd, 258627.233, 140
Trd, 258627.333, 139
Trd, 258627.650, 137
Trd, 258627.800, 133
Trd, 258627.867, 125
Trd, 258627.983, 123
Trd, 258628.233, 104
Trd, 258628.900, 140
Trd, 258628.933, 140
Trd, 258629.183, 140
Trd, 258629.217, 139
Trd, 258629.433, 140
Trd, 258629.633, 139
Trd, 258629.733, 138
Trd, 258630.150, 88
Trd, 258630.367, 135
Trd, 258630.617, 138
Trd, 258630.867, 102
Trd, 258631.550, 133
Trd, 258631.600, 91
Trd, 258631.633, 88
Trd, 258632.000, 87
Trd, 258632.033, 88
Trd, 258632.167, 60
Trd, 258632.417, 72
Trd, 258632.500, 85
Trd, 258632.883, 100
Trd, 258633.267, 96
Trd, 258633.300, 100
Trd, 258633.317, 101
Trd, 258633.583, 98
Trd, 258633.783, 98
Trd, 258633.817, 101
Trd, 258633.950, 101
Trd, 258634.233, 101
Trd, 258634.250, 102
Trd, 258634.300, 103
Trd, 258634.933, 140
Trd, 258635.317, 140
Trd, 258635.433, 140
Trd, 258635.583, 140
Trd, 258635.767, 140
Trd, 258635.933, 140
Trd, 258636.100, 139
Trd, 258636.317, 140
Trd, 258636.500, 136
Trd, 258636.750, 126
Trd, 258636.933, 124
Trd, 258637.133, 133
Trd, 258637.150, 136
Trd, 258637.250, 99
Trd, 258637.450, 136
Trd, 258637.467, 121
Trd, 258637.550, 120
Trd, 258637.567, 71
Trd, 258637.600, 64
Trd, 258638.300, 133
Trd, 258638.667, 137
Trd, 258638.700, 129
Trd, 258638.867, 88
Trd, 258639.333, 140
Trd, 258639.517, 140
Trd, 258639.600, 140
Trd, 258639.633, 140
Trd, 258639.950, 140
Trd, 258640.700, 140
Trd, 258640.767, 140
Trd, 258640.867, 140
Trd, 258640.950, 140
Trd, 258641.683, 140
Trd, 258641.783, 140
Trd, 258641.817, 140
Trd, 258642.033, 140
Trd, 258642.417, 140
Trd, 258642.550, 140
Trd, 258642.817, 140
Trd, 258643.150, 140
Trd, 258643.267, 140
Trd, 258644.033, 140
Trd, 258644.133, 140
Trd, 258644.200, 140
Trd, 258644.233, 140
Trd, 258644.350, 139
Trd, 258644.367, 139
Trd, 258644.533, 132
Trd, 258645.083, 130
Trd, 258645.450, 128
Trd, 258645.483, 123
Trd, 258645.900, 126
Trd, 258646.000, 124
Trd, 258646.250, 125
Trd, 258646.267, 124
Trd, 258646.333, 123
Trd, 258646.400, 126
Trd, 258646.483, 130
Trd, 258646.800, 118
Trd, 258646.900, 110
Trd, 258647.083, 140
Trd, 258647.133, 133
Trd, 258647.183, 79
Trd, 258647.367, 140
Trd, 258647.683, 140
Trd, 258647.817, 139
Trd, 258647.833, 139
Trd, 258648.117, 139
Trd, 258648.367, 140
Trd, 258648.550, 140
Trd, 258648.600, 140
Trd, 258648.933, 140
Trd, 258648.950, 140
Trd, 258649.050, 139
Trd, 258649.333, 137
Trd, 258649.550, 124
Trd, 258649.600, 83
Trd, 258649.850, 98
Trd, 258649.883, 73
Trd, 258650.133, 70
Trd, 258650.317, 69
Trd, 258650.350, 90
Trd, 258650.550, 81
Trd, 258651.267, 68
Trd, 258651.433, 85
Trd, 258651.633, 77
Trd, 258651.783, 84
Trd, 258652.217, 82
Trd, 258652.417, 83
Trd, 258652.717, 81
Trd, 258652.850, 81
Trd, 258652.917, 82
Trd, 258652.933, 83
Trd, 258652.967, 84
Trd, 258653.000, 86
Trd, 258653.100, 87
Trd, 258653.333, 83
Trd, 258653.400, 82
Trd, 258654.033, 86
Trd, 258654.183, 87
Trd, 258654.233, 67
Trd, 258654.600, 91
Trd, 258654.750, 67
Trd, 258654.933, 91
Trd, 258655.650, 140
Trd, 258655.667, 140
Trd, 258655.967, 140
Trd, 258655.983, 140
Trd, 258656.083, 138
Trd, 258656.333, 138
Trd, 258656.467, 138
Trd, 258656.667, 137
Trd, 258656.900, 140
Trd, 258656.950, 140
Trd, 258657.067, 133
Trd, 258657.650, 139
Trd, 258657.750, 140
Trd, 258657.933, 139
Trd, 258657.950, 138
Trd, 258658.167, 134
Trd, 258658.467, 131
Trd, 258658.517, 130
Trd, 258658.617, 130
Trd, 258658.733, 129
Trd, 258658.783, 124
Trd, 258659.100, 130
Trd, 258659.133, 111
Trd, 258659.650, 112
Trd, 258659.667, 130
Trd, 258659.750, 132
Trd, 258659.883, 136
Trd, 258660.050, 137
Trd, 258660.550, 115
Trd, 258660.783, 140
Trd, 258661.100, 140
Trd, 258661.550, 140
Trd, 258661.933, 140
Trd, 258661.967, 140
Trd, 258662.567, 140
Trd, 258662.817, 140
Trd, 258663.183, 140
Trd, 258664.450, 140
Trd, 258664.533, 140
Trd, 258664.650, 140
Trd, 258664.683, 140
Trd, 258665.217, 140
Trd, 258665.433, 140
Trd, 258666.033, 140
Trd, 258666.233, 140
Trd, 258666.283, 140
Trd, 258666.350, 140
Trd, 258666.367, 140
Trd, 258666.533, 140
Trd, 258666.550, 139
Trd, 258666.583, 138
Trd, 258666.633, 138
Trd, 258666.700, 138
Trd, 258666.833, 136
Trd, 258666.900, 139
Trd, 258666.983, 136
Trd, 258667.400, 136
Trd, 258667.533, 136
Trd, 258667.600, 135
Trd, 258667.733, 125
Trd, 258667.750, 137
Trd, 258667.783, 123
Trd, 258667.850, 138
Trd, 258668.783, 140
Trd, 258668.850, 140
Trd, 258668.917, 139
Trd, 258669.000, 136
Trd, 258669.017, 110
Trd, 258669.117, 94
Trd, 258669.700, 139
Trd, 258669.717, 138
Trd, 258669.733, 93
Trd, 258670.567, 126
Trd, 258670.633, 120
Trd, 258670.667, 119
Trd, 258670.700, 73
Trd, 258671.267, 140
Trd, 258671.283, 140
Trd, 258671.300, 140
Trd, 258671.383, 73
Trd, 258671.433, 71
Trd, 258671.550, 140
Trd, 258671.867, 139
Trd, 258672.067, 139
Trd, 258672.117, 140
Trd, 258672.250, 140
Trd, 258672.467, 139
Trd, 258672.933, 140
Trd, 258673.167, 140
Trd, 258673.233, 139
Trd, 258673.300, 138
Trd, 258673.450, 134
Trd, 258673.717, 140
Trd, 258674.050, 124
Trd, 258675.017, 140
Trd, 258675.283, 140
Trd, 258675.383, 137
Trd, 258675.650, 140
Trd, 258675.817, 140
Trd, 258676.833, 140
Trd, 258676.967, 140
Trd, 258677.050, 140
Trd, 258677.133, 140
Trd, 258677.167, 140
Trd, 258677.267, 140
Trd, 258677.383, 139
Trd, 258677.833, 140
Trd, 258677.967, 138
Trd, 258678.017, 137
Trd, 258678.133, 139
Trd, 258678.233, 132
Trd, 258678.583, 120
Trd, 258678.867, 120
Trd, 258678.883, 121
Trd, 258679.167, 114
Trd, 258679.383, 115
Trd, 258679.900, 117
Trd, 258679.917, 116
Trd, 258680.167, 115
Trd, 258680.250, 114
Trd, 258680.267, 110
Trd, 258680.317, 105
Trd, 258680.400, 89
Trd, 258680.850, 112
Trd, 258681.250, 104
Trd, 258681.350, 112
Trd, 258681.383, 103
Trd, 258681.433, 113
Trd, 258681.700, 69
Trd, 258681.767, 63
Trd, 258682.000, 88
Trd, 258682.150, 90
Trd, 258682.817, 69
Trd, 258683.000, 65
Trd, 258683.033, 77
Trd, 258683.167, 65
Trd, 258683.233, 72
Trd, 258683.583, 77
Trd, 258683.917, 74
Trd, 258684.333, 82
Trd, 258684.700, 62
Trd, 258684.900, 85
Trd, 258685.317, 84
Trd, 258685.500, 85
Trd, 258685.867, 84
Trd, 258686.083, 84
Trd, 258686.133, 85
Trd, 258686.233, 104
Trd, 258686.317, 69
Trd, 258686.467, 122
Trd, 258686.550, 101
Trd, 258686.933, 120
Trd, 258687.117, 96
Trd, 258687.217, 95
Trd, 258687.250, 90
Trd, 258687.383, 90
Trd, 258687.583, 93
Trd, 258687.667, 113
Trd, 258687.900, 111
Trd, 258687.933, 91
Trd, 258687.983, 91
Trd, 258688.517, 95
Trd, 258688.600, 107
Trd, 258688.633, 110
Trd, 258689.017, 113
Trd, 258689.100, 114
Trd, 258689.583, 120
Trd, 258689.767, 121
Trd, 258689.783, 119
Trd, 258690.233, 140
Trd, 258690.467, 140
Trd, 258690.600, 140
Trd, 258690.850, 140
Trd, 258691.100, 140
Trd, 258691.467, 139
Trd, 258691.550, 139
Trd, 258691.900, 140
Trd, 258692.250, 140
Trd, 258692.400, 140
Trd, 258692.700, 139
Trd, 258693.000, 138
Trd, 258693.150, 133
Trd, 258693.250, 138
Trd, 258693.333, 131
Trd, 258693.533, 139
Trd, 258693.600, 132
Trd, 258693.617, 131
Trd, 258693.817, 137
Trd, 258694.133, 136
Trd, 258694.150, 135
Trd, 258694.350, 138
Trd, 258694.633, 120
Trd, 258694.750, 137
Trd, 258694.883, 138
Trd, 258695.733, 102
Trd, 258695.833, 138
Trd, 258695.883, 101
Trd, 258696.000, 138
Trd, 258696.117, 139
Trd, 258696.283, 105
Trd, 258696.583, 82
Trd, 258696.667, 136
Trd, 258697.417, 115
Trd, 258697.933, 140
Trd, 258698.033, 140
Trd, 258698.133, 140
Trd, 258698.267, 140
Trd, 258698.333, 140
Trd, 258698.500, 138
Trd, 258698.733, 119
Trd, 258699.167, 138
Trd, 258699.683, 119
Trd, 258699.817, 134
Trd, 258700.267, 133
Trd, 258700.550, 127
Trd, 258700.800, 116
Trd, 258700.867, 112
Trd, 258700.883, 112
Trd, 258701.033, 113
Trd, 258701.100, 119
Trd, 258701.117, 112
Trd, 258701.133, 120
Trd, 258701.400, 119
Trd, 258701.417, 120
Trd, 258701.583, 121
Trd, 258701.600, 112
Trd, 258701.833, 113
Trd, 258701.850, 112
Trd, 258701.917, 121
Trd, 258702.267, 135
Trd, 258702.483, 140
Trd, 258703.500, 140
Trd, 258703.517, 140
Trd, 258703.550, 116
Trd, 258704.050, 140
Trd, 258704.150, 140
Trd, 258704.267, 140
Trd, 258704.433, 115
Trd, 258705.067, 116
Trd, 258705.117, 115
Trd, 258705.233, 109
Trd, 258705.267, 130
Trd, 258705.417, 84
Trd, 258705.550, 124
Trd, 258705.700, 71
Trd, 258705.733, 72
Trd, 258705.883, 62
Trd, 258705.967, 127
Trd, 258706.000, 99
Trd, 258706.300, 131
Trd, 258706.533, 119
Trd, 258706.550, 137
Trd, 258707.350, 139
Trd, 258707.883, 111
Trd, 258707.900, 109
Trd, 258707.983, 108
Trd, 258708.150, 140
Trd, 258708.233, 107
Trd, 258708.717, 140
Trd, 258709.317, 128
Trd, 258709.483, 99
Trd, 258709.567, 101
Trd, 258709.933, 118
Trd, 258710.183, 103
Trd, 258710.233, 115
Trd, 258710.250, 103
Trd, 258710.367, 116
Trd, 258710.450, 133
Trd, 258710.500, 102
Trd, 258710.667, 102
Trd, 258710.867, 103
Trd, 258711.300, 103
Trd, 258711.517, 103
Trd, 258711.850, 103
Trd, 258712.117, 116
Trd, 258712.217, 115
Trd, 258712.233, 117
Trd, 258712.250, 119
Trd, 258712.483, 103
Trd, 258712.717, 114
Trd, 258712.733, 116
Trd, 258712.817, 118
Trd, 258712.967, 118
Trd, 258713.000, 103
Trd, 258713.133, 102
Trd, 258713.600, 117
Trd, 258713.650, 92
Trd, 258714.067, 93
Trd, 258714.383, 116
Trd, 258714.450, 117
Trd, 258714.550, 83
Trd, 258714.650, 117
Trd, 258714.733, 120
Trd, 258714.950, 130
Trd, 258715.150, 60
Trd, 258715.233, 63
Trd, 258715.400, 60
Trd, 258715.467, 60
Trd, 258715.617, 61
Trd, 258715.700, 64
Trd, 258715.717, 65
Trd, 258715.883, 76
Trd, 258716.500, 61
Trd, 258716.600, 64
Trd, 258716.667, 65
Trd, 258717.350, 67
Trd, 258717.533, 67
Trd, 258717.833, 69
Trd, 258718.000, 74
Trd, 258718.133, 69
Trd, 258718.200, 69
Trd, 258718.267, 68
Trd, 258718.400, 67
Trd, 258718.483, 63
Trd, 258718.517, 91
Trd, 258718.700, 64
Trd, 258718.833, 65
Trd, 258719.017, 73
Trd, 258719.450, 98
Trd, 258719.817, 104
Trd, 258720.433, 101
Trd, 258720.467, 98
Trd, 258720.617, 98
Trd, 258720.750, 94
Trd, 258720.967, 98
Trd, 258721.133, 75
Trd, 258721.200, 72
Trd, 258721.333, 71
Trd, 258721.567, 99
Trd, 258721.683, 99
Trd, 258721.933, 100
Trd, 258721.967, 101
Trd, 258722.017, 100
Trd, 258722.167, 100
Trd, 258722.233, 101
Trd, 258722.267, 102
Trd, 258722.600, 122
Trd, 258723.050, 140
Trd, 258723.333, 140
Trd, 258723.583, 140
Trd, 258723.983, 112
Trd, 258724.033, 121
Trd, 258724.167, 111
Trd, 258724.300, 116
Trd, 258724.350, 85
Trd, 258724.867, 84
Trd, 258725.050, 85
Trd, 258725.333, 140
Trd, 258725.617, 140
Trd, 258725.867, 139
Trd, 258725.883, 135
Trd, 258725.933, 126
Trd, 258726.117, 115
Trd, 258727.083, 140
Trd, 258727.283, 136
Trd, 258727.683, 60
Trd, 258727.733, 60
Trd, 258727.900, 60
Trd, 258727.950, 60
Trd, 258728.267, 60
Trd, 258728.317, 60
Trd, 258728.367, 60
Trd, 258728.450, 60
Trd, 258728.550, 60
Trd, 258728.600, 60
Trd, 258728.683, 65
Trd, 258728.917, 61
Trd, 258729.117, 67
Trd, 258729.183, 88
Trd, 258729.333, 62
Trd, 258729.450, 90
Trd, 258729.617, 62
Trd, 258729.750, 61
Trd, 258729.800, 72
Trd, 258729.917, 96
Trd, 258730.083, 73
Trd, 258730.633, 72
Trd, 258731.133, 106
Trd, 258731.167, 105
Trd, 258731.233, 108
Trd, 258732.000, 103
Trd, 258732.150, 103
Trd, 258732.217, 105
Trd, 258732.250, 102
Trd, 258732.633, 101
Trd, 258732.850, 100
Trd, 258732.983, 101
Trd, 258733.033, 99
Trd, 258733.050, 102
Trd, 258733.233, 104
Trd, 258733.517, 111
Trd, 258733.950, 115
Trd, 258734.217, 107
Trd, 258734.317, 106
Trd, 258734.567, 114
Trd, 258734.633, 106
Trd, 258734.667, 105
Trd, 258734.783, 103
Trd, 258734.833, 102
Trd, 258735.033, 98
Trd, 258735.083, 111
Trd, 258735.250, 111
Trd, 258735.783, 89
Trd, 258735.950, 105
Trd, 258736.450, 102
Trd, 258736.500, 103
Trd, 258736.650, 106
Trd, 258736.933, 90
Trd, 258737.250, 92
Trd, 258737.450, 93
Trd, 258737.550, 105
Trd, 258737.850, 93
Trd, 258737.867, 104
Trd, 258738.100, 102
Trd, 258738.183, 103
Trd, 258738.450, 108
Trd, 258738.767, 103
Trd, 258738.783, 132
Trd, 258739.067, 92
Trd, 258739.250, 84
Trd, 258739.417, 84
Trd, 258739.467, 126
Trd, 258739.617, 127
Trd, 258739.700, 127
Trd, 258739.867, 116
Trd, 258739.883, 95
Trd, 258739.917, 84
Trd, 258740.200, 83
Trd, 258740.300, 69
Trd, 258740.450, 127
Trd, 258740.583, 117
Trd, 258741.017, 121
Trd, 258741.100, 80
Trd, 258741.133, 79
Trd, 258741.233, 75
Trd, 258741.617, 60
Trd, 258741.733, 61
Trd, 258741.850, 76
Trd, 258741.933, 77
Trd, 258742.150, 125
Trd, 258742.450, 127
Trd, 258742.700, 61
Trd, 258742.767, 127
Trd, 258742.833, 64
Trd, 258742.883, 60
Trd, 258743.367, 129
Trd, 258743.600, 139
Trd, 258743.950, 62
Trd, 258744.150, 66
Trd, 258744.200, 67
Trd, 258744.833, 81
Trd, 258744.850, 121
Trd, 258744.933, 120
Trd, 258745.350, 77
Trd, 258745.383, 119
Trd, 258745.767, 105
Trd, 258746.000, 104
Trd, 258746.017, 100
Trd, 258746.250, 102
Trd, 258746.317, 102
Trd, 258746.350, 100
Trd, 258746.433, 103
Trd, 258746.833, 103
Trd, 258746.850, 79
Trd, 258746.933, 104
Trd, 258747.167, 79
Trd, 258747.317, 140
Trd, 258747.367, 131
Trd, 258747.483, 65
Trd, 258747.817, 138
Trd, 258748.117, 125
Trd, 258748.383, 140
Trd, 258748.650, 140
Trd, 258748.750, 140
Trd, 258748.900, 140
Trd, 258749.050, 140
Trd, 258749.483, 140
Trd, 258749.633, 140
Trd, 258750.000, 140
Trd, 258750.317, 140
Trd, 258750.683, 140
Trd, 258751.233, 140
Trd, 258751.500, 140
Trd, 258751.583, 140
Trd, 258752.250, 140
Trd, 258752.383, 140
Trd, 258752.433, 140
Trd, 258752.450, 140
Trd, 258752.667, 139
Trd, 258752.700, 139
Trd, 258752.933, 129
Trd, 258753.017, 128
Trd, 258753.083, 138
Trd, 258753.350, 137
Trd, 258753.400, 137
Trd, 258753.583, 128
Trd, 258753.633, 136
Trd, 258753.717, 126
Trd, 258753.750, 93
Trd, 258754.133, 126
Trd, 258754.283, 110
Trd, 258754.833, 124
Trd, 258754.867, 86
Trd, 258755.383, 71
Trd, 258755.400, 119
Trd, 258755.467, 119
Trd, 258755.867, 109
Trd, 258756.067, 117
Trd, 258756.250, 109
Trd, 258756.333, 115
Trd, 258756.950, 113
Trd, 258756.967, 114
Trd, 258757.033, 113
Trd, 258757.117, 112
Trd, 258757.150, 115
Trd, 258757.250, 108
Trd, 258757.283, 103
Trd, 258757.367, 117
Trd, 258757.600, 109
Trd, 258758.017, 116
Trd, 258758.483, 115
Trd, 258758.500, 117
Trd, 258758.633, 118
Trd, 258758.767, 101
Trd, 258758.800, 124
Trd, 258758.983, 100
Trd, 258759.117, 124
Trd, 258759.550, 140
Trd, 258759.817, 140
Trd, 258759.850, 96
Trd, 258760.300, 87
Trd, 258760.317, 86
Trd, 258761.117, 140
Trd, 258761.667, 140
Trd, 258761.767, 140
Trd, 258761.833, 140
Trd, 258762.167, 140
Trd, 258762.400, 140
Trd, 258762.467, 140
Trd, 258762.500, 139
Trd, 258762.700, 139
Trd, 258763.217, 140
Trd, 258763.233, 140
Trd, 258763.867, 140
Trd, 258764.067, 140
Trd, 258764.150, 140
Trd, 258765.267, 140
Trd, 258765.417, 140
Trd, 258765.683, 140
Trd, 258765.983, 140
Trd, 258766.017, 140
Trd, 258766.967, 140
Trd, 258767.183, 140
Trd, 258767.517, 140
Trd, 258767.667, 140
Trd, 258767.700, 140
Trd, 258767.750, 140
Trd, 258767.783, 140
Trd, 258767.917, 140
Trd, 258768.100, 140
Trd, 258768.167, 139
Trd, 258768.233, 139
Trd, 258768.317, 139
Trd, 258768.450, 136
Trd, 258768.683, 137
Trd, 258768.717, 136
Trd, 258769.067, 137
Trd, 258769.217, 135
Trd, 258769.600, 127
Trd, 258769.733, 117
Trd, 258769.917, 115
Trd, 258769.967, 127
Trd, 258770.050, 128
Trd, 258770.167, 127
Trd, 258770.200, 102
Trd, 258770.267, 128
Trd, 258770.383, 100
Trd, 258770.417, 130
Trd, 258770.783, 101
Trd, 258770.833, 127
Trd, 258771.050, 100
Trd, 258771.550, 140
Trd, 258771.933, 140
Trd, 258772.233, 140
Trd, 258772.267, 140
Trd, 258772.450, 140
Trd, 258773.067, 140
Trd, 258774.117, 140
Trd, 258774.333, 140
Trd, 258774.567, 140
Trd, 258774.650, 140
Trd, 258774.783, 140
Trd, 258774.800, 140
Trd, 258774.867, 140
Trd, 258774.967, 140
Trd, 258775.000, 139
Trd, 258775.133, 140
Trd, 258775.233, 139
Trd, 258775.350, 139
Trd, 258775.400, 132
Trd, 258775.500, 131
Trd, 258775.550, 140
Trd, 258775.850, 119
Trd, 258775.933, 138
Trd, 258776.083, 136
Trd, 258776.333, 118
Trd, 258776.717, 133
Trd, 258776.733, 108
Trd, 258776.750, 107
Trd, 258776.767, 86
Trd, 258776.900, 131
Trd, 258776.950, 85
Trd, 258777.433, 134
Trd, 258777.550, 92
Trd, 258777.800, 92
Trd, 258778.033, 135
Trd, 258778.383, 98
Trd, 258778.650, 138
Trd, 258778.817, 139
Trd, 258778.883, 140
Trd, 258779.000, 133
Trd, 258779.283, 128
Trd, 258779.383, 117
Trd, 258779.433, 116
Trd, 258780.133, 140
Trd, 258780.200, 140
Trd, 258780.600, 140
Trd, 258780.717, 140
Trd, 258780.767, 140
Trd, 258780.817, 140
Trd, 258781.100, 140
Trd, 258781.167, 140
Trd, 258781.517, 140
Trd, 258781.567, 140
Trd, 258781.650, 140
Trd, 258781.667, 139
Trd, 258781.750, 137
Trd, 258781.950, 138
Trd, 258781.967, 126
Trd, 258782.083, 137
Trd, 258782.117, 139
Trd, 258783.000, 133
Trd, 258783.333, 134
Trd, 258783.450, 134
Trd, 258783.600, 131
Trd, 258783.683, 135
Trd, 258783.800, 81
Trd, 258784.217, 127
Trd, 258784.317, 129
Trd, 258784.350, 74
Trd, 258784.367, 130
Trd, 258784.817, 131
Trd, 258785.067, 63
Trd, 258785.283, 67
Trd, 258785.500, 68
Trd, 258786.100, 67
Trd, 258786.250, 68
Trd, 258786.600, 66
Trd, 258786.783, 66
Trd, 258786.883, 66
Trd, 258786.917, 65
Trd, 258787.133, 66
Trd, 258787.217, 67
Trd, 258787.350, 68
Trd, 258787.483, 63
Trd, 258787.900, 83
Trd, 258788.050, 84
Trd, 258788.117, 88
Trd, 258788.317, 64
Trd, 258788.567, 111
Trd, 258788.717, 139
Trd, 258788.883, 138
Trd, 258789.200, 140
Trd, 258789.317, 88
Trd, 258789.767, 139
Trd, 258790.433, 140
Trd, 258790.550, 139
Trd, 258790.883, 129
Trd, 258791.033, 130
Trd, 258791.083, 129
Trd, 258791.417, 139
Trd, 258791.850, 130
Trd, 258791.867, 128
Trd, 258792.617, 140
Trd, 258792.800, 140
Trd, 258792.817, 139
Trd, 258792.833, 127
Trd, 258792.983, 138
Trd, 258793.017, 137
Trd, 258793.650, 131
Trd, 258793.750, 129
Trd, 258793.817, 128
Trd, 258793.867, 127
Trd, 258793.900, 129
Trd, 258794.233, 128
Trd, 258794.333, 127
Trd, 258794.400, 127
Trd, 258794.500, 120
Trd, 258794.883, 126
Trd, 258794.900, 127
Trd, 258795.133, 129
Trd, 258795.683, 122
Trd, 258795.800, 117
Trd, 258795.850, 93
Trd, 258795.883, 124
Trd, 258795.967, 126
Trd, 258796.217, 109
Trd, 258796.450, 127
Trd, 258796.517, 121
Trd, 258796.683, 72
Trd, 258797.150, 96
Trd, 258797.200, 97
Trd, 258797.567, 73
Trd, 258797.583, 72
Trd, 258797.667, 71
Trd, 258798.200, 61
Trd, 258798.550, 62
Trd, 258798.983, 60
Trd, 258799.067, 61
Trd, 258799.100, 62
Trd, 258799.300, 62
Trd, 258799.367, 61
Trd, 258799.633, 61
Trd, 258800.400, 60
Trd, 258800.533, 60
Trd, 258800.600, 61
Trd, 258800.700, 60
Trd, 258800.733, 61
Trd, 258800.817, 85
Trd, 258801.000, 140
Trd, 258801.467, 63
Trd, 258801.650, 64
Trd, 258802.150, 76
Trd, 258802.433, 77
Trd, 258802.450, 76
Trd, 258802.617, 94
Trd, 258802.917, 74
Trd, 258802.933, 93
Trd, 258802.950, 72
Trd, 258803.133, 70
Trd, 258803.317, 69
Trd, 258803.383, 92
Trd, 258803.633, 71
Trd, 258803.767, 91
Trd, 258803.900, 92
Trd, 258804.033, 93
Trd, 258804.250, 74
Trd, 258804.583, 68
Trd, 258805.000, 140
Trd, 258805.350, 140
Trd, 258805.617, 140
Trd, 258805.883, 140
Trd, 258806.217, 140
Trd, 258806.233, 140
Trd, 258806.250, 134
Trd, 258806.833, 140
Trd, 258806.883, 134
Trd, 258807.000, 140
Trd, 258807.133, 115
Trd, 258807.333, 140
Trd, 258807.450, 140
Trd, 258807.600, 140
Trd, 258807.767, 138
Trd, 258807.800, 140
Trd, 258807.933, 136
Trd, 258808.167, 135
Trd, 258808.267, 132
Trd, 258808.350, 136
Trd, 258808.417, 129
Trd, 258808.483, 128
Trd, 258808.667, 117
Trd, 258808.733, 109
Trd, 258808.883, 137
Trd, 258809.133, 140
Trd, 258809.350, 140
Trd, 258809.500, 111
Trd, 258809.850, 135
Trd, 258810.000, 108
Trd, 258810.417, 135
Trd, 258810.550, 105
Trd, 258811.033, 131
Trd, 258811.067, 132
Trd, 258811.367, 122
Trd, 258811.383, 121
Trd, 258811.683, 117
Trd, 258811.817, 129
Trd, 258812.000, 118
Trd, 258812.300, 116
Trd, 258812.450, 121
Trd, 258812.467, 127
Trd, 258813.350, 110
Trd, 258813.650, 115
Trd, 258813.700, 109
Trd, 258813.717, 116
Trd, 258813.767, 117
Trd, 258813.883, 108
Trd, 258814.083, 118
Trd, 258814.100, 107
Trd, 258814.183, 94
Trd, 258814.300, 115
Trd, 258814.667, 115
Trd, 258814.850, 60
Trd, 258814.950, 61
Trd, 258815.133, 64
Trd, 258815.333, 64
Trd, 258815.483, 68
Trd, 258815.783, 68
Trd, 258815.933, 67
Trd, 258815.967, 68
Trd, 258816.167, 69
Trd, 258816.283, 68
Trd, 258816.417, 68
Trd, 258816.550, 68
Trd, 258816.567, 120
Trd, 258816.617, 67
Trd, 258816.867, 66
Trd, 258816.967, 65
Trd, 258817.033, 66
Trd, 258817.067, 67
Trd, 258818.067, 140
Trd, 258818.200, 140
Trd, 258818.283, 140
Trd, 258818.483, 140
Trd, 258818.500, 123
Trd, 258818.617, 138
Trd, 258819.083, 140
Trd, 258819.133, 140
Trd, 258819.250, 108
Trd, 258819.433, 137
Trd, 258821.300, 60
Trd, 258821.417, 60
Trd, 258821.467, 60
Trd, 258821.500, 60
Trd, 258821.583, 60
Trd, 258821.617, 60
Trd, 258821.633, 60
Trd, 258821.650, 60
Trd, 258821.850, 62
Trd, 258821.933, 62
Trd, 258822.083, 61
Trd, 258822.150, 62
Trd, 258822.317, 62
Trd, 258822.600, 62
Trd, 258822.633, 63
Trd, 258822.650, 62
Trd, 258822.767, 68
Trd, 258822.933, 71
Trd, 258823.283, 72
Trd, 258823.433, 73
Trd, 258823.633, 63
Trd, 258824.183, 60
Trd, 258824.667, 60
Trd, 258824.917, 60
Trd, 258825.067, 60
Trd, 258825.167, 60
Trd, 258825.333, 66
Trd, 258825.483, 67
Trd, 258825.800, 60
Trd, 258825.867, 64
Trd, 258825.950, 84
Trd, 258826.083, 71
Trd, 258826.533, 68
Trd, 258826.733, 131
Trd, 258827.000, 105
Trd, 258827.083, 104
Trd, 258827.400, 71
Trd, 258827.767, 67
Trd, 258827.983, 69
Trd, 258828.417, 74
Trd, 258828.550, 101
Trd, 258828.983, 84
Trd, 258829.017, 98
Trd, 258829.083, 83
Trd, 258829.183, 83
Trd, 258829.350, 82
Trd, 258829.533, 80
Trd, 258829.583, 67
Trd, 258829.617, 93
Trd, 258829.683, 67
Trd, 258829.850, 94
Trd, 258830.067, 96
Trd, 258830.483, 93
Trd, 258830.967, 63
Trd, 258831.700, 60
Trd, 258831.733, 60
Trd, 258832.017, 61
Trd, 258832.300, 78
Trd, 258832.717, 81
Trd, 258832.867, 77
Trd, 258832.917, 73
Trd, 258833.067, 75
Trd, 258833.133, 80
Trd, 258833.317, 79
Trd, 258833.383, 79
Trd, 258833.433, 79
Trd, 258833.517, 80
Trd, 258833.617, 78
Trd, 258833.633, 80
Trd, 258833.900, 76
Trd, 258833.983, 81
Trd, 258834.183, 76
Trd, 258834.383, 88
Trd, 258834.450, 95
Trd, 258835.017, 140
Trd, 258835.150, 139
Trd, 258835.433, 137
Trd, 258835.467, 96
Trd, 258835.517, 93
Trd, 258835.733, 137
Trd, 258835.917, 79
Trd, 258836.067, 78
Trd, 258836.083, 77
Trd, 258836.300, 137
Trd, 258836.433, 136
Trd, 258836.483, 117
Trd, 258837.050, 131
Trd, 258837.083, 132
Trd, 258837.217, 119
Trd, 258837.650, 120
Trd, 258837.667, 119
Trd, 258837.833, 127
Trd, 258837.950, 118
Trd, 258838.800, 101
Trd, 258838.950, 102
Trd, 258839.050, 99
Trd, 258839.133, 102
Trd, 258839.200, 103
Trd, 258839.267, 130
Trd, 258839.367, 100
Trd, 258839.917, 137
Trd, 258840.233, 115
Trd, 258840.267, 116
Trd, 258840.283, 120
Trd, 258840.500, 139
Trd, 258840.583, 136
Trd, 258840.800, 109
Trd, 258841.367, 140
Trd, 258841.633, 140
Trd, 258841.783, 140
Trd, 258841.817, 140
Trd, 258842.050, 139
Trd, 258842.250, 138
Trd, 258842.567, 125
Trd, 258842.817, 131
Trd, 258843.033, 129
Trd, 258843.167, 130
Trd, 258843.233, 131
Trd, 258843.367, 131
Trd, 258843.517, 134
Trd, 258843.583, 126
Trd, 258843.983, 128
Trd, 258844.067, 133
Trd, 258844.150, 126
Trd, 258844.183, 125
Trd, 258844.683, 110
Trd, 258844.767, 129
Trd, 258845.117, 116
Trd, 258845.183, 111
Trd, 258845.200, 110
Trd, 258845.217, 117
Trd, 258845.233, 131
Trd, 258845.333, 104
Trd, 258845.617, 71
Trd, 258846.250, 65
Trd, 258846.317, 73
Trd, 258846.933, 140
Trd, 258847.267, 139
Trd, 258847.333, 96
Trd, 258847.600, 67
Trd, 258847.700, 63
Trd, 258848.183, 140
Trd, 258848.333, 139
Trd, 258848.617, 109
Trd, 258848.633, 108
Trd, 258849.283, 140
Trd, 258849.317, 140
Trd, 258849.417, 140
Trd, 258849.450, 139
Trd, 258849.833, 140
Trd, 258849.850, 140
Trd, 258850.017, 140
Trd, 258850.417, 140
Trd, 258850.500, 140
Trd, 258850.783, 140
Trd, 258850.917, 140
Trd, 258851.050, 140
Trd, 258851.100, 140
Trd, 258851.167, 140
Trd, 258851.200, 140
Trd, 258851.233, 139
Trd, 258851.567, 136
Trd, 258851.833, 135
Trd, 258851.867, 137
Trd, 258852.000, 127
Trd, 258852.017, 138
Trd, 258852.067, 139
Trd, 258852.383, 117
Trd, 258852.483, 139
Trd, 258852.667, 140
Trd, 258854.067, 140
Trd, 258854.100, 140
Trd, 258854.200, 140
Trd, 258854.333, 140
Trd, 258854.400, 140
Trd, 258854.750, 137
Trd, 258854.783, 140
Trd, 258854.933, 118
Trd, 258854.967, 117
Trd, 258855.117, 137
Trd, 258855.333, 108
Trd, 258855.383, 137
Trd, 258855.567, 138
Trd, 258856.183, 108
Trd, 258856.350, 107
Trd, 258856.417, 113
Trd, 258856.717, 134
Trd, 258856.733, 135
Trd, 258856.800, 98
Trd, 258856.900, 138
Trd, 258857.017, 98
Trd, 258857.583, 99
Trd, 258857.817, 138
Trd, 258857.950, 138
Trd, 258858.167, 137
Trd, 258858.433, 134
Trd, 258858.683, 137
Trd, 258858.883, 135
Trd, 258859.050, 122
Trd, 258859.267, 137
Trd, 258859.433, 137
Trd, 258859.633, 127
Trd, 258859.700, 96
Trd, 258859.833, 135
Trd, 258859.983, 92
Trd, 258860.517, 120
Trd, 258860.550, 130
Trd, 258860.817, 119
Trd, 258860.850, 119
Trd, 258860.917, 118
Trd, 258861.483, 102
Trd, 258861.800, 97
Trd, 258861.850, 123
Trd, 258862.350, 63
Trd, 258862.683, 121
Trd, 258862.700, 122
Trd, 258863.033, 121
Trd, 258863.133, 91
Trd, 258863.333, 122
Trd, 258863.450, 123
Trd, 258863.467, 124
Trd, 258863.483, 92
Trd, 258863.700, 129
Trd, 258863.783, 93
Trd, 258863.817, 92
Trd, 258863.917, 128
Trd, 258864.000, 129
Trd, 258864.167, 91
Trd, 258864.500, 128
Trd, 258864.867, 112
Trd, 258865.667, 140
Trd, 258865.850, 140
Trd, 258865.867, 140
Trd, 258865.883, 140
Trd, 258866.517, 140
Trd, 258867.133, 140
Trd, 258867.517, 140
Trd, 258867.800, 140
Trd, 258868.133, 140
Trd, 258868.150, 140
Trd, 258868.183, 140
Trd, 258868.200, 140
Trd, 258868.433, 140
Trd, 258868.650, 140
Trd, 258868.950, 140
Trd, 258869.300, 140
Trd, 258869.783, 140
Trd, 258870.033, 140
Trd, 258870.067, 140
Trd, 258870.300, 140
Trd, 258870.433, 139
Trd, 258871.417, 140
Trd, 258871.517, 140
Trd, 258871.583, 140
Trd, 258871.717, 140
Trd, 258871.733, 140
Trd, 258871.767, 140
Trd, 258871.917, 138
Trd, 258872.400, 129
Trd, 258872.417, 128
Trd, 258872.450, 137
Trd, 258872.583, 136
Trd, 258872.600, 137
Trd, 258873.033, 130
Trd, 258873.283, 128
Trd, 258873.550, 127
Trd, 258873.583, 126
Trd, 258873.750, 126
Trd, 258873.967, 99
Trd, 258874.000, 97
Trd, 258874.050, 100
Trd, 258874.150, 70
Trd, 258874.417, 68
Trd, 258874.550, 126
Trd, 258874.583, 112
Trd, 258874.733, 101
Trd, 258874.833, 126
Trd, 258874.883, 127
Trd, 258875.233, 126
Trd, 258875.667, 140
Trd, 258875.933, 140
Trd, 258876.317, 83
Trd, 258876.450, 81
Trd, 258876.783, 71
Trd, 258876.933, 73
Trd, 258877.017, 70
Trd, 258877.317, 74
Trd, 258877.350, 75
Trd, 258877.600, 80
Trd, 258877.867, 83
Trd, 258877.883, 136
Trd, 258878.167, 79
Trd, 258878.683, 83
Trd, 258878.700, 79
Trd, 258878.900, 78
Trd, 258879.167, 122
Trd, 258879.350, 77
Trd, 258879.400, 94
Trd, 258879.650, 101
Trd, 258880.067, 140
Trd, 258880.183, 140
Trd, 258880.317, 140
Trd, 258880.833, 140
Trd, 258880.933, 140
Trd, 258881.033, 140
Trd, 258881.067, 140
Trd, 258881.167, 140
Trd, 258881.217, 140
Trd, 258881.233, 139
Trd, 258881.467, 140
Trd, 258881.617, 126
Trd, 258881.800, 137
Trd, 258881.817, 138
Trd, 258881.983, 119
Trd, 258882.067, 117
Trd, 258882.133, 86
Trd, 258882.267, 78
Trd, 258882.350, 94
Trd, 258882.467, 107
Trd, 258882.583, 106
Trd, 258882.633, 135
Trd, 258882.667, 136
Trd, 258883.000, 81
Trd, 258884.500, 118
Trd, 258884.517, 126
Trd, 258884.533, 117
Trd, 258884.550, 115
Trd, 258884.750, 128
Trd, 258884.833, 124
Trd, 258884.967, 128
Trd, 258885.450, 125
Trd, 258885.583, 125
Trd, 258885.867, 128
Trd, 258886.000, 125
Trd, 258886.167, 126
Trd, 258886.317, 98
Trd, 258886.433, 124
Trd, 258886.600, 129
Trd, 258886.633, 130
Trd, 258886.817, 128
Trd, 258886.867, 82
Trd, 258887.067, 65
Trd, 258887.300, 60
Trd, 258887.383, 64
Trd, 258887.583, 85
Trd, 258887.733, 85
Trd, 258888.150, 83
Trd, 258888.633, 82
Trd, 258888.767, 83
Trd, 258888.800, 88
Trd, 258889.383, 61
Trd, 258889.567, 63
Trd, 258889.650, 91
Trd, 258890.083, 67
Trd, 258890.467, 70
Trd, 258890.650, 69
Trd, 258890.983, 132
Trd, 258891.017, 69
Trd, 258891.233, 134
Trd, 258891.250, 70
Trd, 258891.817, 71
Trd, 258892.033, 132
Trd, 258892.200, 78
Trd, 258892.250, 70
Trd, 258892.533, 130
Trd, 258892.600, 133
Trd, 258893.067, 140
Trd, 258893.083, 98
Trd, 258893.133, 73
Trd, 258893.467, 104
Trd, 258893.867, 72
Trd, 258893.983, 68
Trd, 258894.000, 77
Trd, 258894.483, 73
Trd, 258894.683, 98
Trd, 258894.817, 98
Trd, 258894.933, 100
Trd, 258895.017, 101
Trd, 258895.550, 140
Trd, 258895.633, 140
Trd, 258896.017, 140
Trd, 258896.150, 140
Trd, 258896.383, 140
Trd, 258896.467, 140
Trd, 258896.617, 140
Trd, 258896.700, 140
Trd, 258897.050, 74
Trd, 258897.183, 73
Trd, 258897.217, 71
Trd, 258897.350, 74
Trd, 258897.367, 75
Trd, 258897.483, 62
Trd, 258897.900, 60
Trd, 258898.033, 61
Trd, 258898.750, 60
Trd, 258898.983, 61
Trd, 258899.300, 60
Trd, 258899.500, 60
Trd, 258899.517, 61
Trd, 258899.617, 61
Trd, 258899.750, 63
Trd, 258899.983, 61
Trd, 258900.217, 62
Trd, 258900.567, 63
Trd, 258900.717, 63
Trd, 258900.767, 62
Trd, 258900.817, 64
Trd, 258901.183, 61
Trd, 258901.200, 62
Trd, 258901.350, 64
Trd, 258901.417, 65
Trd, 258901.900, 62
Trd, 258901.933, 95
Trd, 258902.617, 65
Trd, 258902.767, 87
Trd, 258902.850, 93
Trd, 258903.117, 93
Trd, 258903.200, 72
Trd, 258903.217, 93
Trd, 258903.350, 70
Trd, 258903.367, 66
Trd, 258903.867, 84
Trd, 258904.233, 91
Trd, 258904.283, 92
Trd, 258904.417, 93
Trd, 258904.467, 87
Trd, 258904.583, 83
Trd, 258904.917, 82
Trd, 258905.067, 106
Trd, 258905.200, 80
Trd, 258905.233, 67
Trd, 258905.567, 66
Trd, 258905.833, 61
Trd, 258905.850, 62
Trd, 258906.400, 96
Trd, 258906.583, 65
Trd, 258906.950, 65
Trd, 258907.083, 63
Trd, 258907.150, 74
Trd, 258907.183, 113
Trd, 258907.267, 74
Trd, 258907.533, 137
Trd, 258907.750, 126
Trd, 258907.850, 125
Trd, 258908.567, 126
Trd, 258908.617, 124
Trd, 258908.783, 131
Trd, 258908.833, 110
Trd, 258908.933, 132
Trd, 258909.217, 98
Trd, 258909.483, 118
Trd, 258909.650, 137
Trd, 258909.783, 122
Trd, 258909.833, 135
Trd, 258909.883, 105
Trd, 258910.100, 133
Trd, 258910.450, 107
Trd, 258910.667, 129
Trd, 258910.683, 104
Trd, 258910.783, 114
Trd, 258910.950, 127
Trd, 258911.317, 129
Trd, 258911.567, 129
Trd, 258912.083, 124
Trd, 258912.200, 124
Trd, 258912.233, 123
Trd, 258912.467, 125
Trd, 258912.533, 121
Trd, 258912.750, 126
Trd, 258912.833, 121
Trd, 258913.133, 120
Trd, 258913.333, 106
Trd, 258913.800, 67
Trd, 258913.833, 122
Trd, 258914.100, 78
Trd, 258914.167, 62
Trd, 258914.367, 62
Trd, 258914.633, 76
Trd, 258914.717, 77
Trd, 258915.467, 75
Trd, 258915.517, 76
Trd, 258915.717, 62
Trd, 258915.883, 65
Trd, 258916.450, 69
Trd, 258916.583, 60
Trd, 258916.733, 62
Trd, 258916.867, 60
Trd, 258916.950, 60
Trd, 258917.150, 61
Trd, 258917.200, 62
Trd, 258917.250, 61
Trd, 258917.617, 60
Trd, 258918.000, 60
Trd, 258918.050, 60
Trd, 258918.150, 60
Trd, 258918.200, 60
Trd, 258918.267, 61
Trd, 258918.350, 64
Trd, 258918.400, 119
Trd, 258918.933, 140
Trd, 258919.683, 140
Trd, 258919.783, 140
Trd, 258919.833, 139
Trd, 258920.000, 140
Trd, 258920.033, 139
Trd, 258920.483, 136
Trd, 258920.800, 140
Trd, 258920.867, 140
Trd, 258921.267, 140
Trd, 258921.550, 140
Trd, 258921.667, 140
Trd, 258921.933, 140
Trd, 258922.667, 140
Trd, 258923.050, 139
Trd, 258923.217, 139
Trd, 258923.333, 128
Trd, 258923.383, 127
Trd, 258923.567, 124
Trd, 258923.683, 130
Trd, 258923.767, 130
Trd, 258923.850, 100
Trd, 258924.150, 123
Trd, 258924.350, 97
Trd, 258924.400, 125
Trd, 258924.433, 94
Trd, 258924.517, 126
Trd, 258924.700, 118
Trd, 258924.717, 92
Trd, 258924.967, 118
Trd, 258925.100, 117
Trd, 258925.150, 119
Trd, 258925.167, 116
Trd, 258925.183, 96
Trd, 258925.267, 90
Trd, 258925.317, 80
Trd, 258925.383, 64
Trd, 258925.417, 120
Trd, 258925.833, 139
Trd, 258926.933, 140
Trd, 258927.017, 140
Trd, 258927.067, 139
Trd, 258927.317, 139
Trd, 258927.417, 140
Trd, 258927.550, 140
Trd, 258927.600, 140
Trd, 258927.783, 140
Trd, 258927.933, 140
Trd, 258928.350, 140
Trd, 258928.367, 140
Trd, 258928.383, 140
Trd, 258928.583, 140
Trd, 258928.633, 139
Trd, 258928.717, 127
Trd, 258929.183, 139
Trd, 258929.400, 94
Trd, 258929.683, 134
Trd, 258929.867, 111
Trd, 258930.283, 96
Trd, 258930.850, 128
Trd, 258930.883, 99
Trd, 258931.050, 98
Trd, 258931.167, 88
Trd, 258931.200, 126
Trd, 258931.417, 60
Trd, 258931.667, 60
Trd, 258932.100, 60
Trd, 258932.183, 60
Trd, 258932.250, 60
Trd, 258932.667, 60
Trd, 258933.617, 60
Trd, 258933.767, 60
Trd, 258933.783, 60
Trd, 258934.150, 60
Trd, 258934.250, 60
Trd, 258934.367, 60
Trd, 258934.417, 60
Trd, 258934.500, 60
Trd, 258934.717, 60
Trd, 258934.767, 62
Trd, 258934.833, 63
Trd, 258934.867, 67
Trd, 258934.967, 69
Trd, 258935.333, 61
Trd, 258935.433, 127
Trd, 258935.633, 61
Trd, 258935.733, 139
Trd, 258936.350, 140
Trd, 258936.583, 140
Trd, 258937.250, 140
Trd, 258937.317, 140
Trd, 258937.917, 140
Trd, 258938.000, 140
Trd, 258938.617, 140
Trd, 258938.967, 140
Trd, 258939.733, 140
Trd, 258939.867, 140
Trd, 258939.900, 140
Trd, 258939.917, 140
Trd, 258940.017, 140
Trd, 258940.083, 140
Trd, 258940.150, 139
Trd, 258940.217, 139
Trd, 258940.233, 139
Trd, 258940.367, 138
Trd, 258940.767, 139
Trd, 258940.917, 137
Trd, 258941.067, 136
Trd, 258941.133, 137
Trd, 258941.250, 135
Trd, 258941.483, 95
Trd, 258942.000, 111
Trd, 258942.300, 100
Trd, 258942.350, 100
Trd, 258942.367, 111
Trd, 258942.383, 112
Trd, 258942.517, 99
Trd, 258942.850, 135
Trd, 258942.883, 139
Trd, 258943.083, 140
Trd, 258943.250, 136
Trd, 258944.067, 135
Trd, 258944.217, 140
Trd, 258944.283, 139
Trd, 258944.433, 124
Trd, 258945.017, 139
Trd, 258945.333, 140
Trd, 258945.400, 139
Trd, 258945.450, 139
Trd, 258945.567, 138
Trd, 258945.600, 138
Trd, 258945.717, 138
Trd, 258945.917, 138
Trd, 258945.983, 137
Trd, 258946.133, 133
Trd, 258946.183, 137
Trd, 258946.367, 136
Trd, 258946.433, 132
Trd, 258946.467, 137
Trd, 258946.817, 134
Trd, 258946.950, 137
Trd, 258947.067, 137
Trd, 258947.133, 133
Trd, 258947.333, 120
Trd, 258948.017, 128
Trd, 258948.150, 126
Trd, 258948.167, 129
Trd, 258948.200, 117
Trd, 258948.267, 116
Trd, 258948.683, 98
Trd, 258949.117, 97
Trd, 258949.200, 130
Trd, 258950.250, 117
Trd, 258950.283, 99
Trd, 258950.983, 99
Trd, 258951.100, 95
Trd, 258951.150, 113
Trd, 258951.300, 90
Trd, 258951.333, 86
Trd, 258951.417, 63
Trd, 258951.900, 62
Trd, 258952.117, 62
Trd, 258952.500, 64
Trd, 258952.700, 64
Trd, 258952.767, 65
Trd, 258952.850, 60
Trd, 258952.900, 61
Trd, 258953.000, 107
Trd, 258953.167, 74
Trd, 258953.183, 126
Trd, 258953.667, 100
Trd, 258953.733, 103
Trd, 258953.817, 127
Trd, 258953.983, 140
Trd, 258954.233, 140
Trd, 258954.283, 140
Trd, 258954.317, 138
Trd, 258954.483, 97
Trd, 258954.567, 96
Trd, 258954.783, 89
Trd, 258955.317, 140
Trd, 258956.133, 140
Trd, 258956.300, 140
Trd, 258956.550, 140
Trd, 258957.317, 140
Trd, 258957.983, 140
Trd, 258958.067, 140
Trd, 258958.317, 140
Trd, 258958.500, 140
Trd, 258958.950, 140
Trd, 258959.200, 140
Trd, 258959.317, 140
Trd, 258959.383, 140
Trd, 258959.583, 140
Trd, 258959.867, 140
Trd, 258960.000, 140
Trd, 258960.500, 140
Trd, 258960.633, 140
Trd, 258960.833, 140
Trd, 258960.850, 140
Trd, 258960.950, 140
Trd, 258960.967, 139
Trd, 258961.033, 140
Trd, 258961.183, 140
Trd, 258961.400, 139
Trd, 258962.150, 134
Trd, 258962.200, 126
Trd, 258962.300, 118
Trd, 258962.417, 135
Trd, 258962.700, 135
Trd, 258962.917, 135
Trd, 258963.217, 121
Trd, 258963.383, 128
Trd, 258963.450, 126
Trd, 258963.517, 134
Trd, 258963.550, 135
Trd, 258963.617, 120
Trd, 258963.833, 140
Trd, 258963.983, 102
Trd, 258964.067, 101
Trd, 258964.083, 100
Trd, 258964.483, 140
Trd, 258964.617, 139
Trd, 258964.733, 138
Trd, 258964.883, 124
Trd, 258965.133, 96
Trd, 258965.617, 140
Trd, 258965.700, 140
Trd, 258967.550, 140
Trd, 258967.700, 140
Trd, 258967.800, 140
Trd, 258967.933, 140
Trd, 258967.983, 140
Trd, 258968.300, 140
Trd, 258968.450, 140
Trd, 258968.483, 140
Trd, 258968.550, 138
Trd, 258968.617, 138
Trd, 258968.800, 126
Trd, 258968.933, 104
Trd, 258968.950, 103
Trd, 258969.050, 65
Trd, 258969.183, 94
Trd, 258969.200, 135
Trd, 258969.350, 65
Trd, 258969.917, 69
Trd, 258970.000, 127
Trd, 258970.067, 117
Trd, 258970.133, 128
Trd, 258970.383, 68
Trd, 258970.417, 124
Trd, 258970.433, 127
Trd, 258970.517, 129
Trd, 258970.533, 67
Trd, 258970.583, 130
Trd, 258970.700, 97
Trd, 258970.800, 66
Trd, 258970.883, 65
Trd, 258971.017, 94
Trd, 258971.233, 131
Trd, 258971.767, 129
Trd, 258971.900, 130
Trd, 258972.067, 132
Trd, 258972.433, 129
Trd, 258972.683, 140
Trd, 258972.783, 128
Trd, 258973.267, 130
Trd, 258973.350, 129
Trd, 258974.133, 140
Trd, 258974.233, 140
Trd, 258974.633, 140
Trd, 258975.017, 140
Trd, 258975.550, 140
Trd, 258975.700, 140
Trd, 258975.717, 140
Trd, 258975.917, 140
Trd, 258976.083, 140
Trd, 258976.183, 140
Trd, 258976.217, 139
Trd, 258976.350, 140
Trd, 258976.417, 137
Trd, 258976.517, 140
Trd, 258976.700, 129
Trd, 258977.517, 108
Trd, 258977.550, 108
Trd, 258977.717, 108
Trd, 258977.733, 122
Trd, 258977.817, 108
Trd, 258977.983, 107
Trd, 258978.017, 114
Trd, 258978.083, 115
Trd, 258978.817, 119
Trd, 258978.950, 120
Trd, 258979.117, 106
Trd, 258979.450, 116
Trd, 258979.733, 100
Trd, 258979.783, 96
Trd, 258980.183, 88
Trd, 258980.517, 63
Trd, 258980.733, 60
Trd, 258980.950, 101
Trd, 258981.700, 63
Trd, 258982.033, 61
Trd, 258982.700, 60
Trd, 258983.000, 60
Trd, 258983.200, 60
Trd, 258983.217, 60
Trd, 258983.317, 60
Trd, 258983.767, 62
Trd, 258983.883, 64
Trd, 258983.950, 73
Trd, 258984.150, 68
Trd, 258984.217, 67
Trd, 258984.350, 82
Trd, 258984.517, 86
Trd, 258985.083, 79
Trd, 258985.117, 80
Trd, 258985.250, 89
Trd, 258985.317, 82
Trd, 258985.333, 89
Trd, 258985.467, 95
Trd, 258985.483, 81
Trd, 258985.600, 128
Trd, 258985.733, 109
Trd, 258986.200, 140
Trd, 258986.250, 140
Trd, 258986.567, 140
Trd, 258986.883, 140
Trd, 258987.483, 140
Trd, 258987.633, 140
Trd, 258987.867, 140
Trd, 258988.117, 140
Trd, 258988.133, 140
Trd, 258988.217, 140
Trd, 258988.417, 139
Trd, 258988.500, 139
Trd, 258988.567, 137
Trd, 258988.633, 129
Trd, 258989.033, 140
Trd, 258989.267, 139
Trd, 258989.400, 84
Trd, 258989.450, 84
Trd, 258989.467, 140
Trd, 258989.533, 81
Trd, 258989.950, 139
Trd, 258990.183, 73
Trd, 258990.483, 125
Trd, 258990.950, 132
Trd, 258991.067, 132
Trd, 258991.083, 131
Trd, 258991.417, 87
Trd, 258991.450, 134
Trd, 258991.567, 134
Trd, 258991.750, 134
Trd, 258992.017, 131
Trd, 258992.200, 132
Trd, 258992.583, 102
Trd, 258992.617, 103
Trd, 258992.783, 103
Trd, 258992.933, 97
Trd, 258992.950, 104
Trd, 258993.533, 114
Trd, 258993.667, 101
Trd, 258993.767, 101
Trd, 258993.800, 100
Trd, 258994.317, 140
Trd, 258994.467, 140
Trd, 258994.633, 140
Trd, 258994.667, 140
Trd, 258994.850, 139
Trd, 258995.300, 138
Trd, 258995.433, 139
Trd, 258995.517, 139
Trd, 258995.767, 138
Trd, 258996.150, 140
Trd, 258996.683, 140
Trd, 258997.250, 140
Trd, 258997.700, 140
Trd, 258998.000, 140
Trd, 258998.167, 140
Trd, 258998.217, 140
Trd, 258998.917, 114
Trd, 258998.950, 71
Trd, 258999.333, 79
Trd, 258999.683, 140
Trd, 259000.117, 140
Trd, 259000.300, 140
Trd, 259000.333, 140
Trd, 259000.900, 140
Trd, 259000.917, 140
Trd, 259001.067, 139
Trd, 259001.083, 139
Trd, 259001.217, 138
Trd, 259001.267, 127
Trd, 259001.533, 131
Trd, 259001.917, 133
Trd, 259002.100, 134
Trd, 259002.117, 100
Trd, 259002.233, 127
Trd, 259002.367, 133
Trd, 259002.450, 133
Trd, 259002.717, 131
Trd, 259002.967, 132
Trd, 259003.183, 132
Trd, 259003.217, 133
Trd, 259003.500, 134
Trd, 259003.583, 133
Trd, 259003.683, 131
Trd, 259003.717, 121
Trd, 259003.767, 137
Trd, 259004.400, 136
Trd, 259004.467, 105
Trd, 259004.733, 107
Trd, 259004.817, 102
Trd, 259005.083, 136
Trd, 259005.117, 135
Trd, 259005.250, 137
Trd, 259005.317, 130
Trd, 259005.350, 138
Trd, 259005.600, 139
Trd, 259005.767, 137
Trd, 259005.800, 140
Trd, 259006.067, 103
Trd, 259006.400, 140
Trd, 259007.917, 140
Trd, 259008.150, 140
Trd, 259008.450, 140
Trd, 259008.483, 140
Trd, 259008.550, 140
Trd, 259008.600, 140
Trd, 259009.050, 140
Trd, 259009.067, 140
Trd, 259009.083, 139
Trd, 259009.117, 139
Trd, 259009.733, 138
Trd, 259009.783, 137
Trd, 259010.183, 136
Trd, 259010.700, 140
Trd, 259010.883, 137
Trd, 259010.917, 139
Trd, 259011.117, 139
Trd, 259011.467, 128
Trd, 259011.483, 127
Trd, 259011.633, 128
Trd, 259011.883, 128
Trd, 259011.917, 127
Trd, 259011.967, 124
Trd, 259012.100, 129
Trd, 259012.117, 130
Trd, 259012.250, 124
Trd, 259012.400, 120
Trd, 259012.700, 101
Trd, 259013.033, 110
Trd, 259013.300, 110
Trd, 259013.317, 88
Trd, 259013.717, 109
Trd, 259013.850, 107
Trd, 259014.000, 107
Trd, 259014.033, 106
Trd, 259014.583, 90
Trd, 259014.683, 89
Trd, 259014.867, 88
Trd, 259014.900, 81
Trd, 259015.217, 60
Trd, 259015.667, 60
Trd, 259015.783, 60
Trd, 259016.017, 60
Trd, 259016.117, 60
Trd, 259016.133, 60
Trd, 259016.867, 62
Trd, 259016.900, 63
Trd, 259016.983, 64
Trd, 259017.067, 65
Trd, 259017.117, 66
Trd, 259017.133, 71
Trd, 259017.183, 74
Trd, 259017.433, 91
Trd, 259017.850, 63
Trd, 259018.333, 60
Trd, 259018.433, 60
Trd, 259018.617, 60
Trd, 259018.700, 60
Trd, 259018.850, 61
Trd, 259018.867, 60
Trd, 259019.217, 60
Trd, 259019.467, 60
Trd, 259019.583, 60
Trd, 259019.917, 60
Trd, 259020.533, 61
Trd, 259020.583, 62
Trd, 259020.683, 66
Trd, 259021.517, 60
Trd, 259021.600, 60
Trd, 259021.933, 60
Trd, 259022.050, 60
Trd, 259022.317, 60
Trd, 259022.500, 60
Trd, 259022.533, 60
Trd, 259022.750, 60
Trd, 259022.983, 62
Trd, 259023.567, 63
Trd, 259023.683, 65
Trd, 259023.767, 65
Trd, 259023.967, 69
Trd, 259023.983, 70
Trd, 259024.000, 62
Trd, 259024.217, 101
Trd, 259024.317, 64
Trd, 259024.583, 68
Trd, 259024.700, 65
Trd, 259024.850, 69
Trd, 259024.933, 82
Trd, 259025.050, 83
Trd, 259025.150, 77
Trd, 259025.183, 83
Trd, 259025.267, 66
Trd, 259025.350, 84
Trd, 259025.467, 65
Trd, 259026.017, 140
Trd, 259026.183, 77
Trd, 259026.483, 140
Trd, 259026.767, 140
Trd, 259027.167, 140
Trd, 259027.400, 140
Trd, 259027.750, 140
Trd, 259027.783, 140
Trd, 259027.900, 140
Trd, 259028.467, 140
Trd, 259028.583, 140
Trd, 259029.033, 140
Trd, 259029.367, 140
Trd, 259029.433, 140
Trd, 259029.533, 140
Trd, 259029.633, 139
Trd, 259029.650, 139
Trd, 259029.683, 138
Trd, 259030.300, 138
Trd, 259030.400, 140
Trd, 259030.483, 137
Trd, 259030.517, 126
Trd, 259031.267, 121
Trd, 259031.417, 123
Trd, 259031.583, 120
Trd, 259031.633, 119
Trd, 259031.833, 117
Trd, 259032.083, 113
Trd, 259032.217, 112
Trd, 259032.367, 111
Trd, 259032.567, 111
Trd, 259032.650, 112
Trd, 259033.050, 113
Trd, 259033.350, 111
Trd, 259033.417, 111
Trd, 259033.433, 110
Trd, 259033.550, 102
Trd, 259034.083, 111
Trd, 259034.133, 113
Trd, 259034.150, 98
Trd, 259034.317, 114
Trd, 259034.517, 97
Trd, 259034.600, 99
Trd, 259034.867, 140
Trd, 259034.933, 94
Trd, 259035.300, 134
Trd, 259035.317, 108
Trd, 259035.850, 140
Trd, 259035.917, 120
Trd, 259036.117, 137
Trd, 259036.633, 140
Trd, 259036.733, 140
Trd, 259036.767, 140
Trd, 259036.833, 140
Trd, 259036.850, 138
Trd, 259037.067, 133
Trd, 259037.467, 127
Trd, 259037.483, 128
Trd, 259037.633, 127
Trd, 259037.650, 129
Trd, 259038.200, 120
Trd, 259038.250, 117
Trd, 259038.533, 121
Trd, 259038.700, 123
Trd, 259038.767, 123
Trd, 259038.800, 122
Trd, 259038.833, 125
Trd, 259038.967, 112
Trd, 259039.400, 125
Trd, 259040.217, 108
Trd, 259040.400, 120
Trd, 259040.667, 110
Trd, 259040.800, 109
Trd, 259041.017, 110
Trd, 259041.167, 110
Trd, 259041.400, 110
Trd, 259041.750, 108
Trd, 259041.817, 108
Trd, 259041.833, 112
Trd, 259042.167, 118
Trd, 259042.783, 115
Trd, 259043.000, 140
Trd, 259043.183, 140
Trd, 259043.833, 139
Trd, 259043.883, 140
Trd, 259044.117, 140
Trd, 259044.550, 140
Trd, 259044.783, 140
Trd, 259044.983, 140
Trd, 259045.050, 140
Trd, 259045.250, 140
Trd, 259045.383, 140
Trd, 259045.667, 140
Trd, 259045.817, 128
Trd, 259045.850, 127
Trd, 259045.900, 120
Trd, 259045.917, 86
Trd, 259046.300, 138
Trd, 259046.333, 140
Trd, 259046.350, 94
Trd, 259046.433, 140
Trd, 259046.483, 140
Trd, 259046.633, 66
Trd, 259046.767, 63
Trd, 259046.950, 102
Trd, 259047.467, 65
Trd, 259047.600, 68
Trd, 259047.667, 66
Trd, 259047.917, 70
Trd, 259048.000, 71
Trd, 259048.217, 71
Trd, 259048.333, 72
Trd, 259048.500, 70
Trd, 259048.567, 85
Trd, 259048.583, 86
Trd, 259048.800, 99
Trd, 259048.900, 99
Trd, 259049.100, 71
Trd, 259049.217, 63
Trd, 259049.700, 102
Trd, 259050.117, 137
Trd, 259050.167, 136
Trd, 259050.517, 114
Trd, 259050.967, 137
Trd, 259051.033, 129
Trd, 259051.133, 128
Trd, 259052.367, 140
Trd, 259052.450, 140
Trd, 259052.867, 140
Trd, 259053.350, 140
Trd, 259053.433, 140
Trd, 259053.783, 140
Trd, 259054.017, 140
Trd, 259054.167, 140
Trd, 259054.317, 140
Trd, 259054.383, 140
Trd, 259054.517, 139
Trd, 259054.600, 138
Trd, 259054.650, 139
Trd, 259054.850, 137
Trd, 259054.900, 138
Trd, 259055.267, 124
Trd, 259055.433, 108
Trd, 259055.467, 136
Trd, 259055.633, 126
Trd, 259055.733, 125
Trd, 259055.933, 99
Trd, 259056.000, 138
Trd, 259056.400, 124
Trd, 259056.650, 123
Trd, 259056.667, 133
Trd, 259056.850, 132
Trd, 259056.967, 133
Trd, 259057.333, 131
Trd, 259057.350, 132
Trd, 259057.400, 91
Trd, 259057.750, 63
Trd, 259058.467, 60
Trd, 259058.483, 60
Trd, 259058.683, 60
Trd, 259058.700, 60
Trd, 259058.817, 61
Trd, 259059.117, 70
Trd, 259059.367, 65
Trd, 259059.400, 71
Trd, 259059.633, 64
Trd, 259060.217, 73
Trd, 259060.250, 74
Trd, 259060.500, 61
Trd, 259060.583, 60
Trd, 259060.867, 140
Trd, 259060.933, 140
Trd, 259061.317, 140
Trd, 259061.767, 140
Trd, 259061.833, 140
Trd, 259062.017, 140
Trd, 259062.517, 140
Trd, 259063.033, 140
Trd, 259063.283, 140
Trd, 259063.633, 140
Trd, 259063.700, 140
Trd, 259064.283, 140
Trd, 259064.433, 140
Trd, 259064.500, 140
Trd, 259064.533, 140
Trd, 259065.050, 140
Trd, 259065.100, 140
Trd, 259065.483, 140
Trd, 259065.667, 140
Trd, 259066.133, 140
Trd, 259066.600, 140
Trd, 259066.700, 140
Trd, 259066.867, 140
Trd, 259066.950, 140
Trd, 259066.983, 140
Trd, 259067.000, 140
Trd, 259067.067, 140
Trd, 259067.350, 140
Trd, 259067.383, 140
Trd, 259067.500, 139
Trd, 259067.667, 139
Trd, 259067.783, 139
Trd, 259068.350, 137
Trd, 259068.367, 136
Trd, 259069.000, 135
Trd, 259069.067, 134
Trd, 259069.200, 124
Trd, 259069.217, 109
Trd, 259069.850, 97
Trd, 259069.883, 96
Trd, 259070.000, 130
Trd, 259070.083, 131
Trd, 259070.300, 134
Trd, 259070.350, 121
Trd, 259070.517, 91
Trd, 259070.717, 90
Trd, 259070.850, 129
Trd, 259070.867, 130
Trd, 259070.933, 89
Trd, 259071.017, 72
Trd, 259071.517, 62
Trd, 259071.617, 63
Trd, 259072.600, 62
Trd, 259072.983, 60
Trd, 259073.017, 60
Trd, 259073.267, 60
Trd, 259073.300, 60
Trd, 259073.483, 62
Trd, 259073.517, 63
Trd, 259073.650, 62
Trd, 259073.950, 74
Trd, 259074.017, 69
Trd, 259074.150, 67
Trd, 259074.250, 67
Trd, 259074.267, 68
Trd, 259074.283, 75
Trd, 259074.433, 84
Trd, 259074.667, 64
Trd, 259074.733, 63
Trd, 259076.183, 140
Trd, 259076.300, 140
Trd, 259076.783, 140
Trd, 259076.867, 140
Trd, 259077.550, 140
Trd, 259077.583, 140
Trd, 259077.683, 140
Trd, 259077.917, 140
Trd, 259078.033, 140
Trd, 259078.167, 140
Trd, 259078.217, 140
Trd, 259078.267, 140
Trd, 259078.400, 139
Trd, 259078.433, 139
Trd, 259078.517, 139
Trd, 259078.833, 139
Trd, 259078.967, 104
Trd, 259079.167, 92
Trd, 259079.200, 91
Trd, 259079.317, 129
Trd, 259079.617, 83
Trd, 259079.667, 128
Trd, 259080.267, 116
Trd, 259080.450, 62
Trd, 259080.617, 116
Trd, 259081.133, 65
Trd, 259081.650, 61
Trd, 259081.717, 62
Trd, 259081.983, 61
Trd, 259082.383, 62
Trd, 259082.867, 62
Trd, 259083.033, 63
Trd, 259083.233, 61
Trd, 259083.350, 62
Trd, 259083.517, 63
Trd, 259083.767, 64
Trd, 259084.000, 64
Trd, 259084.050, 65
Trd, 259084.233, 67
Trd, 259084.283, 114
Trd, 259084.450, 63
Trd, 259084.517, 89
Trd, 259084.833, 70
Trd, 259084.900, 79
Trd, 259085.400, 140
Trd, 259085.617, 140
Trd, 259086.017, 140
Trd, 259087.117, 140
Trd, 259087.700, 140
Trd, 259087.967, 140
Trd, 259088.117, 140
Trd, 259088.133, 140
Trd, 259088.517, 140
Trd, 259088.583, 140
Trd, 259088.650, 140
Trd, 259088.700, 140
Trd, 259088.900, 140
Trd, 259089.000, 140
Trd, 259089.067, 140
Trd, 259089.117, 140
Trd, 259089.433, 140
Trd, 259089.700, 140
Trd, 259089.717, 140
Trd, 259089.933, 139
Trd, 259090.033, 138
Trd, 259090.133, 139
Trd, 259090.450, 139
Trd, 259090.467, 138
Trd, 259090.533, 137
Trd, 259090.633, 137
Trd, 259090.850, 132
Trd, 259091.017, 105
Trd, 259091.250, 139
Trd, 259091.517, 85
Trd, 259091.817, 138
Trd, 259091.950, 127
Trd, 259092.050, 126
Trd, 259092.283, 129
Trd, 259092.667, 137
Trd, 259092.817, 107
Trd, 259093.267, 135
Trd, 259093.300, 129
Trd, 259093.383, 104
Trd, 259093.450, 136
Trd, 259093.517, 103
Trd, 259093.533, 137
Trd, 259093.567, 101
Trd, 259093.900, 136
Trd, 259094.050, 137
Trd, 259094.100, 139
Trd, 259094.533, 109
Trd, 259094.883, 111
Trd, 259094.900, 110
Trd, 259094.917, 108
Trd, 259095.117, 138
Trd, 259095.183, 106
Trd, 259095.300, 140
Trd, 259096.250, 133
Trd, 259096.283, 134
Trd, 259096.350, 127
Trd, 259096.567, 127
Trd, 259096.700, 127
Trd, 259096.717, 122
Trd, 259096.900, 86
Trd, 259096.950, 85
Trd, 259097.217, 131
Trd, 259097.417, 127
Trd, 259097.650, 126
Trd, 259097.850, 130
Trd, 259097.983, 94
Trd, 259098.167, 81
Trd, 259098.283, 130
Trd, 259098.350, 75
Trd, 259098.400, 75
Trd, 259098.833, 61
Trd, 259098.850, 76
Trd, 259098.867, 86
Trd, 259099.083, 73
Trd, 259099.583, 61
Trd, 259099.717, 61
Trd, 259100.317, 61
Trd, 259100.333, 62
Trd, 259100.650, 60
Trd, 259100.683, 60
Trd, 259100.783, 60
Trd, 259101.050, 60
Trd, 259101.417, 63
Trd, 259101.950, 72
Trd, 259102.000, 90
Trd, 259102.217, 91
Trd, 259102.633, 138
Trd, 259102.700, 105
Trd, 259102.983, 104
Trd, 259103.150, 105
Trd, 259103.317, 139
Trd, 259103.500, 124
Trd, 259104.067, 120
Trd, 259104.117, 118
Trd, 259104.200, 125
Trd, 259104.350, 104
Trd, 259104.417, 103
Trd, 259104.483, 125
Trd, 259104.650, 101
Trd, 259104.883, 100
Trd, 259105.017, 124
Trd, 259105.033, 99
Trd, 259105.600, 119
Trd, 259105.783, 114
Trd, 259105.883, 120
Trd, 259105.900, 121
Trd, 259106.250, 123
Trd, 259106.483, 116
Trd, 259106.700, 116
Trd, 259106.800, 99
Trd, 259106.967, 91
Trd, 259107.150, 62
Trd, 259107.250, 88
Trd, 259107.900, 87
Trd, 259108.000, 117
Trd, 259108.167, 116
Trd, 259108.533, 116
Trd, 259108.600, 117
Trd, 259108.900, 130
Trd, 259108.950, 119
Trd, 259109.000, 119
Trd, 259109.350, 140
Trd, 259109.450, 140
Trd, 259109.467, 140
Trd, 259110.133, 140
Trd, 259110.283, 140
Trd, 259110.317, 140
Trd, 259110.933, 140
Trd, 259111.300, 139
Trd, 259111.533, 139
Trd, 259111.750, 140
Trd, 259112.400, 140
Trd, 259112.600, 140
Trd, 259112.783, 140
Trd, 259112.833, 138
Trd, 259113.067, 136
Trd, 259113.417, 140
Trd, 259113.567, 135
Trd, 259113.850, 134
Trd, 259113.967, 126
Trd, 259114.083, 140
Trd, 259114.183, 139
Trd, 259114.283, 140
Trd, 259115.050, 140
Trd, 259115.083, 140
Trd, 259115.267, 139
Trd, 259115.317, 137
Trd, 259115.600, 129
Trd, 259115.633, 133
Trd, 259115.750, 134
Trd, 259115.967, 133
Trd, 259116.133, 131
Trd, 259116.300, 130
Trd, 259116.317, 129
Trd, 259116.367, 131
Trd, 259116.383, 133
Trd, 259116.517, 129
Trd, 259116.917, 140
Trd, 259117.083, 127
Trd, 259117.317, 129
Trd, 259117.400, 117
Trd, 259118.333, 140
Trd, 259118.767, 140
Trd, 259119.717, 140
Trd, 259119.767, 140
Trd, 259119.817, 140
Trd, 259119.917, 140
Trd, 259120.383, 140
Trd, 259120.600, 140
Trd, 259120.633, 140
Trd, 259120.783, 140
Trd, 259120.933, 140
Trd, 259121.067, 140
Trd, 259121.100, 140
Trd, 259121.283, 140
Trd, 259121.500, 138
Trd, 259121.650, 138
Trd, 259121.817, 127
Trd, 259122.033, 127
Trd, 259122.150, 127
Trd, 259122.367, 126
Trd, 259122.467, 139
Trd, 259122.533, 138
Trd, 259122.667, 132
Trd, 259122.917, 138
Trd, 259123.067, 116
Trd, 259123.100, 114
Trd, 259123.150, 100
Trd, 259123.550, 83
Trd, 259123.650, 132
Trd, 259123.700, 84
Trd, 259124.117, 130
Trd, 259124.200, 132
Trd, 259124.317, 133
Trd, 259124.433, 132
Trd, 259124.450, 133
Trd, 259124.583, 103
Trd, 259124.867, 125
Trd, 259124.983, 102
Trd, 259125.150, 102
Trd, 259125.233, 119
Trd, 259125.383, 106
Trd, 259125.683, 129
Trd, 259126.200, 117
Trd, 259126.283, 111
Trd, 259126.367, 101
Trd, 259126.600, 61
Trd, 259126.617, 125
Trd, 259126.650, 127
Trd, 259126.900, 130
Trd, 259127.467, 119
Trd, 259127.917, 140
Trd, 259127.933, 119
Trd, 259128.500, 140
Trd, 259129.033, 140
Trd, 259129.283, 140
Trd, 259129.783, 140
Trd, 259130.050, 140
Trd, 259130.100, 140
Trd, 259130.167, 140
Trd, 259130.183, 140
Trd, 259130.300, 140
Trd, 259130.350, 140
Trd, 259130.400, 140
Trd, 259130.483, 140
Trd, 259130.550, 138
Trd, 259130.800, 138
Trd, 259131.167, 135
Trd, 259131.183, 139
Trd, 259131.683, 133
Trd, 259131.917, 133
Trd, 259131.933, 132
Trd, 259132.150, 131
Trd, 259133.067, 118
Trd, 259133.183, 129
Trd, 259133.467, 127
Trd, 259133.617, 130
Trd, 259133.633, 131
Trd, 259133.733, 124
Trd, 259133.800, 124
Trd, 259133.817, 123
Trd, 259133.883, 133
Trd, 259134.100, 139
Trd, 259134.983, 140
Trd, 259135.000, 140
Trd, 259135.050, 140
Trd, 259135.233, 140
Trd, 259135.483, 140
Trd, 259135.633, 139
Trd, 259135.667, 137
Trd, 259135.683, 126
Trd, 259136.333, 132
Trd, 259136.667, 130
Trd, 259136.817, 130
Trd, 259137.167, 117
Trd, 259137.183, 125
Trd, 259137.233, 116
Trd, 259137.367, 116
Trd, 259138.133, 117
Trd, 259138.467, 117
Trd, 259138.767, 116
Trd, 259138.800, 120
Trd, 259139.067, 122
Trd, 259139.083, 118
Trd, 259139.200, 120
Trd, 259139.283, 124
Trd, 259139.333, 95
Trd, 259139.700, 84
Trd, 259139.833, 118
Trd, 259140.017, 118
Trd, 259140.200, 117
Trd, 259140.300, 140
Trd, 259140.350, 82
Trd, 259141.317, 83
Trd, 259141.617, 82
Trd, 259141.717, 82
Trd, 259141.900, 68
Trd, 259142.017, 83
Trd, 259142.200, 85
Trd, 259142.383, 70
Trd, 259142.700, 84
Trd, 259142.800, 84
Trd, 259142.933, 70
Trd, 259142.950, 69
Trd, 259143.233, 68
Trd, 259143.683, 83
Trd, 259143.817, 80
Trd, 259144.017, 84
Trd, 259144.150, 69
Trd, 259144.450, 79
Trd, 259144.733, 60
Trd, 259144.983, 60
Trd, 259145.150, 60
Trd, 259145.650, 60
Trd, 259146.400, 60
Trd, 259147.183, 60
Trd, 259147.400, 60
Trd, 259147.600, 60
Trd, 259147.667, 60
Trd, 259147.683, 60
Trd, 259147.700, 60
Trd, 259147.783, 60
Trd, 259147.800, 60
Trd, 259147.917, 62
Trd, 259147.933, 63
Trd, 259147.983, 63
Trd, 259148.133, 61
Trd, 259148.150, 62
Trd, 259148.317, 60
Trd, 259148.433, 63
Trd, 259148.467, 60
Trd, 259148.533, 64
Trd, 259148.633, 72
Trd, 259148.867, 73
Trd, 259149.200, 62
Trd, 259149.367, 66
Trd, 259149.433, 68
Trd, 259149.533, 68
Trd, 259149.983, 62
Trd, 259150.300, 69
Trd, 259150.350, 81
Trd, 259150.583, 60
Trd, 259151.000, 64
Trd, 259151.267, 65
Trd, 259151.933, 60
Trd, 259152.200, 60
Trd, 259152.267, 60
Trd, 259152.383, 60
Trd, 259152.450, 60
Trd, 259152.733, 61
Trd, 259152.750, 62
Trd, 259152.933, 61
Trd, 259153.000, 61
Trd, 259153.050, 71
Trd, 259153.333, 74
Trd, 259153.383, 140
Trd, 259153.450, 121
Trd, 259153.833, 138
Trd, 259154.183, 61
Trd, 259154.650, 89
Trd, 259154.767, 118
Trd, 259155.200, 66
Trd, 259155.500, 68
Trd, 259155.617, 69
Trd, 259155.917, 68
Trd, 259155.967, 72
Trd, 259156.050, 66
Trd, 259156.217, 99
Trd, 259156.317, 63
Trd, 259156.383, 80
Trd, 259156.500, 121
Trd, 259157.333, 76
Trd, 259157.550, 74
Trd, 259157.833, 71
Trd, 259157.917, 70
Trd, 259158.017, 71
Trd, 259158.050, 72
Trd, 259158.150, 73
Trd, 259158.200, 68
Trd, 259158.333, 74
Trd, 259158.550, 67
Trd, 259158.667, 74
Trd, 259158.750, 75
Trd, 259158.767, 97
Trd, 259158.983, 67
Trd, 259159.500, 68
Trd, 259159.800, 68
Trd, 259160.350, 70
Trd, 259160.550, 68
Trd, 259160.617, 119
Trd, 259161.017, 116
Trd, 259161.317, 65
Trd, 259161.367, 71
Trd, 259161.450, 99
Trd, 259161.467, 62
Trd, 259162.033, 60
Trd, 259162.233, 63
Trd, 259162.300, 68
Trd, 259162.317, 71
Trd, 259163.067, 60
Trd, 259163.483, 60
Trd, 259163.700, 60
Trd, 259164.083, 64
Trd, 259164.133, 65
Trd, 259164.167, 66
Trd, 259164.517, 65
Trd, 259164.583, 63
Trd, 259164.933, 60
Trd, 259164.983, 60
Trd, 259165.250, 62
Trd, 259165.517, 60
Trd, 259165.550, 61
Trd, 259165.817, 61
Trd, 259166.117, 60
Trd, 259166.133, 60
Trd, 259166.300, 60
Trd, 259166.350, 63
Trd, 259166.517, 63
Trd, 259166.883, 62
Trd, 259166.983, 62
Trd, 259167.033, 63
Trd, 259167.200, 61
Trd, 259167.433, 65
Trd, 259167.467, 70
Trd, 259167.550, 64
Trd, 259167.817, 80
Trd, 259167.833, 87
Trd, 259168.350, 60
Trd, 259168.917, 60
Trd, 259168.933, 60
Trd, 259168.950, 60
Trd, 259169.433, 60
Trd, 259169.750, 60
Trd, 259170.033, 60
Trd, 259170.583, 60
Trd, 259170.683, 118
Trd, 259170.967, 85
Trd, 259171.033, 86
Trd, 259171.067, 87
Trd, 259171.400, 78
Trd, 259171.567, 140
Trd, 259171.617, 140
Trd, 259171.817, 140
Trd, 259172.300, 140
Trd, 259172.467, 140
Trd, 259172.717, 140
Trd, 259173.883, 140
Trd, 259174.267, 140
Trd, 259174.367, 140
Trd, 259174.533, 140
Trd, 259174.550, 140
Trd, 259174.717, 140
Trd, 259174.733, 140
Trd, 259174.800, 140
Trd, 259174.867, 140
Trd, 259174.950, 140
Trd, 259175.350, 140
Trd, 259175.467, 140
Trd, 259175.533, 140
Trd, 259176.067, 140
Trd, 259176.083, 140
Trd, 259176.167, 140
Trd, 259176.250, 140
Trd, 259176.283, 139
Trd, 259176.317, 127
Trd, 259176.800, 100
Trd, 259177.100, 135
Trd, 259177.183, 134
Trd, 259177.200, 93
Trd, 259177.283, 136
Trd, 259177.450, 140
Trd, 259177.517, 83
Trd, 259178.167, 114
Trd, 259178.500, 139
Trd, 259178.583, 113
Trd, 259178.933, 140
Trd, 259179.100, 140
Trd, 259179.550, 136
Trd, 259179.617, 129
Trd, 259179.667, 114
Trd, 259179.950, 140
Trd, 259180.117, 103
Trd, 259180.883, 140
Trd, 259181.150, 140
Trd, 259181.333, 140
Trd, 259181.533, 140
Trd, 259181.700, 140
Trd, 259181.733, 140
Trd, 259181.783, 140
Trd, 259181.800, 140
Trd, 259181.833, 140
Trd, 259182.083, 139
Trd, 259182.233, 126
Trd, 259182.300, 95
Trd, 259182.483, 94
Trd, 259182.617, 130
Trd, 259182.817, 134
Trd, 259182.867, 127
Trd, 259183.100, 126
Trd, 259183.350, 105
Trd, 259183.667, 140
Trd, 259183.850, 140
Trd, 259184.233, 103
Trd, 259184.567, 105
Trd, 259184.617, 105
Trd, 259184.733, 105
Trd, 259184.917, 106
Trd, 259185.583, 137
Trd, 259185.733, 137
Trd, 259185.850, 119
Trd, 259185.867, 138
Trd, 259185.967, 138
Trd, 259185.983, 115
Trd, 259186.067, 139
Trd, 259186.150, 140
Trd, 259186.433, 110
Trd, 259186.500, 111
Trd, 259186.650, 105
Trd, 259186.850, 112
Trd, 259187.000, 99
Trd, 259187.567, 94
Trd, 259187.950, 60
Trd, 259187.983, 61
Trd, 259188.083, 61
Trd, 259188.250, 60
Trd, 259188.350, 60
Trd, 259188.417, 61
Trd, 259188.883, 140
Trd, 259189.217, 140
Trd, 259189.883, 140
Trd, 259190.117, 140
Trd, 259190.733, 140
Trd, 259190.867, 140
Trd, 259190.983, 140
Trd, 259191.600, 140
Trd, 259191.617, 140
Trd, 259191.867, 140
Trd, 259191.883, 140
Trd, 259192.533, 140
Trd, 259192.617, 140
Trd, 259192.933, 140
Trd, 259192.983, 140
Trd, 259193.033, 140
Trd, 259193.050, 139
Trd, 259193.283, 140
Trd, 259193.500, 140
Trd, 259193.617, 139
Trd, 259193.767, 140
Trd, 259193.917, 140
Trd, 259194.050, 140
Trd, 259194.183, 138
Trd, 259194.300, 137
Trd, 259194.533, 138
Trd, 259195.333, 137
Trd, 259195.350, 136
Trd, 259195.383, 136
Trd, 259195.967, 140
Trd, 259196.317, 140
Trd, 259196.350, 140
Trd, 259196.367, 140
Trd, 259196.567, 140
Trd, 259196.650, 139
Trd, 259196.967, 140
Trd, 259197.333, 140
Trd, 259197.383, 140
Trd, 259197.600, 139
Trd, 259197.667, 140
Trd, 259198.483, 140
Trd, 259198.717, 140
Trd, 259198.883, 139
Trd, 259198.950, 140
Trd, 259199.100, 140
Trd, 259199.117, 139
Trd, 259199.533, 140
Trd, 259199.900, 139
Trd, 259200.000, 140
