Trd, 258555.100, 140
Trd, 258555.517, 134
Trd, 258555.667, 118
Trd, 258555.783, 114
Trd, 258555.983, 111
Trd, 258556.350, 118
Trd, 258556.667, 139
Trd, 258556.800, 137
Trd, 258557.117, 139
Trd, 258557.133, 139
Trd, 258557.700, 133
Trd, 258557.950, 120
Trd, 258558.117, 118
Trd, 258558.733, 119
Trd, 258559.000, 139
Trd, 258560.017, 136
Trd, 258560.067, 131
Trd, 258560.283, 135
Trd, 258560.450, 133
Trd, 258560.650, 137
Trd, 258560.983, 132
Trd, 258561.083, 137
Trd, 258561.300, 131
Trd, 258561.450, 118
Trd, 258562.117, 138
Trd, 258562.767, 130
Trd, 258563.067, 130
Trd, 258563.300, 138
Trd, 258563.783, 127
Trd, 258563.867, 133
Trd, 258564.383, 118
Trd, 258564.483, 135
Trd, 258564.733, 107
Trd, 258564.783, 106
Trd, 258564.867, 120
Trd, 258565.250, 139
Trd, 258565.417, 138
Trd, 258565.767, 140
Trd, 258566.467, 140
Trd, 258566.550, 139
Trd, 258566.817, 139
Trd, 258567.000, 133
Trd, 258567.217, 128
Trd, 258567.300, 137
Trd, 258567.333, 134
Trd, 258567.467, 126
Trd, 258567.733, 125
Trd, 258568.300, 121
Trd, 258568.367, 119
Trd, 258568.467, 140
Trd, 258569.000, 136
Trd, 258569.017, 138
Trd, 258569.100, 130
Trd, 258569.450, 138
Trd, 258569.500, 121
Trd, 258569.517, 112
Trd, 258570.150, 106
Trd, 258570.700, 113
Trd, 258570.883, 114
Trd, 258570.950, 134
Trd, 258571.083, 114
Trd, 258571.533, 138
Trd, 258571.650, 133
Trd, 258571.867, 136
Trd, 258571.900, 125
Trd, 258572.150, 134
Trd, 258572.750, 140
Trd, 258573.400, 140
Trd, 258574.200, 138
Trd, 258574.283, 137
Trd, 258574.533, 133
Trd, 258574.883, 132
Trd, 258575.317, 137
Trd, 258575.450, 134
Trd, 258575.567, 132
Trd, 258576.217, 138
Trd, 258576.617, 124
Trd, 258576.667, 121
Trd, 258576.933, 140
Trd, 258577.433, 140
Trd, 258577.483, 127
Trd, 258577.700, 120
Trd, 258578.083, 138
Trd, 258578.233, 137
Trd, 258578.650, 133
Trd, 258579.717, 134
Trd, 258579.733, 132
Trd, 258579.900, 125
Trd, 258580.717, 123
Trd, 258580.783, 122
Trd, 258580.883, 124
Trd, 258580.933, 106
Trd, 258580.950, 134
Trd, 258581.017, 95
Trd, 258581.267, 94
Trd, 258581.350, 109
Trd, 258581.483, 105
Trd, 258581.867, 134
Trd, 258582.267, 140
Trd, 258582.650, 134
Trd, 258582.867, 133
Trd, 258583.117, 131
Trd, 258583.233, 135
Trd, 258583.950, 133
Trd, 258584.067, 137
Trd, 258584.900, 122
Trd, 258585.150, 124
Trd, 258585.167, 138
Trd, 258585.200, 119
Trd, 258585.267, 118
Trd, 258585.583, 119
Trd, 258585.817, 118
Trd, 258586.117, 138
Trd, 258586.300, 115
Trd, 258586.550, 114
Trd, 258586.817, 131
Trd, 258587.167, 139
Trd, 258587.317, 127
Trd, 258587.500, 120
Trd, 258587.750, 108
Trd, 258588.200, 100
Trd, 258588.517, 125
Trd, 258588.817, 137
Trd, 258588.917, 125
Trd, 258590.283, 118
Trd, 258590.883, 126
Trd, 258591.233, 140
Trd, 258591.400, 140
Trd, 258591.867, 140
Trd, 258591.950, 139
Trd, 258592.167, 140
Trd, 258592.733, 134
Trd, 258592.800, 140
Trd, 258593.117, 130
Trd, 258593.200, 140
Trd, 258593.233, 127
Trd, 258593.267, 126
Trd, 258593.350, 132
Trd, 258593.717, 140
Trd, 258594.317, 130
Trd, 258594.617, 135
Trd, 258594.800, 119
Trd, 258595.117, 115
Trd, 258595.200, 119
Trd, 258595.800, 122
Trd, 258596.083, 117
Trd, 258597.300, 130
Trd, 258597.667, 130
Trd, 258597.750, 128
Trd, 258597.867, 117
Trd, 258597.933, 139
Trd, 258598.483, 140
Trd, 258598.700, 139
Trd, 258599.283, 108
Trd, 258599.317, 111
Trd, 258599.717, 107
Trd, 258599.783, 110
Trd, 258599.933, 111
Trd, 258600.083, 106
Trd, 258600.617, 139
Trd, 258601.067, 140
Trd, 258601.183, 139
Trd, 258601.300, 137
Trd, 258601.667, 114
Trd, 258601.783, 109
Trd, 258602.033, 110
Trd, 258602.400, 100
Trd, 258602.450, 97
Trd, 258602.550, 119
Trd, 258602.717, 112
Trd, 258602.800, 112
Trd, 258603.300, 115
Trd, 258603.367, 111
Trd, 258603.917, 116
Trd, 258604.083, 112
Trd, 258604.200, 128
Trd, 258604.217, 132
Trd, 258604.250, 133
Trd, 258604.867, 139
Trd, 258605.217, 139
Trd, 258605.567, 111
Trd, 258605.617, 107
Trd, 258605.667, 111
Trd, 258605.833, 115
Trd, 258605.850, 128
Trd, 258606.217, 124
Trd, 258607.050, 112
Trd, 258607.800, 135
Trd, 258607.817, 136
Trd, 258607.833, 134
Trd, 258608.083, 112
Trd, 258608.350, 101
Trd, 258608.483, 100
Trd, 258609.150, 106
Trd, 258609.267, 119
Trd, 258609.283, 103
Trd, 258610.467, 120
Trd, 258610.500, 121
Trd, 258610.850, 135
Trd, 258611.550, 133
Trd, 258611.983, 138
Trd, 258612.067, 137
Trd, 258612.217, 131
Trd, 258612.817, 129
Trd, 258613.567, 133
Trd, 258613.867, 126
Trd, 258613.883, 125
Trd, 258614.033, 131
Trd, 258614.233, 135
Trd, 258614.517, 134
Trd, 258614.717, 134
Trd, 258614.750, 133
Trd, 258614.800, 136
Trd, 258615.067, 132
Trd, 258615.267, 130
Trd, 258616.833, 133
Trd, 258616.900, 130
Trd, 258617.200, 140
Trd, 258617.467, 140
Trd, 258617.583, 140
Trd, 258617.833, 135
Trd, 258618.150, 123
Trd, 258618.283, 131
Trd, 258618.383, 123
Trd, 258618.533, 121
Trd, 258618.617, 120
Trd, 258618.983, 111
Trd, 258619.283, 108
Trd, 258619.550, 118
Trd, 258619.800, 137
Trd, 258620.217, 127
Trd, 258620.267, 118
Trd, 258621.200, 130
Trd, 258621.500, 136
Trd, 258621.550, 130
Trd, 258621.700, 130
Trd, 258622.367, 122
Trd, 258622.600, 139
Trd, 258622.733, 140
Trd, 258623.133, 139
Trd, 258623.350, 130
Trd, 258623.367, 117
Trd, 258623.600, 116
Trd, 258624.133, 140
Trd, 258624.167, 139
Trd, 258624.600, 139
Trd, 258624.633, 139
Trd, 258625.183, 133
Trd, 258625.200, 132
Trd, 258625.950, 133
Trd, 258626.333, 123
Trd, 258626.450, 121
Trd, 258626.517, 135
Trd, 258626.767, 128
Trd, 258627.067, 115
Trd, 258627.183, 133
Trd, 258627.700, 117
Trd, 258627.833, 114
Trd, 258627.967, 106
Trd, 258629.033, 139
Trd, 258629.233, 139
Trd, 258629.483, 137
Trd, 258629.500, 137
Trd, 258630.133, 118
Trd, 258630.217, 114
Trd, 258630.317, 112
Trd, 258630.533, 116
Trd, 258630.650, 136
Trd, 258630.983, 102
Trd, 258631.283, 130
Trd, 258631.567, 140
Trd, 258631.783, 140
Trd, 258632.067, 140
Trd, 258632.267, 139
Trd, 258632.650, 138
Trd, 258633.017, 138
Trd, 258634.067, 122
Trd, 258634.300, 120
Trd, 258634.317, 118
Trd, 258634.333, 131
Trd, 258635.183, 122
Trd, 258635.417, 134
Trd, 258635.467, 134
Trd, 258635.950, 120
Trd, 258636.450, 110
Trd, 258636.500, 131
Trd, 258636.700, 109
Trd, 258636.883, 100
Trd, 258636.900, 126
Trd, 258637.033, 134
Trd, 258637.100, 114
Trd, 258637.633, 128
Trd, 258637.817, 128
Trd, 258637.883, 119
Trd, 258637.983, 118
Trd, 258638.267, 109
Trd, 258638.850, 137
Trd, 258639.350, 110
Trd, 258639.567, 139
Trd, 258639.883, 136
Trd, 258639.967, 112
Trd, 258640.050, 109
Trd, 258640.167, 131
Trd, 258640.500, 120
Trd, 258640.950, 115
Trd, 258641.083, 117
Trd, 258641.300, 128
Trd, 258641.517, 102
Trd, 258641.817, 121
Trd, 258642.067, 130
Trd, 258642.717, 128
Trd, 258642.833, 124
Trd, 258643.067, 124
Trd, 258643.250, 134
Trd, 258643.283, 135
Trd, 258643.400, 118
Trd, 258643.450, 136
Trd, 258643.500, 114
Trd, 258643.600, 105
Trd, 258644.333, 140
Trd, 258644.900, 135
Trd, 258645.000, 135
Trd, 258645.283, 138
Trd, 258645.517, 131
Trd, 258645.533, 130
Trd, 258645.683, 138
Trd, 258645.717, 107
Trd, 258646.300, 137
Trd, 258646.467, 132
Trd, 258646.517, 124
Trd, 258646.783, 137
Trd, 258647.017, 123
Trd, 258647.083, 137
Trd, 258647.267, 129
Trd, 258647.283, 107
Trd, 258648.017, 108
Trd, 258649.050, 138
Trd, 258649.967, 124
Trd, 258650.217, 130
Trd, 258650.500, 140
Trd, 258650.600, 140
Trd, 258650.850, 130
Trd, 258651.117, 140
Trd, 258651.383, 115
Trd, 258651.950, 139
Trd, 258652.017, 127
Trd, 258652.267, 119
Trd, 258652.800, 140
Trd, 258652.983, 127
Trd, 258653.133, 130
Trd, 258653.183, 119
Trd, 258653.250, 124
Trd, 258653.317, 118
Trd, 258653.467, 118
Trd, 258653.717, 116
Trd, 258653.750, 135
Trd, 258654.267, 124
Trd, 258654.383, 140
Trd, 258654.533, 104
Trd, 258654.850, 121
Trd, 258654.950, 114
Trd, 258655.817, 133
Trd, 258656.050, 132
Trd, 258656.267, 131
Trd, 258656.483, 133
Trd, 258657.250, 131
Trd, 258657.367, 114
Trd, 258657.500, 108
Trd, 258657.867, 107
Trd, 258658.683, 139
Trd, 258658.967, 138
Trd, 258659.017, 135
Trd, 258659.317, 132
Trd, 258659.383, 131
Trd, 258659.550, 139
Trd, 258659.983, 129
Trd, 258660.283, 111
Trd, 258660.500, 104
Trd, 258660.917, 138
Trd, 258661.700, 140
Trd, 258661.800, 139
Trd, 258662.333, 140
Trd, 258662.550, 137
Trd, 258662.583, 127
Trd, 258663.000, 118
Trd, 258663.383, 140
Trd, 258664.000, 119
Trd, 258664.517, 131
Trd, 258664.633, 130
Trd, 258665.067, 127
Trd, 258665.133, 126
Trd, 258665.433, 124
Trd, 258665.683, 132
Trd, 258666.333, 125
Trd, 258666.433, 132
Trd, 258666.517, 134
Trd, 258666.550, 125
Trd, 258667.000, 132
Trd, 258667.217, 134
Trd, 258667.283, 124
Trd, 258667.450, 109
Trd, 258667.683, 121
Trd, 258668.233, 140
Trd, 258668.617, 130
Trd, 258668.667, 125
Trd, 258668.817, 115
Trd, 258669.100, 140
Trd, 258669.250, 140
Trd, 258669.300, 117
Trd, 258670.083, 130
Trd, 258670.183, 126
Trd, 258670.383, 118
Trd, 258670.417, 106
Trd, 258671.517, 128
Trd, 258671.867, 128
Trd, 258672.250, 139
Trd, 258672.383, 125
Trd, 258672.667, 128
Trd, 258672.767, 123
Trd, 258672.883, 122
Trd, 258672.933, 134
Trd, 258673.417, 130
Trd, 258673.500, 134
Trd, 258673.950, 120
Trd, 258674.050, 123
Trd, 258674.633, 140
Trd, 258674.650, 126
Trd, 258675.567, 140
Trd, 258675.800, 139
Trd, 258675.933, 136
Trd, 258676.083, 135
Trd, 258676.417, 140
Trd, 258676.917, 130
Trd, 258677.017, 138
Trd, 258677.067, 136
Trd, 258677.367, 129
Trd, 258677.450, 139
Trd, 258678.050, 112
Trd, 258678.183, 125
Trd, 258678.417, 117
Trd, 258678.483, 109
Trd, 258678.733, 119
Trd, 258678.767, 107
Trd, 258678.800, 129
Trd, 258679.350, 136
Trd, 258679.417, 131
Trd, 258679.883, 139
Trd, 258680.133, 140
Trd, 258680.317, 128
Trd, 258680.650, 106
Trd, 258680.867, 116
Trd, 258681.067, 127
Trd, 258681.667, 113
Trd, 258682.133, 126
Trd, 258682.300, 122
Trd, 258682.450, 115
Trd, 258683.033, 118
Trd, 258683.117, 115
Trd, 258683.200, 110
Trd, 258683.467, 128
Trd, 258683.617, 128
Trd, 258683.817, 138
Trd, 258683.900, 118
Trd, 258683.950, 139
Trd, 258684.133, 117
Trd, 258684.367, 104
Trd, 258684.833, 114
Trd, 258685.000, 135
Trd, 258685.283, 132
Trd, 258685.333, 123
Trd, 258687.083, 132
Trd, 258687.350, 107
Trd, 258687.500, 136
Trd, 258687.883, 124
Trd, 258688.000, 106
Trd, 258688.100, 132
Trd, 258688.333, 122
Trd, 258688.483, 90
Trd, 258688.533, 137
Trd, 258689.117, 139
Trd, 258689.300, 135
Trd, 258689.367, 110
Trd, 258689.550, 132
Trd, 258689.950, 122
Trd, 258690.183, 95
Trd, 258690.300, 132
Trd, 258690.550, 97
Trd, 258690.800, 121
Trd, 258691.350, 112
Trd, 258691.683, 140
Trd, 258692.017, 110
Trd, 258692.433, 123
Trd, 258692.633, 117
Trd, 258692.733, 125
Trd, 258693.033, 101
Trd, 258693.100, 140
Trd, 258693.800, 97
Trd, 258694.067, 130
Trd, 258694.100, 106
Trd, 258694.667, 121
Trd, 258695.317, 131
Trd, 258695.617, 136
Trd, 258695.633, 131
Trd, 258695.883, 131
Trd, 258696.717, 140
Trd, 258696.750, 129
Trd, 258697.017, 136
Trd, 258697.550, 139
Trd, 258697.850, 132
Trd, 258697.917, 132
Trd, 258698.383, 139
Trd, 258698.550, 131
Trd, 258698.800, 130
Trd, 258698.867, 137
Trd, 258698.983, 135
Trd, 258699.050, 121
Trd, 258699.100, 120
Trd, 258699.217, 118
Trd, 258699.467, 120
Trd, 258700.083, 115
Trd, 258700.533, 129
Trd, 258700.650, 137
Trd, 258700.767, 118
Trd, 258701.333, 129
Trd, 258702.050, 136
Trd, 258702.233, 127
Trd, 258702.833, 139
Trd, 258704.200, 138
Trd, 258704.367, 137
Trd, 258704.433, 137
Trd, 258704.567, 137
Trd, 258704.667, 136
Trd, 258705.150, 122
Trd, 258705.350, 121
Trd, 258705.900, 109
Trd, 258706.000, 110
Trd, 258706.317, 115
Trd, 258706.400, 121
Trd, 258707.183, 120
Trd, 258707.417, 129
Trd, 258707.450, 104
Trd, 258707.483, 130
Trd, 258707.600, 97
Trd, 258707.700, 93
Trd, 258707.967, 101
Trd, 258708.383, 118
Trd, 258708.683, 118
Trd, 258708.700, 119
Trd, 258708.967, 103
Trd, 258709.400, 95
Trd, 258709.550, 90
Trd, 258709.683, 97
Trd, 258710.033, 119
Trd, 258710.133, 73
Trd, 258710.367, 128
Trd, 258710.550, 110
Trd, 258711.183, 80
Trd, 258711.750, 134
Trd, 258711.950, 130
Trd, 258712.100, 107
Trd, 258712.450, 139
Trd, 258713.017, 137
Trd, 258713.233, 127
Trd, 258713.367, 137
Trd, 258713.683, 116
Trd, 258713.750, 115
Trd, 258713.817, 105
Trd, 258714.033, 95
Trd, 258714.533, 137
Trd, 258714.633, 135
Trd, 258714.800, 113
Trd, 258715.267, 115
Trd, 258715.533, 114
Trd, 258715.667, 114
Trd, 258715.767, 120
Trd, 258716.133, 130
Trd, 258716.883, 131
Trd, 258717.133, 129
Trd, 258717.233, 116
Trd, 258717.333, 108
Trd, 258717.367, 107
Trd, 258718.167, 118
Trd, 258718.500, 125
Trd, 258718.667, 118
Trd, 258719.133, 138
Trd, 258719.450, 131
Trd, 258719.683, 127
Trd, 258719.900, 127
Trd, 258720.300, 136
Trd, 258720.500, 137
Trd, 258720.683, 134
Trd, 258720.950, 133
Trd, 258720.983, 120
Trd, 258721.167, 131
Trd, 258721.983, 124
Trd, 258722.183, 136
Trd, 258722.250, 122
Trd, 258722.367, 112
Trd, 258722.650, 116
Trd, 258722.833, 126
Trd, 258723.083, 115
Trd, 258723.183, 118
Trd, 258723.317, 112
Trd, 258723.533, 113
Trd, 258724.200, 135
Trd, 258724.367, 128
Trd, 258724.767, 129
Trd, 258725.100, 128
Trd, 258725.467, 113
Trd, 258725.667, 121
Trd, 258725.933, 110
Trd, 258726.100, 137
Trd, 258726.400, 126
Trd, 258726.900, 131
Trd, 258726.950, 139
Trd, 258727.683, 140
Trd, 258727.800, 139
Trd, 258728.050, 133
Trd, 258728.417, 125
Trd, 258728.500, 123
Trd, 258728.533, 118
Trd, 258728.917, 118
Trd, 258729.017, 109
Trd, 258729.517, 117
Trd, 258729.817, 117
Trd, 258730.067, 125
Trd, 258730.300, 123
Trd, 258730.467, 127
Trd, 258730.833, 132
Trd, 258730.850, 121
Trd, 258730.867, 120
Trd, 258731.317, 133
Trd, 258731.400, 130
Trd, 258731.650, 128
Trd, 258732.617, 138
Trd, 258732.967, 139
Trd, 258733.017, 137
Trd, 258733.317, 135
Trd, 258733.533, 134
Trd, 258733.950, 138
Trd, 258735.067, 131
Trd, 258735.350, 129
Trd, 258735.400, 126
Trd, 258735.617, 124
Trd, 258736.217, 123
Trd, 258736.883, 139
Trd, 258737.200, 137
Trd, 258737.383, 134
Trd, 258737.767, 137
Trd, 258738.467, 136
Trd, 258738.700, 125
Trd, 258739.167, 139
Trd, 258739.367, 124
Trd, 258739.400, 119
Trd, 258740.133, 118
Trd, 258740.383, 119
Trd, 258740.433, 110
Trd, 258740.517, 106
Trd, 258740.667, 103
Trd, 258740.783, 114
Trd, 258740.817, 121
Trd, 258740.833, 100
Trd, 258740.933, 98
Trd, 258740.950, 97
Trd, 258741.117, 128
Trd, 258741.550, 137
Trd, 258741.883, 132
Trd, 258742.450, 138
Trd, 258742.467, 137
Trd, 258743.233, 140
Trd, 258743.617, 140
Trd, 258743.800, 137
Trd, 258744.283, 134
Trd, 258744.767, 119
Trd, 258744.917, 110
Trd, 258745.167, 117
Trd, 258745.267, 116
Trd, 258745.783, 124
Trd, 258745.867, 120
Trd, 258746.117, 111
Trd, 258746.417, 104
Trd, 258746.700, 118
Trd, 258746.867, 100
Trd, 258746.933, 120
Trd, 258747.250, 128
Trd, 258747.400, 111
Trd, 258747.567, 126
Trd, 258747.733, 109
Trd, 258748.083, 136
Trd, 258748.667, 139
Trd, 258749.150, 138
Trd, 258749.500, 138
Trd, 258749.517, 137
Trd, 258749.617, 132
Trd, 258749.717, 136
Trd, 258749.750, 126
Trd, 258750.300, 137
Trd, 258750.483, 119
Trd, 258751.067, 137
Trd, 258751.100, 128
Trd, 258751.217, 137
Trd, 258751.683, 126
Trd, 258752.217, 134
Trd, 258753.150, 129
Trd, 258753.250, 125
Trd, 258753.433, 120
Trd, 258753.833, 137
Trd, 258753.983, 126
Trd, 258754.450, 140
Trd, 258754.467, 122
Trd, 258754.850, 127
Trd, 258754.950, 114
Trd, 258755.200, 123
Trd, 258755.433, 124
Trd, 258755.483, 113
Trd, 258755.583, 129
Trd, 258756.050, 133
Trd, 258756.150, 135
Trd, 258756.800, 140
Trd, 258757.683, 135
Trd, 258758.350, 126
Trd, 258758.450, 127
Trd, 258758.750, 123
Trd, 258759.050, 113
Trd, 258759.167, 102
Trd, 258759.367, 135
Trd, 258759.383, 102
Trd, 258759.417, 100
Trd, 258760.050, 115
Trd, 258760.333, 99
Trd, 258760.400, 123
Trd, 258760.583, 124
Trd, 258761.333, 126
Trd, 258761.367, 124
Trd, 258761.400, 134
Trd, 258762.083, 133
Trd, 258762.250, 128
Trd, 258762.450, 128
Trd, 258762.817, 127
Trd, 258762.900, 112
Trd, 258763.033, 135
Trd, 258763.150, 106
Trd, 258763.800, 137
Trd, 258764.133, 134
Trd, 258764.417, 140
Trd, 258764.567, 137
Trd, 258764.900, 139
Trd, 258765.533, 140
Trd, 258765.750, 140
Trd, 258765.983, 140
Trd, 258766.350, 124
Trd, 258766.617, 118
Trd, 258766.717, 115
Trd, 258766.833, 134
Trd, 258766.967, 105
Trd, 258767.250, 135
Trd, 258767.450, 135
Trd, 258767.517, 133
Trd, 258768.167, 136
Trd, 258768.883, 108
Trd, 258769.167, 138
Trd, 258769.550, 125
Trd, 258770.033, 114
Trd, 258770.050, 113
Trd, 258770.233, 119
Trd, 258770.317, 109
Trd, 258770.500, 108
Trd, 258770.583, 138
Trd, 258770.800, 125
Trd, 258771.383, 114
Trd, 258771.917, 107
Trd, 258772.267, 98
Trd, 258772.283, 97
Trd, 258772.483, 106
Trd, 258772.717, 103
Trd, 258772.800, 108
Trd, 258772.917, 110
Trd, 258773.233, 85
Trd, 258773.583, 95
Trd, 258773.617, 101
Trd, 258773.867, 92
Trd, 258774.717, 123
Trd, 258775.200, 121
Trd, 258776.083, 138
Trd, 258776.300, 137
Trd, 258776.667, 136
Trd, 258777.033, 132
Trd, 258777.100, 126
Trd, 258777.183, 121
Trd, 258777.567, 114
Trd, 258777.767, 129
Trd, 258777.967, 135
Trd, 258778.000, 116
Trd, 258778.050, 116
Trd, 258778.083, 112
Trd, 258778.600, 140
Trd, 258778.717, 138
Trd, 258778.733, 121
Trd, 258778.917, 132
Trd, 258780.017, 139
Trd, 258780.150, 131
Trd, 258780.367, 116
Trd, 258780.717, 140
Trd, 258781.483, 138
Trd, 258781.700, 140
Trd, 258781.850, 137
Trd, 258782.267, 135
Trd, 258782.667, 135
Trd, 258783.067, 119
Trd, 258783.567, 127
Trd, 258783.700, 117
Trd, 258783.717, 115
Trd, 258783.950, 118
Trd, 258784.100, 136
Trd, 258784.500, 139
Trd, 258784.583, 117
Trd, 258785.167, 128
Trd, 258785.183, 127
Trd, 258785.500, 127
Trd, 258786.033, 138
Trd, 258786.633, 140
Trd, 258787.017, 119
Trd, 258787.083, 140
Trd, 258787.817, 136
Trd, 258787.833, 135
Trd, 258788.083, 126
Trd, 258788.100, 113
Trd, 258788.550, 137
Trd, 258788.650, 139
Trd, 258788.833, 136
Trd, 258789.467, 122
Trd, 258789.667, 123
Trd, 258789.917, 116
Trd, 258790.033, 110
Trd, 258790.183, 124
Trd, 258790.333, 124
Trd, 258790.667, 111
Trd, 258791.067, 125
Trd, 258791.083, 105
Trd, 258791.167, 126
Trd, 258791.650, 134
Trd, 258791.950, 135
Trd, 258792.400, 137
Trd, 258793.050, 138
Trd, 258793.267, 140
Trd, 258793.333, 132
Trd, 258793.650, 140
Trd, 258794.200, 134
Trd, 258794.283, 114
Trd, 258795.150, 111
Trd, 258796.200, 140
Trd, 258796.850, 137
Trd, 258796.950, 123
Trd, 258797.283, 126
Trd, 258797.367, 116
Trd, 258797.517, 112
Trd, 258797.900, 138
Trd, 258798.133, 139
Trd, 258798.267, 131
Trd, 258798.450, 140
Trd, 258799.000, 140
Trd, 258799.250, 140
Trd, 258799.550, 139
Trd, 258799.983, 140
Trd, 258800.050, 132
Trd, 258800.117, 126
Trd, 258800.383, 129
Trd, 258800.600, 123
Trd, 258801.267, 140
Trd, 258801.433, 113
Trd, 258801.483, 138
Trd, 258801.567, 140
Trd, 258801.967, 121
Trd, 258802.050, 105
Trd, 258802.383, 128
Trd, 258802.417, 129
Trd, 258802.783, 126
Trd, 258803.167, 108
Trd, 258803.450, 131
Trd, 258804.100, 114
Trd, 258804.483, 106
Trd, 258804.867, 112
Trd, 258804.883, 100
Trd, 258804.967, 135
Trd, 258805.150, 130
Trd, 258805.183, 135
Trd, 258805.617, 118
Trd, 258806.167, 114
Trd, 258806.367, 106
Trd, 258806.833, 107
Trd, 258806.950, 106
Trd, 258807.150, 104
Trd, 258807.200, 127
Trd, 258807.583, 131
Trd, 258807.600, 103
Trd, 258807.767, 133
Trd, 258807.983, 127
Trd, 258808.500, 132
Trd, 258808.517, 135
Trd, 258808.650, 122
Trd, 258808.683, 113
Trd, 258808.783, 133
Trd, 258809.100, 129
Trd, 258809.300, 127
Trd, 258809.767, 108
Trd, 258809.850, 109
Trd, 258810.117, 108
Trd, 258810.367, 136
Trd, 258810.500, 99
Trd, 258810.817, 138
Trd, 258810.967, 102
Trd, 258811.500, 115
Trd, 258811.833, 137
Trd, 258812.233, 126
Trd, 258812.950, 130
Trd, 258813.250, 137
Trd, 258813.400, 125
Trd, 258813.450, 110
Trd, 258814.017, 104
Trd, 258814.267, 134
Trd, 258814.650, 113
Trd, 258815.233, 108
Trd, 258815.633, 104
Trd, 258815.750, 102
Trd, 258815.850, 101
Trd, 258815.950, 124
Trd, 258815.967, 130
Trd, 258816.033, 113
Trd, 258816.133, 97
Trd, 258816.467, 140
Trd, 258816.683, 139
Trd, 258816.833, 138
Trd, 258816.900, 115
Trd, 258817.100, 115
Trd, 258817.600, 140
Trd, 258817.767, 136
Trd, 258817.817, 132
Trd, 258818.550, 136
Trd, 258819.267, 135
Trd, 258820.017, 119
Trd, 258821.217, 136
Trd, 258821.317, 134
Trd, 258821.817, 121
Trd, 258822.283, 134
Trd, 258822.983, 138
Trd, 258823.067, 135
Trd, 258823.200, 133
Trd, 258823.333, 121
Trd, 258823.350, 137
Trd, 258823.500, 138
Trd, 258823.767, 139
Trd, 258824.017, 134
Trd, 258824.483, 140
Trd, 258825.117, 117
Trd, 258825.417, 112
Trd, 258825.567, 100
Trd, 258825.800, 125
Trd, 258826.033, 124
Trd, 258826.567, 119
Trd, 258827.067, 131
Trd, 258827.167, 134
Trd, 258827.717, 140
Trd, 258827.967, 139
Trd, 258828.217, 138
Trd, 258828.500, 140
Trd, 258828.650, 140
Trd, 258828.667, 139
Trd, 258828.950, 137
Trd, 258829.550, 127
Trd, 258829.833, 139
Trd, 258830.133, 138
Trd, 258830.217, 135
Trd, 258830.867, 134
Trd, 258830.900, 133
Trd, 258831.117, 134
Trd, 258831.283, 125
Trd, 258831.417, 123
Trd, 258831.433, 122
Trd, 258831.733, 125
Trd, 258831.750, 121
Trd, 258831.883, 113
Trd, 258831.983, 109
Trd, 258832.233, 127
Trd, 258832.283, 129
Trd, 258832.317, 109
Trd, 258833.067, 134
Trd, 258833.300, 135
Trd, 258833.417, 130
Trd, 258833.467, 139
Trd, 258833.750, 126
Trd, 258834.317, 132
Trd, 258834.333, 130
Trd, 258834.517, 130
Trd, 258834.550, 108
Trd, 258835.000, 133
Trd, 258835.267, 128
Trd, 258835.567, 140
Trd, 258835.683, 106
Trd, 258836.067, 104
Trd, 258836.317, 89
Trd, 258836.617, 94
Trd, 258836.750, 94
Trd, 258837.317, 101
Trd, 258837.433, 110
Trd, 258837.533, 109
Trd, 258837.800, 110
Trd, 258837.900, 120
Trd, 258838.000, 101
Trd, 258838.133, 98
Trd, 258838.250, 99
Trd, 258838.317, 124
Trd, 258838.967, 98
Trd, 258839.050, 119
Trd, 258839.117, 133
Trd, 258839.650, 132
Trd, 258840.100, 120
Trd, 258840.217, 122
Trd, 258840.233, 104
Trd, 258840.433, 124
Trd, 258840.617, 139
Trd, 258841.217, 140
Trd, 258841.283, 140
Trd, 258841.383, 140
Trd, 258841.433, 138
Trd, 258841.600, 135
Trd, 258841.683, 133
Trd, 258841.883, 130
Trd, 258842.417, 126
Trd, 258842.600, 128
Trd, 258842.767, 138
Trd, 258843.717, 139
Trd, 258843.950, 130
Trd, 258844.083, 127
Trd, 258844.317, 133
Trd, 258844.400, 126
Trd, 258844.633, 124
Trd, 258844.717, 123
Trd, 258845.400, 120
Trd, 258845.467, 124
Trd, 258845.833, 114
Trd, 258845.900, 108
Trd, 258846.083, 104
Trd, 258846.200, 100
Trd, 258846.567, 111
Trd, 258846.583, 99
Trd, 258846.633, 95
Trd, 258846.817, 111
Trd, 258846.917, 112
Trd, 258847.083, 68
Trd, 258847.167, 88
Trd, 258847.967, 121
Trd, 258848.200, 110
Trd, 258848.683, 106
Trd, 258848.917, 129
Trd, 258848.967, 111
Trd, 258849.400, 123
Trd, 258849.633, 119
Trd, 258849.867, 103
Trd, 258850.600, 106
Trd, 258850.617, 103
Trd, 258851.017, 121
Trd, 258851.400, 99
Trd, 258851.417, 118
Trd, 258851.483, 138
Trd, 258851.700, 109
Trd, 258852.033, 92
Trd, 258852.050, 85
Trd, 258852.733, 112
Trd, 258853.083, 130
Trd, 258853.283, 130
Trd, 258853.650, 126
Trd, 258853.667, 123
Trd, 258853.867, 137
Trd, 258853.917, 102
Trd, 258854.117, 98
Trd, 258854.600, 98
Trd, 258855.050, 99
Trd, 258855.200, 100
Trd, 258855.550, 101
Trd, 258855.800, 95
Trd, 258855.883, 109
Trd, 258856.267, 111
Trd, 258856.317, 120
Trd, 258856.583, 111
Trd, 258857.750, 120
Trd, 258857.917, 123
Trd, 258858.433, 127
Trd, 258858.633, 132
Trd, 258858.667, 124
Trd, 258858.700, 111
Trd, 258859.367, 124
Trd, 258859.383, 102
Trd, 258859.433, 130
Trd, 258859.767, 136
Trd, 258859.800, 119
Trd, 258860.100, 99
Trd, 258860.383, 140
Trd, 258860.983, 98
Trd, 258861.283, 108
Trd, 258861.733, 137
Trd, 258861.883, 118
Trd, 258862.017, 139
Trd, 258862.500, 140
Trd, 258862.633, 140
Trd, 258862.800, 129
Trd, 258863.150, 130
Trd, 258863.467, 140
Trd, 258863.667, 140
Trd, 258863.683, 126
Trd, 258863.783, 135
Trd, 258863.883, 102
Trd, 258864.117, 119
Trd, 258864.333, 102
Trd, 258864.583, 102
Trd, 258864.783, 107
Trd, 258865.117, 129
Trd, 258866.017, 92
Trd, 258866.133, 130
Trd, 258866.333, 121
Trd, 258866.533, 123
Trd, 258866.917, 104
Trd, 258867.183, 122
Trd, 258867.250, 110
Trd, 258867.417, 137
Trd, 258867.450, 118
Trd, 258867.483, 102
Trd, 258868.333, 114
Trd, 258868.717, 130
Trd, 258869.083, 140
Trd, 258869.667, 139
Trd, 258869.817, 136
Trd, 258869.967, 133
Trd, 258870.650, 134
Trd, 258870.733, 131
Trd, 258870.983, 130
Trd, 258871.400, 119
Trd, 258871.650, 129
Trd, 258871.667, 130
Trd, 258872.333, 118
Trd, 258873.133, 140
Trd, 258873.150, 136
Trd, 258873.217, 133
Trd, 258873.500, 132
Trd, 258873.783, 127
Trd, 258873.900, 127
Trd, 258874.000, 125
Trd, 258874.033, 123
Trd, 258874.500, 140
Trd, 258874.850, 114
Trd, 258874.867, 108
Trd, 258875.467, 107
Trd, 258875.500, 134
Trd, 258875.683, 139
Trd, 258875.717, 108
Trd, 258876.200, 140
Trd, 258876.300, 134
Trd, 258876.967, 131
Trd, 258877.283, 130
Trd, 258877.567, 130
Trd, 258877.683, 131
Trd, 258878.583, 136
Trd, 258878.933, 136
Trd, 258879.183, 134
Trd, 258879.383, 139
Trd, 258879.417, 121
Trd, 258879.600, 140
Trd, 258879.900, 138
Trd, 258880.133, 139
Trd, 258880.250, 129
Trd, 258880.667, 122
Trd, 258880.817, 121
Trd, 258881.267, 120
Trd, 258881.300, 118
Trd, 258881.383, 123
Trd, 258881.433, 135
Trd, 258881.650, 115
Trd, 258881.717, 108
Trd, 258882.050, 125
Trd, 258882.217, 140
Trd, 258882.417, 140
Trd, 258882.550, 139
Trd, 258882.950, 133
Trd, 258883.883, 130
Trd, 258884.283, 113
Trd, 258884.733, 125
Trd, 258884.967, 101
Trd, 258885.150, 103
Trd, 258885.233, 102
Trd, 258885.283, 93
Trd, 258885.317, 125
Trd, 258885.600, 96
Trd, 258886.750, 140
Trd, 258887.200, 140
Trd, 258887.317, 140
Trd, 258887.800, 137
Trd, 258888.350, 136
Trd, 258888.600, 136
Trd, 258889.083, 134
Trd, 258889.167, 132
Trd, 258889.483, 116
Trd, 258889.667, 138
Trd, 258889.700, 113
Trd, 258889.817, 140
Trd, 258889.900, 112
Trd, 258890.100, 138
Trd, 258890.250, 136
Trd, 258890.367, 123
Trd, 258890.850, 132
Trd, 258891.033, 130
Trd, 258891.050, 128
Trd, 258891.300, 118
Trd, 258891.550, 101
Trd, 258892.683, 139
Trd, 258893.067, 132
Trd, 258893.217, 140
Trd, 258893.867, 112
Trd, 258893.917, 124
Trd, 258894.333, 128
Trd, 258895.583, 136
Trd, 258895.717, 140
Trd, 258895.817, 124
Trd, 258896.367, 120
Trd, 258896.400, 125
Trd, 258896.467, 115
Trd, 258896.633, 102
Trd, 258897.150, 126
Trd, 258897.317, 127
Trd, 258897.367, 126
Trd, 258897.550, 134
Trd, 258897.783, 134
Trd, 258898.017, 116
Trd, 258898.967, 126
Trd, 258899.033, 121
Trd, 258899.233, 110
Trd, 258899.367, 130
Trd, 258899.700, 132
Trd, 258899.933, 134
Trd, 258900.317, 135
Trd, 258900.517, 123
Trd, 258900.733, 97
Trd, 258901.033, 119
Trd, 258901.067, 123
Trd, 258901.117, 115
Trd, 258901.133, 120
Trd, 258901.283, 124
Trd, 258901.800, 118
Trd, 258902.283, 128
Trd, 258902.833, 119
Trd, 258902.933, 129
Trd, 258902.983, 134
Trd, 258903.267, 113
Trd, 258903.283, 111
Trd, 258904.017, 115
Trd, 258904.450, 140
Trd, 258904.767, 139
Trd, 258904.900, 137
Trd, 258905.083, 131
Trd, 258905.583, 139
Trd, 258905.750, 140
Trd, 258906.133, 135
Trd, 258906.150, 122
Trd, 258906.717, 136
Trd, 258906.733, 126
Trd, 258907.317, 126
Trd, 258907.483, 128
Trd, 258907.567, 108
Trd, 258908.067, 127
Trd, 258908.350, 137
Trd, 258908.367, 119
Trd, 258908.833, 133
Trd, 258908.883, 126
Trd, 258909.217, 132
Trd, 258909.583, 134
Trd, 258909.600, 133
Trd, 258910.133, 135
Trd, 258910.183, 120
Trd, 258910.250, 117
Trd, 258910.283, 117
Trd, 258910.400, 111
Trd, 258910.733, 136
Trd, 258910.767, 114
Trd, 258911.017, 107
Trd, 258911.100, 132
Trd, 258912.267, 96
Trd, 258912.417, 132
Trd, 258912.783, 137
Trd, 258913.050, 138
Trd, 258913.183, 123
Trd, 258913.467, 122
Trd, 258913.500, 115
Trd, 258913.783, 123
Trd, 258913.817, 114
Trd, 258914.300, 140
Trd, 258914.433, 139
Trd, 258914.567, 136
Trd, 258914.633, 128
Trd, 258915.700, 140
Trd, 258915.933, 126
Trd, 258916.233, 123
Trd, 258916.267, 121
Trd, 258917.033, 128
Trd, 258917.417, 131
Trd, 258917.617, 123
Trd, 258918.183, 110
Trd, 258918.267, 113
Trd, 258918.517, 109
Trd, 258918.583, 108
Trd, 258918.700, 106
Trd, 258918.900, 102
Trd, 258918.967, 122
Trd, 258919.100, 135
Trd, 258919.483, 122
Trd, 258919.517, 115
Trd, 258919.533, 112
Trd, 258919.583, 123
Trd, 258920.100, 138
Trd, 258920.317, 129
Trd, 258920.333, 127
Trd, 258920.417, 105
Trd, 258920.550, 137
Trd, 258921.217, 140
Trd, 258921.250, 136
Trd, 258921.950, 140
Trd, 258922.467, 135
Trd, 258922.617, 135
Trd, 258922.717, 133
Trd, 258923.333, 140
Trd, 258923.617, 136
Trd, 258923.633, 125
Trd, 258923.867, 122
Trd, 258923.883, 117
Trd, 258924.433, 137
Trd, 258924.850, 140
Trd, 258925.483, 132
Trd, 258925.650, 131
Trd, 258926.033, 133
Trd, 258926.300, 131
Trd, 258926.417, 127
Trd, 258926.433, 111
Trd, 258926.500, 107
Trd, 258926.750, 140
Trd, 258926.983, 116
Trd, 258927.517, 123
Trd, 258928.283, 127
Trd, 258928.583, 127
Trd, 258928.867, 116
Trd, 258929.183, 119
Trd, 258929.383, 127
Trd, 258929.733, 107
Trd, 258929.883, 116
Trd, 258930.450, 135
Trd, 258930.867, 139
Trd, 258931.033, 138
Trd, 258931.300, 137
Trd, 258931.833, 140
Trd, 258932.183, 136
Trd, 258932.250, 137
Trd, 258932.717, 125
Trd, 258933.017, 130
Trd, 258933.067, 121
Trd, 258933.133, 120
Trd, 258933.283, 122
Trd, 258933.567, 133
Trd, 258933.683, 119
Trd, 258934.200, 114
Trd, 258934.767, 133
Trd, 258934.950, 100
Trd, 258935.067, 139
Trd, 258935.833, 137
Trd, 258936.283, 135
Trd, 258936.383, 133
Trd, 258936.850, 140
Trd, 258937.400, 140
Trd, 258937.850, 139
Trd, 258938.117, 138
Trd, 258938.400, 138
Trd, 258938.600, 137
Trd, 258938.750, 135
Trd, 258939.567, 139
Trd, 258939.650, 137
Trd, 258940.300, 133
Trd, 258940.550, 132
Trd, 258941.067, 139
Trd, 258941.100, 135
Trd, 258941.317, 132
Trd, 258941.367, 128
Trd, 258941.617, 140
Trd, 258941.867, 140
Trd, 258942.133, 138
Trd, 258942.267, 125
Trd, 258942.650, 135
Trd, 258942.883, 125
Trd, 258943.367, 121
Trd, 258943.917, 117
Trd, 258944.583, 128
Trd, 258944.850, 111
Trd, 258945.283, 138
Trd, 258945.950, 127
Trd, 258946.117, 139
Trd, 258946.150, 137
Trd, 258946.233, 124
Trd, 258946.350, 137
Trd, 258946.433, 124
Trd, 258947.100, 128
Trd, 258947.467, 131
Trd, 258947.650, 129
Trd, 258948.633, 130
Trd, 258948.833, 128
Trd, 258948.850, 131
Trd, 258949.050, 123
Trd, 258949.117, 132
Trd, 258949.317, 118
Trd, 258949.533, 115
Trd, 258949.667, 140
Trd, 258949.733, 132
Trd, 258950.717, 116
Trd, 258950.800, 118
Trd, 258950.817, 113
Trd, 258951.050, 128
Trd, 258951.433, 131
Trd, 258951.900, 121
Trd, 258952.183, 137
Trd, 258952.283, 123
Trd, 258952.350, 111
Trd, 258952.467, 107
Trd, 258953.150, 139
Trd, 258953.217, 123
Trd, 258953.400, 118
Trd, 258953.733, 104
Trd, 258953.817, 101
Trd, 258954.133, 136
Trd, 258954.233, 116
Trd, 258954.267, 115
Trd, 258954.567, 140
Trd, 258954.867, 132
Trd, 258954.967, 119
Trd, 258955.467, 112
Trd, 258955.967, 97
Trd, 258956.483, 123
Trd, 258956.650, 107
Trd, 258957.133, 133
Trd, 258957.183, 134
Trd, 258957.550, 106
Trd, 258958.150, 105
Trd, 258958.217, 133
Trd, 258958.250, 131
Trd, 258958.283, 134
Trd, 258958.700, 128
Trd, 258959.150, 139
Trd, 258959.300, 126
Trd, 258959.583, 120
Trd, 258959.733, 139
Trd, 258960.250, 138
Trd, 258960.283, 133
Trd, 258960.900, 140
Trd, 258961.467, 122
Trd, 258961.517, 116
Trd, 258961.950, 132
Trd, 258962.267, 140
Trd, 258962.383, 139
Trd, 258962.700, 138
Trd, 258962.817, 135
Trd, 258963.183, 129
Trd, 258963.283, 122
Trd, 258963.400, 112
Trd, 258963.500, 127
Trd, 258964.033, 139
Trd, 258965.300, 130
Trd, 258965.333, 138
Trd, 258965.650, 136
Trd, 258965.833, 123
Trd, 258965.900, 122
Trd, 258966.100, 121
Trd, 258966.983, 140
Trd, 258967.500, 140
Trd, 258967.783, 139
Trd, 258967.850, 139
Trd, 258968.100, 137
Trd, 258968.117, 134
Trd, 258969.033, 140
Trd, 258969.100, 139
Trd, 258969.300, 136
Trd, 258969.817, 131
Trd, 258970.150, 119
Trd, 258970.467, 123
Trd, 258970.667, 118
Trd, 258970.967, 140
Trd, 258971.333, 124
Trd, 258972.317, 133
Trd, 258972.367, 131
Trd, 258972.467, 125
Trd, 258973.383, 134
Trd, 258973.550, 138
Trd, 258974.267, 139
Trd, 258974.317, 131
Trd, 258974.333, 130
Trd, 258974.517, 139
Trd, 258974.567, 129
Trd, 258974.667, 129
Trd, 258974.717, 127
Trd, 258975.117, 130
Trd, 258975.467, 132
Trd, 258975.583, 129
Trd, 258975.700, 139
Trd, 258975.917, 127
Trd, 258975.950, 126
Trd, 258976.350, 140
Trd, 258976.467, 140
Trd, 258976.550, 133
Trd, 258977.100, 113
Trd, 258977.150, 111
Trd, 258977.450, 136
Trd, 258977.567, 116
Trd, 258978.533, 135
Trd, 258978.717, 122
Trd, 258978.783, 120
Trd, 258979.433, 135
Trd, 258979.817, 131
Trd, 258980.000, 123
Trd, 258980.400, 133
Trd, 258980.450, 121
Trd, 258980.500, 135
Trd, 258980.683, 137
Trd, 258981.717, 126
Trd, 258981.933, 129
Trd, 258982.450, 132
Trd, 258982.667, 138
Trd, 258982.783, 120
Trd, 258983.117, 112
Trd, 258983.217, 111
Trd, 258983.883, 122
Trd, 258984.217, 140
Trd, 258984.233, 140
Trd, 258984.333, 115
Trd, 258984.767, 137
Trd, 258984.967, 109
Trd, 258985.200, 108
Trd, 258985.950, 134
Trd, 258986.767, 133
Trd, 258986.817, 137
Trd, 258987.233, 134
Trd, 258987.550, 120
Trd, 258987.683, 140
Trd, 258987.750, 117
Trd, 258988.533, 140
Trd, 258988.683, 139
Trd, 258988.717, 140
Trd, 258989.483, 140
Trd, 258989.783, 140
Trd, 258990.100, 139
Trd, 258990.233, 139
Trd, 258990.483, 139
Trd, 258990.967, 137
Trd, 258991.033, 137
Trd, 258991.517, 133
Trd, 258991.683, 128
Trd, 258991.717, 127
Trd, 258991.950, 135
Trd, 258991.967, 120
Trd, 258992.050, 116
Trd, 258992.333, 137
Trd, 258992.417, 120
Trd, 258992.533, 107
Trd, 258992.983, 139
Trd, 258993.000, 119
Trd, 258993.233, 117
Trd, 258993.367, 131
Trd, 258993.467, 119
Trd, 258993.750, 118
Trd, 258994.717, 140
Trd, 258994.750, 138
Trd, 258994.833, 124
Trd, 258995.633, 131
Trd, 258995.733, 130
Trd, 258995.783, 125
Trd, 258996.167, 121
Trd, 258996.200, 117
Trd, 258996.533, 111
Trd, 258996.933, 122
Trd, 258997.100, 113
Trd, 258997.167, 135
Trd, 258997.250, 136
Trd, 258997.333, 110
Trd, 258998.167, 116
Trd, 258998.383, 117
Trd, 258998.567, 104
Trd, 258998.817, 134
Trd, 258999.000, 127
Trd, 258999.167, 124
Trd, 258999.417, 108
Trd, 259000.100, 127
Trd, 259000.250, 109
Trd, 259000.700, 121
Trd, 259000.733, 108
Trd, 259000.750, 107
Trd, 259001.250, 124
Trd, 259001.400, 104
Trd, 259001.550, 124
Trd, 259001.600, 101
Trd, 259001.883, 110
Trd, 259002.483, 127
Trd, 259002.550, 132
Trd, 259002.667, 126
Trd, 259003.633, 139
Trd, 259004.167, 138
Trd, 259004.767, 133
Trd, 259005.117, 140
Trd, 259005.200, 137
Trd, 259005.950, 139
Trd, 259006.267, 138
Trd, 259006.300, 136
Trd, 259006.400, 136
Trd, 259006.967, 135
Trd, 259007.333, 118
Trd, 259007.783, 133
Trd, 259007.800, 114
Trd, 259008.267, 120
Trd, 259008.450, 127
Trd, 259008.633, 128
Trd, 259008.683, 135
Trd, 259009.133, 140
Trd, 259009.433, 140
Trd, 259009.517, 140
Trd, 259009.867, 140
Trd, 259010.000, 130
Trd, 259010.267, 140
Trd, 259010.900, 123
Trd, 259010.967, 122
Trd, 259011.250, 117
Trd, 259011.383, 126
Trd, 259011.450, 121
Trd, 259011.767, 131
Trd, 259011.800, 130
Trd, 259012.000, 119
Trd, 259012.150, 130
Trd, 259012.317, 112
Trd, 259012.617, 116
Trd, 259012.900, 130
Trd, 259012.983, 132
Trd, 259013.033, 110
Trd, 259013.433, 136
Trd, 259014.367, 139
Trd, 259014.567, 140
Trd, 259014.950, 140
Trd, 259015.517, 128
Trd, 259015.900, 139
Trd, 259016.217, 138
Trd, 259017.400, 140
Trd, 259017.800, 140
Trd, 259018.083, 140
Trd, 259018.167, 137
Trd, 259018.200, 130
Trd, 259018.283, 124
Trd, 259018.433, 120
Trd, 259018.833, 138
Trd, 259018.917, 136
Trd, 259019.017, 117
Trd, 259019.300, 117
Trd, 259019.983, 134
Trd, 259020.717, 131
Trd, 259021.083, 128
Trd, 259021.117, 120
Trd, 259021.233, 133
Trd, 259021.433, 140
Trd, 259021.517, 117
Trd, 259021.583, 113
Trd, 259021.883, 118
Trd, 259022.517, 140
Trd, 259022.850, 140
Trd, 259022.950, 137
Trd, 259023.200, 128
Trd, 259023.817, 136
Trd, 259024.050, 111
Trd, 259024.667, 140
Trd, 259025.067, 133
Trd, 259025.150, 126
Trd, 259025.200, 111
Trd, 259025.267, 135
Trd, 259025.333, 114
Trd, 259025.550, 113
Trd, 259026.417, 122
Trd, 259026.783, 133
Trd, 259026.950, 135
Trd, 259027.000, 127
Trd, 259027.383, 138
Trd, 259028.450, 140
Trd, 259028.717, 140
Trd, 259028.900, 139
Trd, 259029.067, 139
Trd, 259029.217, 140
Trd, 259029.350, 135
Trd, 259029.400, 134
Trd, 259030.050, 140
Trd, 259030.200, 136
Trd, 259030.300, 115
Trd, 259030.333, 113
Trd, 259031.083, 118
Trd, 259031.500, 114
Trd, 259031.667, 123
Trd, 259031.750, 124
Trd, 259032.017, 125
Trd, 259032.067, 131
Trd, 259032.217, 125
Trd, 259032.317, 115
Trd, 259032.767, 140
Trd, 259032.867, 140
Trd, 259033.050, 107
Trd, 259033.183, 100
Trd, 259033.267, 99
Trd, 259033.333, 96
Trd, 259033.383, 123
Trd, 259033.883, 121
Trd, 259034.117, 138
Trd, 259034.917, 130
Trd, 259035.300, 139
Trd, 259035.683, 140
Trd, 259035.700, 139
Trd, 259035.717, 138
Trd, 259035.933, 137
Trd, 259036.483, 130
Trd, 259036.817, 139
Trd, 259036.950, 140
Trd, 259036.967, 128
Trd, 259037.133, 109
Trd, 259037.533, 130
Trd, 259037.650, 134
Trd, 259037.900, 133
Trd, 259038.133, 125
Trd, 259038.517, 123
Trd, 259038.533, 134
Trd, 259039.100, 104
Trd, 259039.600, 99
Trd, 259040.217, 140
Trd, 259040.683, 140
Trd, 259041.017, 140
Trd, 259041.083, 130
Trd, 259041.317, 138
Trd, 259042.050, 127
Trd, 259042.667, 125
Trd, 259042.983, 128
Trd, 259043.217, 124
Trd, 259043.283, 122
Trd, 259043.383, 128
Trd, 259043.650, 129
Trd, 259044.100, 122
Trd, 259044.367, 106
Trd, 259044.550, 124
Trd, 259044.617, 127
Trd, 259044.733, 116
Trd, 259045.017, 131
Trd, 259045.033, 127
Trd, 259045.067, 111
Trd, 259045.100, 114
Trd, 259045.367, 110
Trd, 259046.367, 134
Trd, 259046.383, 135
Trd, 259046.550, 136
Trd, 259046.600, 140
Trd, 259046.900, 119
Trd, 259047.467, 140
Trd, 259048.150, 140
Trd, 259048.717, 124
Trd, 259048.767, 135
Trd, 259049.200, 124
Trd, 259049.567, 137
Trd, 259049.833, 122
Trd, 259050.300, 120
Trd, 259050.350, 118
Trd, 259050.500, 132
Trd, 259050.950, 140
Trd, 259051.250, 138
Trd, 259051.450, 119
Trd, 259052.000, 139
Trd, 259052.283, 138
Trd, 259052.300, 120
Trd, 259052.600, 135
Trd, 259052.683, 120
Trd, 259052.817, 130
Trd, 259053.117, 138
Trd, 259053.217, 121
Trd, 259053.717, 139
Trd, 259053.950, 136
Trd, 259054.233, 138
Trd, 259054.250, 117
Trd, 259054.483, 116
Trd, 259054.633, 115
Trd, 259054.683, 106
Trd, 259054.933, 124
Trd, 259054.983, 121
Trd, 259055.883, 126
Trd, 259056.200, 120
Trd, 259056.300, 126
Trd, 259056.333, 129
Trd, 259056.467, 118
Trd, 259056.783, 140
Trd, 259057.933, 139
Trd, 259058.050, 125
Trd, 259058.250, 128
Trd, 259058.567, 139
Trd, 259059.183, 130
Trd, 259059.433, 127
Trd, 259059.567, 136
Trd, 259059.633, 121
Trd, 259059.850, 119
Trd, 259060.433, 137
Trd, 259060.933, 125
Trd, 259061.533, 139
Trd, 259061.833, 140
Trd, 259061.867, 138
Trd, 259061.967, 130
Trd, 259062.050, 124
Trd, 259062.250, 106
Trd, 259062.350, 104
Trd, 259062.800, 112
Trd, 259062.900, 114
Trd, 259063.017, 118
Trd, 259063.033, 119
Trd, 259063.483, 103
Trd, 259063.500, 110
Trd, 259063.700, 126
Trd, 259063.783, 130
Trd, 259064.267, 118
Trd, 259064.467, 105
Trd, 259064.617, 121
Trd, 259065.250, 113
Trd, 259065.267, 106
Trd, 259065.517, 104
Trd, 259065.633, 132
Trd, 259065.650, 102
Trd, 259065.767, 101
Trd, 259065.833, 87
Trd, 259066.100, 126
Trd, 259066.467, 104
Trd, 259066.500, 118
Trd, 259066.750, 133
Trd, 259067.317, 101
Trd, 259067.867, 111
Trd, 259067.967, 109
Trd, 259068.267, 97
Trd, 259068.400, 86
Trd, 259069.217, 99
Trd, 259069.300, 103
Trd, 259069.700, 100
Trd, 259069.883, 93
Trd, 259070.200, 105
Trd, 259070.333, 122
Trd, 259070.350, 125
Trd, 259071.017, 119
Trd, 259071.150, 99
Trd, 259071.167, 120
Trd, 259071.383, 106
Trd, 259071.450, 131
Trd, 259071.533, 135
Trd, 259072.050, 139
Trd, 259072.233, 139
Trd, 259072.600, 133
Trd, 259072.667, 127
Trd, 259073.100, 133
Trd, 259073.783, 139
Trd, 259073.867, 126
Trd, 259074.267, 125
Trd, 259074.433, 118
Trd, 259075.150, 140
Trd, 259075.583, 140
Trd, 259075.700, 140
Trd, 259075.900, 140
Trd, 259076.000, 139
Trd, 259077.117, 140
Trd, 259077.917, 140
Trd, 259078.200, 140
Trd, 259078.217, 137
Trd, 259078.817, 128
Trd, 259078.950, 134
Trd, 259079.517, 122
Trd, 259079.833, 139
Trd, 259079.883, 138
Trd, 259080.083, 129
Trd, 259080.317, 137
Trd, 259080.417, 123
Trd, 259080.733, 135
Trd, 259080.833, 134
Trd, 259081.000, 133
Trd, 259081.100, 136
Trd, 259081.800, 130
Trd, 259081.833, 127
Trd, 259081.867, 126
Trd, 259081.933, 117
Trd, 259082.017, 112
Trd, 259082.267, 110
Trd, 259082.433, 115
Trd, 259083.117, 119
Trd, 259083.417, 120
Trd, 259083.500, 117
Trd, 259083.733, 96
Trd, 259083.883, 114
Trd, 259084.067, 134
Trd, 259084.200, 127
Trd, 259084.483, 128
Trd, 259084.633, 106
Trd, 259084.967, 139
Trd, 259086.067, 131
Trd, 259086.400, 122
Trd, 259086.483, 129
Trd, 259087.150, 122
Trd, 259087.383, 127
Trd, 259087.517, 127
Trd, 259087.683, 118
Trd, 259087.733, 110
Trd, 259087.950, 128
Trd, 259088.100, 117
Trd, 259088.117, 99
Trd, 259088.567, 102
Trd, 259088.600, 117
Trd, 259090.117, 129
Trd, 259090.550, 132
Trd, 259090.700, 128
Trd, 259090.717, 127
Trd, 259090.767, 126
Trd, 259091.067, 138
Trd, 259091.233, 139
Trd, 259091.433, 137
Trd, 259091.450, 130
Trd, 259091.767, 138
Trd, 259092.650, 117
Trd, 259092.683, 136
Trd, 259092.867, 115
Trd, 259093.150, 137
Trd, 259093.400, 137
Trd, 259093.517, 122
Trd, 259093.600, 119
Trd, 259094.450, 140
Trd, 259094.483, 137
Trd, 259094.650, 140
Trd, 259094.733, 140
Trd, 259094.983, 128
Trd, 259095.600, 140
Trd, 259095.700, 128
Trd, 259096.200, 139
Trd, 259097.367, 121
Trd, 259098.200, 140
Trd, 259098.333, 139
Trd, 259098.400, 137
Trd, 259098.867, 136
Trd, 259099.117, 135
Trd, 259099.150, 132
Trd, 259099.417, 140
Trd, 259100.700, 138
Trd, 259100.750, 136
Trd, 259100.917, 130
Trd, 259101.283, 138
Trd, 259101.300, 135
Trd, 259101.417, 127
Trd, 259101.867, 120
Trd, 259102.217, 130
Trd, 259102.350, 116
Trd, 259102.417, 135
Trd, 259102.750, 139
Trd, 259102.967, 117
Trd, 259103.567, 122
Trd, 259104.167, 139
Trd, 259104.183, 134
Trd, 259104.333, 140
Trd, 259104.467, 105
Trd, 259104.517, 103
Trd, 259104.650, 110
Trd, 259104.817, 119
Trd, 259104.883, 102
Trd, 259105.317, 140
Trd, 259105.550, 134
Trd, 259105.683, 117
Trd, 259106.017, 138
Trd, 259106.433, 136
Trd, 259107.867, 131
Trd, 259107.967, 140
Trd, 259108.217, 139
Trd, 259108.517, 129
Trd, 259108.767, 136
Trd, 259108.967, 139
Trd, 259109.250, 124
Trd, 259109.617, 120
Trd, 259109.700, 132
Trd, 259109.717, 134
Trd, 259110.217, 135
Trd, 259110.317, 137
Trd, 259110.683, 132
Trd, 259110.717, 131
Trd, 259110.933, 138
Trd, 259112.067, 110
Trd, 259112.083, 109
Trd, 259112.150, 107
Trd, 259112.617, 118
Trd, 259112.883, 104
Trd, 259112.983, 118
Trd, 259113.017, 96
Trd, 259113.033, 123
Trd, 259113.533, 116
Trd, 259113.667, 124
Trd, 259114.100, 136
Trd, 259114.567, 140
Trd, 259114.717, 137
Trd, 259115.083, 137
Trd, 259115.550, 122
Trd, 259116.367, 118
Trd, 259116.667, 128
Trd, 259116.750, 129
Trd, 259117.133, 118
Trd, 259117.383, 140
Trd, 259117.767, 117
Trd, 259118.000, 110
Trd, 259118.333, 116
Trd, 259118.400, 128
Trd, 259118.433, 132
Trd, 259118.517, 119
Trd, 259118.667, 115
Trd, 259118.917, 108
Trd, 259119.350, 115
Trd, 259119.867, 136
Trd, 259120.050, 131
Trd, 259120.950, 131
Trd, 259121.067, 129
Trd, 259121.117, 127
Trd, 259121.267, 127
Trd, 259121.367, 118
Trd, 259121.750, 139
Trd, 259122.017, 140
Trd, 259122.717, 125
Trd, 259123.250, 137
Trd, 259123.417, 137
Trd, 259123.517, 140
Trd, 259123.600, 128
Trd, 259124.533, 134
Trd, 259124.717, 139
Trd, 259125.467, 130
Trd, 259125.900, 135
Trd, 259125.917, 130
Trd, 259126.017, 137
Trd, 259126.433, 128
Trd, 259126.517, 122
Trd, 259126.783, 140
Trd, 259127.100, 137
Trd, 259127.650, 137
Trd, 259128.083, 140
Trd, 259128.100, 139
Trd, 259128.133, 138
Trd, 259128.317, 140
Trd, 259128.667, 135
Trd, 259128.833, 115
Trd, 259129.000, 112
Trd, 259129.183, 112
Trd, 259129.450, 111
Trd, 259129.583, 127
Trd, 259129.750, 105
Trd, 259130.050, 140
Trd, 259130.183, 140
Trd, 259130.383, 125
Trd, 259130.533, 137
Trd, 259130.683, 115
Trd, 259130.883, 109
Trd, 259131.033, 127
Trd, 259131.083, 133
Trd, 259131.500, 111
Trd, 259132.300, 140
Trd, 259132.367, 140
Trd, 259132.483, 140
Trd, 259132.867, 131
Trd, 259133.017, 117
Trd, 259133.317, 115
Trd, 259133.433, 114
Trd, 259133.783, 136
Trd, 259134.883, 140
Trd, 259135.133, 140
Trd, 259135.333, 138
Trd, 259135.533, 138
Trd, 259136.033, 140
Trd, 259136.533, 133
Trd, 259136.567, 131
Trd, 259136.767, 117
Trd, 259136.867, 128
Trd, 259136.917, 117
Trd, 259136.933, 114
Trd, 259137.300, 140
Trd, 259137.633, 138
Trd, 259138.100, 140
Trd, 259138.217, 136
Trd, 259138.417, 124
Trd, 259138.433, 106
Trd, 259139.167, 111
Trd, 259139.433, 105
Trd, 259139.733, 127
Trd, 259139.867, 119
Trd, 259140.067, 140
Trd, 259140.133, 139
Trd, 259140.783, 136
Trd, 259140.800, 118
Trd, 259140.833, 116
Trd, 259140.917, 106
Trd, 259141.033, 128
Trd, 259141.933, 135
Trd, 259142.283, 137
Trd, 259142.450, 135
Trd, 259142.683, 138
Trd, 259142.717, 140
Trd, 259143.083, 134
Trd, 259143.183, 139
Trd, 259143.550, 140
Trd, 259144.050, 140
Trd, 259144.350, 137
Trd, 259144.400, 136
Trd, 259144.683, 134
Trd, 259144.950, 122
Trd, 259145.983, 138
Trd, 259146.100, 134
Trd, 259146.133, 120
Trd, 259146.250, 129
Trd, 259146.833, 140
Trd, 259147.100, 139
Trd, 259147.300, 120
Trd, 259147.600, 140
Trd, 259148.117, 130
Trd, 259148.550, 118
Trd, 259148.917, 121
Trd, 259148.967, 121
Trd, 259149.333, 116
Trd, 259149.400, 113
Trd, 259149.500, 112
Trd, 259149.617, 114
Trd, 259149.783, 108
Trd, 259149.867, 119
Trd, 259150.300, 120
Trd, 259150.550, 124
Trd, 259150.850, 139
Trd, 259150.917, 118
Trd, 259151.167, 136
Trd, 259151.317, 130
Trd, 259151.917, 130
Trd, 259152.167, 125
Trd, 259152.567, 111
Trd, 259152.683, 110
Trd, 259152.733, 130
Trd, 259152.800, 131
Trd, 259153.200, 115
Trd, 259154.033, 134
Trd, 259154.817, 136
Trd, 259155.467, 129
Trd, 259155.717, 130
Trd, 259155.767, 132
Trd, 259155.883, 129
Trd, 259156.283, 130
Trd, 259156.400, 138
Trd, 259156.583, 139
Trd, 259156.817, 113
Trd, 259157.317, 136
Trd, 259157.333, 111
Trd, 259157.417, 140
Trd, 259157.817, 136
Trd, 259157.917, 128
Trd, 259158.133, 118
Trd, 259158.733, 139
Trd, 259159.033, 137
Trd, 259159.050, 132
Trd, 259159.967, 120
Trd, 259160.150, 130
Trd, 259160.383, 109
Trd, 259160.733, 128
Trd, 259161.467, 134
Trd, 259161.500, 133
Trd, 259161.617, 132
Trd, 259161.817, 130
Trd, 259162.033, 135
Trd, 259162.333, 121
Trd, 259162.533, 106
Trd, 259163.000, 105
Trd, 259163.283, 134
Trd, 259163.467, 106
Trd, 259163.517, 126
Trd, 259163.950, 139
Trd, 259164.017, 134
Trd, 259164.583, 109
Trd, 259164.667, 110
Trd, 259164.917, 104
Trd, 259165.117, 88
Trd, 259165.167, 108
Trd, 259165.233, 114
Trd, 259165.300, 115
Trd, 259165.317, 109
Trd, 259165.533, 117
Trd, 259165.950, 114
Trd, 259166.533, 123
Trd, 259167.100, 139
Trd, 259167.450, 140
Trd, 259167.833, 140
Trd, 259168.183, 140
Trd, 259168.467, 139
Trd, 259168.483, 136
Trd, 259168.883, 133
Trd, 259169.267, 125
Trd, 259169.550, 134
Trd, 259169.567, 132
Trd, 259170.200, 140
Trd, 259170.750, 137
Trd, 259170.800, 136
Trd, 259171.000, 135
Trd, 259171.033, 125
Trd, 259171.133, 117
Trd, 259171.317, 138
Trd, 259171.817, 116
Trd, 259171.933, 138
Trd, 259172.233, 128
Trd, 259172.450, 140
Trd, 259172.817, 124
Trd, 259172.900, 131
Trd, 259173.150, 126
Trd, 259173.533, 117
Trd, 259173.567, 113
Trd, 259174.367, 100
Trd, 259174.450, 130
Trd, 259174.467, 94
Trd, 259174.583, 138
Trd, 259174.883, 137
Trd, 259175.283, 115
Trd, 259176.150, 135
Trd, 259176.650, 136
Trd, 259177.317, 140
Trd, 259177.367, 135
Trd, 259177.800, 140
Trd, 259178.083, 138
Trd, 259178.917, 133
Trd, 259179.033, 131
Trd, 259179.117, 131
Trd, 259179.483, 131
Trd, 259179.683, 132
Trd, 259179.717, 137
Trd, 259180.667, 140
Trd, 259181.067, 139
Trd, 259181.233, 138
Trd, 259181.333, 136
Trd, 259181.417, 136
Trd, 259181.617, 133
Trd, 259181.650, 124
Trd, 259181.800, 135
Trd, 259182.200, 140
Trd, 259182.517, 116
Trd, 259182.533, 111
Trd, 259182.983, 135
Trd, 259183.333, 120
Trd, 259183.367, 118
Trd, 259183.633, 134
Trd, 259183.717, 135
Trd, 259184.250, 137
Trd, 259185.450, 140
Trd, 259185.567, 140
Trd, 259185.717, 139
Trd, 259186.083, 137
Trd, 259186.167, 117
Trd, 259186.233, 113
Trd, 259186.467, 130
Trd, 259186.767, 135
Trd, 259187.050, 118
Trd, 259187.150, 117
Trd, 259187.367, 108
Trd, 259187.400, 121
Trd, 259187.450, 124
Trd, 259187.867, 123
Trd, 259188.650, 134
Trd, 259188.917, 123
Trd, 259189.033, 130
Trd, 259189.133, 137
Trd, 259189.433, 123
Trd, 259189.583, 134
Trd, 259189.933, 129
Trd, 259190.250, 106
Trd, 259190.350, 110
Trd, 259190.683, 136
Trd, 259190.917, 140
Trd, 259190.967, 120
Trd, 259191.317, 138
Trd, 259191.983, 140
Trd, 259192.583, 137
Trd, 259192.617, 123
Trd, 259193.300, 117
Trd, 259193.333, 103
Trd, 259193.733, 103
Trd, 259193.883, 87
Trd, 259193.933, 82
Trd, 259193.950, 110
Trd, 259194.400, 125
Trd, 259194.667, 92
Trd, 259194.833, 96
Trd, 259194.867, 97
Trd, 259194.967, 86
Trd, 259195.167, 98
Trd, 259195.250, 85
Trd, 259195.333, 80
Trd, 259195.683, 79
Trd, 259195.833, 137
Trd, 259195.900, 138
Trd, 259196.317, 121
Trd, 259196.500, 126
Trd, 259196.550, 104
Trd, 259197.133, 109
Trd, 259197.400, 105
Trd, 259197.633, 104
Trd, 259198.367, 123
Trd, 259198.450, 120
Trd, 259198.683, 119
Trd, 259199.133, 130
Trd, 259199.383, 119
Trd, 259199.783, 127
Trd, 259199.967, 126
