Trd, 258599.133, 128
Trd, 258599.167, 86
Trd, 258599.200, 74
Trd, 258600.167, 60
Trd, 258600.450, 60
Trd, 258600.583, 60
Trd, 258600.800, 60
Trd, 258600.833, 67
Trd, 258601.467, 63
Trd, 258601.633, 63
Trd, 258601.650, 64
Trd, 258601.767, 66
Trd, 258602.067, 65
Trd, 258602.200, 106
Trd, 258602.467, 75
Trd, 258602.567, 75
Trd, 258603.183, 138
Trd, 258603.350, 130
Trd, 258603.783, 140
Trd, 258604.100, 140
Trd, 258604.150, 140
Trd, 258604.317, 140
Trd, 258604.850, 140
Trd, 258605.183, 140
Trd, 258605.383, 140
Trd, 258605.400, 139
Trd, 258605.483, 134
Trd, 258605.800, 140
Trd, 258605.817, 140
Trd, 258606.533, 140
Trd, 258606.550, 140
Trd, 258606.617, 129
Trd, 258606.850, 129
Trd, 258607.217, 128
Trd, 258607.333, 128
Trd, 258607.433, 127
Trd, 258607.500, 116
Trd, 258607.817, 122
Trd, 258608.267, 117
Trd, 258608.350, 116
Trd, 258608.500, 117
Trd, 258608.517, 123
Trd, 258608.667, 124
Trd, 258608.867, 115
Trd, 258608.983, 116
Trd, 258609.150, 124
Trd, 258609.333, 116
Trd, 258609.450, 123
Trd, 258609.533, 129
Trd, 258610.450, 140
Trd, 258610.467, 140
Trd, 258610.783, 140
Trd, 258610.817, 140
Trd, 258610.900, 140
Trd, 258611.900, 140
Trd, 258612.067, 140
Trd, 258612.200, 140
Trd, 258612.217, 140
Trd, 258612.633, 122
Trd, 258613.100, 140
Trd, 258613.433, 140
Trd, 258613.733, 140
Trd, 258614.450, 140
Trd, 258614.750, 140
Trd, 258614.817, 140
Trd, 258615.033, 140
Trd, 258615.450, 140
Trd, 258615.483, 140
Trd, 258615.500, 140
Trd, 258615.583, 140
Trd, 258615.867, 138
Trd, 258615.900, 138
Trd, 258615.917, 139
Trd, 258615.933, 137
Trd, 258616.200, 133
Trd, 258616.267, 129
Trd, 258616.567, 135
Trd, 258616.983, 131
Trd, 258617.000, 123
Trd, 258617.483, 112
Trd, 258618.317, 117
Trd, 258618.500, 117
Trd, 258618.550, 125
Trd, 258618.700, 118
Trd, 258618.733, 117
Trd, 258618.833, 126
Trd, 258619.067, 117
Trd, 258619.383, 119
Trd, 258619.417, 121
Trd, 258619.550, 126
Trd, 258619.900, 116
Trd, 258619.983, 115
Trd, 258620.367, 98
Trd, 258620.967, 110
Trd, 258621.183, 110
Trd, 258621.300, 106
Trd, 258621.417, 109
Trd, 258621.450, 109
Trd, 258621.633, 103
Trd, 258621.817, 109
Trd, 258621.867, 98
Trd, 258622.383, 100
Trd, 258622.400, 99
Trd, 258622.450, 98
Trd, 258622.467, 98
Trd, 258622.500, 102
Trd, 258622.683, 60
Trd, 258622.767, 60
Trd, 258622.950, 60
Trd, 258623.050, 60
Trd, 258623.433, 60
Trd, 258623.467, 60
Trd, 258623.517, 61
Trd, 258624.667, 60
Trd, 258624.767, 60
Trd, 258624.967, 60
Trd, 258625.033, 60
Trd, 258625.600, 60
Trd, 258625.633, 60
Trd, 258625.733, 60
Trd, 258625.783, 68
Trd, 258625.933, 68
Trd, 258626.033, 83
Trd, 258626.317, 140
Trd, 258626.400, 140
Trd, 258626.483, 140
Trd, 258626.650, 140
Trd, 258627.250, 140
Trd, 258627.433, 140
Trd, 258627.567, 140
Trd, 258627.650, 140
Trd, 258627.717, 140
Trd, 258628.233, 140
Trd, 258628.650, 140
Trd, 258629.600, 140
Trd, 258629.800, 138
Trd, 258629.867, 127
Trd, 258630.017, 134
Trd, 258630.233, 113
Trd, 258630.283, 112
Trd, 258630.683, 112
Trd, 258631.017, 112
Trd, 258631.133, 113
Trd, 258631.317, 113
Trd, 258631.450, 112
Trd, 258631.483, 111
Trd, 258631.517, 111
Trd, 258631.533, 113
Trd, 258631.883, 109
Trd, 258631.900, 110
Trd, 258632.167, 107
Trd, 258632.200, 110
Trd, 258632.233, 104
Trd, 258632.400, 81
Trd, 258632.433, 111
Trd, 258632.467, 115
Trd, 258632.517, 66
Trd, 258632.917, 140
Trd, 258633.100, 140
Trd, 258633.133, 135
Trd, 258633.633, 140
Trd, 258633.933, 140
Trd, 258634.433, 140
Trd, 258634.917, 140
Trd, 258635.883, 140
Trd, 258636.167, 140
Trd, 258636.533, 140
Trd, 258636.750, 140
Trd, 258636.967, 140
Trd, 258636.983, 140
Trd, 258637.017, 140
Trd, 258637.100, 140
Trd, 258637.200, 140
Trd, 258637.217, 140
Trd, 258637.250, 140
Trd, 258637.317, 139
Trd, 258637.350, 140
Trd, 258637.733, 138
Trd, 258637.833, 130
Trd, 258638.233, 113
Trd, 258638.450, 139
Trd, 258638.500, 140
Trd, 258638.900, 140
Trd, 258638.933, 140
Trd, 258639.083, 140
Trd, 258639.667, 140
Trd, 258639.867, 140
Trd, 258640.050, 140
Trd, 258640.133, 140
Trd, 258640.200, 140
Trd, 258640.350, 139
Trd, 258640.633, 137
Trd, 258640.983, 136
Trd, 258641.183, 121
Trd, 258641.700, 118
Trd, 258641.783, 117
Trd, 258642.583, 118
Trd, 258642.600, 98
Trd, 258643.000, 108
Trd, 258643.433, 110
Trd, 258643.450, 111
Trd, 258643.500, 110
Trd, 258643.600, 112
Trd, 258643.700, 112
Trd, 258643.750, 106
Trd, 258643.833, 111
Trd, 258643.850, 99
Trd, 258643.950, 97
Trd, 258644.300, 97
Trd, 258644.417, 96
Trd, 258644.433, 95
Trd, 258644.483, 105
Trd, 258644.617, 106
Trd, 258645.150, 89
Trd, 258645.317, 62
Trd, 258645.517, 100
Trd, 258645.700, 60
Trd, 258645.817, 60
Trd, 258646.067, 60
Trd, 258646.500, 60
Trd, 258646.667, 60
Trd, 258646.750, 60
Trd, 258647.233, 60
Trd, 258647.250, 60
Trd, 258647.433, 60
Trd, 258647.500, 60
Trd, 258647.517, 60
Trd, 258647.767, 62
Trd, 258648.300, 140
Trd, 258648.333, 134
Trd, 258648.517, 109
Trd, 258649.817, 94
Trd, 258650.700, 140
Trd, 258650.850, 140
Trd, 258650.917, 140
Trd, 258651.083, 140
Trd, 258651.117, 140
Trd, 258651.567, 140
Trd, 258651.650, 140
Trd, 258651.667, 140
Trd, 258651.683, 140
Trd, 258651.817, 140
Trd, 258651.850, 140
Trd, 258651.950, 140
Trd, 258652.033, 140
Trd, 258652.183, 139
Trd, 258652.483, 140
Trd, 258652.567, 139
Trd, 258652.583, 138
Trd, 258652.683, 126
Trd, 258653.033, 118
Trd, 258653.383, 125
Trd, 258653.550, 128
Trd, 258653.667, 130
Trd, 258654.200, 97
Trd, 258654.383, 90
Trd, 258654.533, 87
Trd, 258654.867, 116
Trd, 258655.050, 115
Trd, 258655.517, 114
Trd, 258655.567, 115
Trd, 258655.717, 105
Trd, 258655.750, 115
Trd, 258655.850, 104
Trd, 258656.183, 104
Trd, 258656.767, 121
Trd, 258657.250, 133
Trd, 258657.483, 133
Trd, 258657.633, 133
Trd, 258657.667, 109
Trd, 258657.950, 140
Trd, 258658.200, 139
Trd, 258658.233, 108
Trd, 258658.300, 107
Trd, 258659.150, 140
Trd, 258659.433, 140
Trd, 258659.467, 140
Trd, 258659.500, 140
Trd, 258659.867, 122
Trd, 258659.900, 140
Trd, 258659.983, 121
Trd, 258660.250, 138
Trd, 258660.483, 133
Trd, 258660.550, 137
Trd, 258660.867, 133
Trd, 258660.900, 132
Trd, 258661.150, 139
Trd, 258661.250, 125
Trd, 258661.650, 137
Trd, 258661.950, 140
Trd, 258662.000, 140
Trd, 258662.250, 125
Trd, 258662.317, 124
Trd, 258662.583, 139
Trd, 258662.850, 116
Trd, 258663.083, 115
Trd, 258663.150, 109
Trd, 258663.800, 96
Trd, 258663.850, 133
Trd, 258663.867, 134
Trd, 258664.850, 135
Trd, 258665.050, 134
Trd, 258665.283, 140
Trd, 258665.333, 140
Trd, 258665.667, 140
Trd, 258666.150, 140
Trd, 258666.317, 140
Trd, 258666.367, 140
Trd, 258666.900, 140
Trd, 258667.367, 140
Trd, 258667.383, 140
Trd, 258667.550, 140
Trd, 258668.017, 138
Trd, 258668.600, 140
Trd, 258668.683, 140
Trd, 258669.600, 140
Trd, 258669.650, 140
Trd, 258669.667, 140
Trd, 258669.733, 138
Trd, 258669.900, 138
Trd, 258669.967, 137
Trd, 258669.983, 138
Trd, 258670.217, 139
Trd, 258670.417, 132
Trd, 258670.433, 108
Trd, 258670.600, 105
Trd, 258670.817, 131
Trd, 258670.883, 95
Trd, 258671.433, 127
Trd, 258671.683, 97
Trd, 258671.883, 125
Trd, 258672.300, 125
Trd, 258672.517, 126
Trd, 258672.683, 126
Trd, 258672.867, 126
Trd, 258673.167, 111
Trd, 258673.367, 126
Trd, 258673.383, 140
Trd, 258674.133, 140
Trd, 258674.350, 140
Trd, 258674.600, 140
Trd, 258674.900, 140
Trd, 258675.283, 140
Trd, 258676.067, 140
Trd, 258676.200, 140
Trd, 258676.433, 140
Trd, 258676.467, 140
Trd, 258676.567, 140
Trd, 258676.617, 140
Trd, 258676.667, 140
Trd, 258677.000, 139
Trd, 258677.067, 138
Trd, 258677.200, 139
Trd, 258677.267, 138
Trd, 258677.433, 138
Trd, 258677.533, 137
Trd, 258677.750, 113
Trd, 258677.900, 110
Trd, 258678.117, 139
Trd, 258678.167, 140
Trd, 258678.400, 101
Trd, 258678.433, 100
Trd, 258679.083, 113
Trd, 258679.300, 133
Trd, 258679.433, 132
Trd, 258679.883, 140
Trd, 258679.967, 140
Trd, 258680.033, 139
Trd, 258680.583, 139
Trd, 258680.900, 131
Trd, 258681.617, 128
Trd, 258681.817, 124
Trd, 258681.900, 123
Trd, 258681.950, 122
Trd, 258682.017, 128
Trd, 258682.133, 120
Trd, 258682.450, 111
Trd, 258682.717, 110
Trd, 258683.033, 122
Trd, 258683.133, 109
Trd, 258683.533, 118
Trd, 258683.550, 108
Trd, 258683.683, 108
Trd, 258683.700, 117
Trd, 258683.900, 96
Trd, 258684.050, 117
Trd, 258684.083, 118
Trd, 258684.267, 117
Trd, 258684.567, 117
Trd, 258684.817, 114
Trd, 258684.850, 116
Trd, 258685.167, 117
Trd, 258685.667, 132
Trd, 258685.683, 111
Trd, 258685.750, 111
Trd, 258686.233, 140
Trd, 258686.583, 140
Trd, 258686.600, 139
Trd, 258686.817, 140
Trd, 258686.967, 140
Trd, 258687.517, 140
Trd, 258687.917, 140
Trd, 258688.117, 140
Trd, 258688.150, 140
Trd, 258688.283, 140
Trd, 258688.367, 139
Trd, 258688.450, 138
Trd, 258688.517, 135
Trd, 258688.733, 122
Trd, 258689.117, 103
Trd, 258689.283, 138
Trd, 258689.533, 104
Trd, 258690.517, 128
Trd, 258690.883, 117
Trd, 258691.117, 116
Trd, 258691.200, 122
Trd, 258691.367, 117
Trd, 258691.383, 120
Trd, 258691.450, 119
Trd, 258691.883, 116
Trd, 258691.933, 118
Trd, 258691.967, 119
Trd, 258692.800, 104
Trd, 258692.817, 102
Trd, 258692.967, 112
Trd, 258693.500, 104
Trd, 258693.533, 98
Trd, 258693.800, 104
Trd, 258693.867, 99
Trd, 258693.983, 72
Trd, 258694.017, 70
Trd, 258694.150, 68
Trd, 258694.483, 83
Trd, 258694.600, 83
Trd, 258694.717, 84
Trd, 258695.283, 80
Trd, 258695.483, 79
Trd, 258695.733, 78
Trd, 258696.083, 79
Trd, 258696.150, 79
Trd, 258696.233, 80
Trd, 258696.250, 82
Trd, 258696.433, 86
Trd, 258696.550, 89
Trd, 258696.950, 84
Trd, 258697.000, 98
Trd, 258697.250, 93
Trd, 258697.283, 84
Trd, 258697.417, 84
Trd, 258697.450, 128
Trd, 258697.700, 118
Trd, 258697.900, 140
Trd, 258698.250, 107
Trd, 258698.333, 85
Trd, 258698.750, 140
Trd, 258698.817, 140
Trd, 258699.283, 140
Trd, 258700.050, 140
Trd, 258700.583, 140
Trd, 258700.683, 140
Trd, 258700.750, 140
Trd, 258700.867, 140
Trd, 258701.200, 140
Trd, 258701.367, 140
Trd, 258701.433, 140
Trd, 258701.617, 139
Trd, 258701.733, 139
Trd, 258701.867, 115
Trd, 258701.900, 140
Trd, 258702.167, 112
Trd, 258702.233, 111
Trd, 258702.900, 132
Trd, 258703.183, 131
Trd, 258703.200, 128
Trd, 258703.233, 133
Trd, 258703.250, 134
Trd, 258703.317, 127
Trd, 258703.333, 136
Trd, 258703.433, 137
Trd, 258703.500, 140
Trd, 258703.783, 140
Trd, 258704.550, 140
Trd, 258704.983, 140
Trd, 258705.333, 140
Trd, 258705.700, 140
Trd, 258705.917, 140
Trd, 258705.950, 140
Trd, 258706.217, 140
Trd, 258706.317, 140
Trd, 258706.500, 140
Trd, 258706.817, 140
Trd, 258706.950, 140
Trd, 258707.183, 140
Trd, 258707.283, 140
Trd, 258707.350, 140
Trd, 258707.367, 129
Trd, 258707.600, 124
Trd, 258707.633, 138
Trd, 258707.950, 138
Trd, 258707.967, 139
Trd, 258708.050, 116
Trd, 258708.483, 140
Trd, 258708.600, 140
Trd, 258708.900, 140
Trd, 258708.967, 139
Trd, 258709.383, 117
Trd, 258709.450, 138
Trd, 258709.550, 115
Trd, 258709.833, 139
Trd, 258710.600, 137
Trd, 258710.750, 139
Trd, 258711.017, 117
Trd, 258711.083, 140
Trd, 258711.133, 130
Trd, 258711.267, 116
Trd, 258711.350, 125
Trd, 258711.567, 136
Trd, 258712.317, 115
Trd, 258712.383, 129
Trd, 258712.733, 127
Trd, 258712.783, 108
Trd, 258713.017, 106
Trd, 258713.033, 125
Trd, 258713.183, 96
Trd, 258713.583, 60
Trd, 258714.133, 60
Trd, 258714.383, 60
Trd, 258714.517, 60
Trd, 258714.850, 60
Trd, 258714.883, 60
Trd, 258715.033, 60
Trd, 258715.217, 60
Trd, 258715.233, 60
Trd, 258715.250, 60
Trd, 258715.350, 61
Trd, 258715.450, 63
Trd, 258715.667, 62
Trd, 258715.867, 60
Trd, 258716.000, 76
Trd, 258716.133, 78
Trd, 258716.233, 64
Trd, 258716.333, 77
Trd, 258716.383, 61
Trd, 258717.217, 104
Trd, 258717.233, 97
Trd, 258717.250, 83
Trd, 258717.550, 109
Trd, 258717.967, 62
Trd, 258718.083, 62
Trd, 258718.117, 63
Trd, 258718.600, 68
Trd, 258718.983, 64
Trd, 258719.767, 60
Trd, 258719.800, 60
Trd, 258719.850, 60
Trd, 258719.883, 60
Trd, 258719.900, 60
Trd, 258720.050, 61
Trd, 258720.200, 62
Trd, 258720.233, 68
Trd, 258720.433, 68
Trd, 258720.617, 67
Trd, 258720.683, 67
Trd, 258720.967, 68
Trd, 258721.067, 69
Trd, 258721.133, 68
Trd, 258721.183, 68
Trd, 258721.233, 66
Trd, 258721.850, 104
Trd, 258721.983, 104
Trd, 258722.300, 100
Trd, 258722.467, 83
Trd, 258722.950, 96
Trd, 258722.967, 97
Trd, 258723.183, 91
Trd, 258723.250, 95
Trd, 258723.383, 91
Trd, 258723.433, 95
Trd, 258723.517, 96
Trd, 258723.600, 97
Trd, 258723.650, 98
Trd, 258724.050, 103
Trd, 258724.783, 94
Trd, 258724.933, 96
Trd, 258725.117, 99
Trd, 258725.217, 85
Trd, 258725.483, 84
Trd, 258725.583, 100
Trd, 258725.633, 83
Trd, 258725.917, 76
Trd, 258725.967, 79
Trd, 258726.183, 65
Trd, 258726.350, 61
Trd, 258726.383, 62
Trd, 258726.767, 60
Trd, 258726.933, 60
Trd, 258726.950, 60
Trd, 258727.633, 62
Trd, 258728.250, 60
Trd, 258728.417, 60
Trd, 258728.917, 60
Trd, 258729.067, 60
Trd, 258729.283, 60
Trd, 258729.417, 60
Trd, 258729.683, 60
Trd, 258729.983, 60
Trd, 258730.167, 60
Trd, 258730.300, 60
Trd, 258730.417, 60
Trd, 258730.667, 60
Trd, 258730.767, 61
Trd, 258730.900, 63
Trd, 258730.967, 64
Trd, 258731.050, 65
Trd, 258731.100, 62
Trd, 258731.367, 65
Trd, 258731.517, 66
Trd, 258731.783, 68
Trd, 258732.050, 79
Trd, 258732.483, 99
Trd, 258732.983, 79
Trd, 258733.067, 77
Trd, 258733.183, 105
Trd, 258733.450, 81
Trd, 258733.617, 81
Trd, 258733.683, 78
Trd, 258733.933, 119
Trd, 258733.983, 120
Trd, 258734.167, 119
Trd, 258734.950, 115
Trd, 258735.000, 114
Trd, 258735.133, 113
Trd, 258735.267, 119
Trd, 258735.667, 113
Trd, 258735.700, 115
Trd, 258735.750, 119
Trd, 258735.800, 120
Trd, 258735.883, 98
Trd, 258736.000, 121
Trd, 258736.500, 88
Trd, 258736.850, 65
Trd, 258736.967, 66
Trd, 258737.183, 73
Trd, 258737.233, 89
Trd, 258738.217, 140
Trd, 258738.383, 140
Trd, 258738.633, 140
Trd, 258739.000, 140
Trd, 258739.067, 140
Trd, 258739.083, 140
Trd, 258739.283, 140
Trd, 258739.600, 140
Trd, 258740.183, 140
Trd, 258740.400, 140
Trd, 258740.800, 140
Trd, 258741.050, 140
Trd, 258741.117, 140
Trd, 258741.300, 140
Trd, 258741.883, 140
Trd, 258742.200, 140
Trd, 258742.233, 140
Trd, 258742.383, 140
Trd, 258742.500, 135
Trd, 258742.983, 132
Trd, 258743.150, 135
Trd, 258743.183, 136
Trd, 258743.717, 136
Trd, 258744.050, 121
Trd, 258744.300, 120
Trd, 258744.367, 119
Trd, 258744.450, 134
Trd, 258744.733, 128
Trd, 258744.967, 127
Trd, 258745.200, 131
Trd, 258745.767, 121
Trd, 258745.800, 124
Trd, 258745.833, 127
Trd, 258746.033, 120
Trd, 258746.083, 107
Trd, 258746.517, 108
Trd, 258746.967, 122
Trd, 258747.383, 120
Trd, 258747.467, 112
Trd, 258747.683, 119
Trd, 258747.750, 120
Trd, 258747.767, 116
Trd, 258747.950, 124
Trd, 258748.050, 128
Trd, 258748.333, 115
Trd, 258748.400, 115
Trd, 258748.467, 114
Trd, 258748.583, 139
Trd, 258749.067, 139
Trd, 258749.133, 122
Trd, 258749.567, 140
Trd, 258749.983, 140
Trd, 258750.117, 140
Trd, 258750.133, 140
Trd, 258750.367, 115
Trd, 258750.650, 139
Trd, 258750.817, 135
Trd, 258751.317, 129
Trd, 258751.367, 131
Trd, 258751.417, 133
Trd, 258751.600, 121
Trd, 258751.750, 122
Trd, 258752.083, 136
Trd, 258752.150, 139
Trd, 258752.233, 140
Trd, 258752.467, 135
Trd, 258752.533, 134
Trd, 258752.550, 134
Trd, 258752.850, 140
Trd, 258752.900, 140
Trd, 258752.983, 133
Trd, 258753.200, 126
Trd, 258753.417, 125
Trd, 258753.717, 116
Trd, 258754.167, 121
Trd, 258754.550, 138
Trd, 258756.000, 140
Trd, 258756.133, 140
Trd, 258756.400, 140
Trd, 258756.467, 140
Trd, 258756.483, 140
Trd, 258756.700, 138
Trd, 258756.733, 138
Trd, 258756.767, 139
Trd, 258756.817, 139
Trd, 258757.067, 138
Trd, 258757.083, 128
Trd, 258757.117, 126
Trd, 258757.400, 114
Trd, 258757.500, 100
Trd, 258757.517, 99
Trd, 258757.750, 95
Trd, 258757.900, 133
Trd, 258758.700, 108
Trd, 258758.833, 108
Trd, 258759.000, 108
Trd, 258759.217, 109
Trd, 258759.533, 124
Trd, 258759.933, 126
Trd, 258760.183, 127
Trd, 258760.350, 127
Trd, 258760.367, 128
Trd, 258760.600, 117
Trd, 258760.700, 116
Trd, 258760.717, 129
Trd, 258760.733, 130
Trd, 258761.200, 116
Trd, 258761.233, 115
Trd, 258761.567, 127
Trd, 258761.650, 116
Trd, 258761.867, 117
Trd, 258762.450, 123
Trd, 258762.517, 120
Trd, 258762.833, 123
Trd, 258763.017, 120
Trd, 258763.233, 120
Trd, 258763.533, 121
Trd, 258763.600, 120
Trd, 258763.900, 121
Trd, 258764.333, 100
Trd, 258764.417, 97
Trd, 258764.483, 119
Trd, 258764.533, 82
Trd, 258764.583, 121
Trd, 258764.667, 122
Trd, 258765.217, 91
Trd, 258765.367, 118
Trd, 258765.583, 119
Trd, 258765.817, 90
Trd, 258766.067, 118
Trd, 258766.800, 113
Trd, 258766.967, 98
Trd, 258767.150, 105
Trd, 258767.217, 112
Trd, 258767.233, 97
Trd, 258767.417, 109
Trd, 258767.467, 94
Trd, 258767.717, 111
Trd, 258767.800, 86
Trd, 258767.883, 66
Trd, 258768.233, 111
Trd, 258768.467, 112
Trd, 258768.650, 114
Trd, 258768.900, 114
Trd, 258768.917, 113
Trd, 258769.300, 87
Trd, 258769.433, 115
Trd, 258769.833, 140
Trd, 258770.467, 140
Trd, 258770.733, 140
Trd, 258771.667, 140
Trd, 258771.700, 140
Trd, 258771.867, 140
Trd, 258772.100, 140
Trd, 258772.217, 140
Trd, 258772.350, 140
Trd, 258772.483, 139
Trd, 258772.500, 138
Trd, 258772.750, 140
Trd, 258772.833, 138
Trd, 258773.083, 123
Trd, 258773.233, 109
Trd, 258773.367, 108
Trd, 258773.383, 112
Trd, 258773.400, 106
Trd, 258773.550, 111
Trd, 258773.617, 104
Trd, 258773.717, 112
Trd, 258773.900, 111
Trd, 258774.267, 100
Trd, 258774.550, 113
Trd, 258774.867, 102
Trd, 258774.967, 101
Trd, 258775.167, 99
Trd, 258775.217, 100
Trd, 258775.417, 98
Trd, 258775.567, 81
Trd, 258775.750, 75
Trd, 258775.883, 99
Trd, 258775.900, 67
Trd, 258775.917, 101
Trd, 258776.017, 139
Trd, 258776.683, 139
Trd, 258776.700, 98
Trd, 258776.783, 140
Trd, 258776.867, 104
Trd, 258776.967, 96
Trd, 258777.200, 139
Trd, 258777.417, 138
Trd, 258777.483, 138
Trd, 258777.700, 131
Trd, 258778.517, 139
Trd, 258778.733, 138
Trd, 258779.233, 140
Trd, 258779.783, 140
Trd, 258779.950, 140
Trd, 258780.150, 140
Trd, 258780.250, 140
Trd, 258780.267, 140
Trd, 258781.233, 140
Trd, 258781.817, 140
Trd, 258781.983, 140
Trd, 258782.067, 140
Trd, 258782.200, 140
Trd, 258782.450, 140
Trd, 258782.500, 140
Trd, 258782.517, 140
Trd, 258782.550, 140
Trd, 258782.583, 140
Trd, 258783.033, 140
Trd, 258783.183, 140
Trd, 258783.567, 139
Trd, 258783.833, 139
Trd, 258784.183, 139
Trd, 258784.483, 139
Trd, 258784.550, 138
Trd, 258784.733, 136
Trd, 258785.150, 123
Trd, 258785.583, 133
Trd, 258785.650, 112
Trd, 258785.717, 108
Trd, 258786.033, 132
Trd, 258786.150, 108
Trd, 258786.183, 106
Trd, 258786.300, 100
Trd, 258786.567, 109
Trd, 258786.700, 127
Trd, 258786.733, 114
Trd, 258786.833, 113
Trd, 258786.917, 127
Trd, 258787.333, 126
Trd, 258787.750, 122
Trd, 258787.867, 123
Trd, 258788.050, 125
Trd, 258788.067, 126
Trd, 258788.133, 112
Trd, 258788.150, 99
Trd, 258788.200, 98
Trd, 258788.267, 128
Trd, 258788.783, 100
Trd, 258789.017, 127
Trd, 258789.433, 128
Trd, 258789.483, 129
Trd, 258789.650, 137
Trd, 258789.667, 119
Trd, 258789.783, 102
Trd, 258790.067, 102
Trd, 258790.450, 105
Trd, 258790.533, 104
Trd, 258790.767, 108
Trd, 258790.867, 111
Trd, 258790.883, 105
Trd, 258791.133, 105
Trd, 258791.500, 108
Trd, 258791.583, 107
Trd, 258791.633, 107
Trd, 258791.667, 108
Trd, 258791.733, 105
Trd, 258791.950, 109
Trd, 258792.417, 108
Trd, 258792.700, 138
Trd, 258793.400, 140
Trd, 258794.150, 140
Trd, 258794.167, 140
Trd, 258794.250, 140
Trd, 258794.300, 140
Trd, 258794.350, 140
Trd, 258794.450, 138
Trd, 258794.983, 138
Trd, 258795.117, 139
Trd, 258795.200, 140
Trd, 258795.283, 140
Trd, 258795.483, 138
Trd, 258795.633, 140
Trd, 258796.067, 140
Trd, 258796.183, 140
Trd, 258796.217, 140
Trd, 258796.450, 140
Trd, 258797.667, 140
Trd, 258798.567, 140
Trd, 258799.117, 140
Trd, 258799.233, 140
Trd, 258799.600, 140
Trd, 258799.717, 140
Trd, 258799.967, 140
Trd, 258800.000, 140
Trd, 258800.050, 140
Trd, 258800.133, 140
Trd, 258800.217, 139
Trd, 258800.283, 116
Trd, 258800.433, 123
Trd, 258800.700, 108
Trd, 258801.100, 108
Trd, 258801.683, 140
Trd, 258801.917, 140
Trd, 258801.933, 140
Trd, 258802.017, 139
Trd, 258802.533, 113
Trd, 258802.717, 112
Trd, 258802.883, 124
Trd, 258803.117, 98
Trd, 258803.150, 124
Trd, 258803.250, 124
Trd, 258803.333, 72
Trd, 258803.967, 114
Trd, 258804.017, 113
Trd, 258804.050, 115
Trd, 258804.433, 62
Trd, 258804.567, 114
Trd, 258804.683, 115
Trd, 258804.717, 116
Trd, 258804.900, 65
Trd, 258804.933, 116
Trd, 258804.950, 117
Trd, 258805.700, 78
Trd, 258805.967, 138
Trd, 258806.233, 85
Trd, 258806.433, 126
Trd, 258806.483, 125
Trd, 258806.633, 140
Trd, 258806.767, 124
Trd, 258807.133, 124
Trd, 258807.183, 123
Trd, 258807.283, 140
Trd, 258807.967, 140
Trd, 258808.100, 140
Trd, 258808.250, 138
Trd, 258808.867, 140
Trd, 258808.983, 140
Trd, 258809.183, 139
Trd, 258809.433, 127
Trd, 258809.500, 126
Trd, 258809.950, 128
Trd, 258810.100, 133
Trd, 258810.200, 131
Trd, 258810.467, 126
Trd, 258810.567, 126
Trd, 258810.583, 125
Trd, 258810.650, 125
Trd, 258810.717, 124
Trd, 258810.917, 124
Trd, 258811.117, 116
Trd, 258811.250, 124
Trd, 258811.300, 104
Trd, 258811.367, 88
Trd, 258811.483, 105
Trd, 258811.500, 88
Trd, 258811.550, 106
Trd, 258811.900, 125
Trd, 258811.950, 97
Trd, 258811.967, 126
Trd, 258812.100, 140
Trd, 258812.483, 140
Trd, 258812.500, 138
Trd, 258812.700, 139
Trd, 258812.917, 139
Trd, 258813.150, 139
Trd, 258814.400, 140
Trd, 258815.150, 140
Trd, 258815.267, 140
Trd, 258815.750, 140
Trd, 258815.917, 140
Trd, 258816.500, 140
Trd, 258817.367, 140
Trd, 258817.750, 140
Trd, 258817.833, 140
Trd, 258817.867, 140
Trd, 258817.883, 140
Trd, 258817.950, 140
Trd, 258818.200, 140
Trd, 258818.300, 140
Trd, 258818.350, 140
Trd, 258818.517, 139
Trd, 258818.550, 139
Trd, 258818.650, 138
Trd, 258818.783, 137
Trd, 258818.817, 136
Trd, 258818.933, 133
Trd, 258819.233, 134
Trd, 258819.583, 134
Trd, 258819.750, 133
Trd, 258819.917, 123
Trd, 258820.567, 129
Trd, 258820.650, 128
Trd, 258820.700, 128
Trd, 258820.800, 131
Trd, 258820.883, 135
Trd, 258820.933, 115
Trd, 258821.300, 104
Trd, 258821.383, 102
Trd, 258821.500, 82
Trd, 258822.083, 60
Trd, 258822.133, 60
Trd, 258822.383, 62
Trd, 258822.433, 62
Trd, 258822.483, 60
Trd, 258822.600, 77
Trd, 258822.983, 65
Trd, 258823.033, 76
Trd, 258823.067, 77
Trd, 258823.367, 96
Trd, 258823.600, 64
Trd, 258824.067, 68
Trd, 258825.033, 140
Trd, 258826.617, 140
Trd, 258826.817, 140
Trd, 258827.033, 140
Trd, 258827.233, 140
Trd, 258827.400, 140
Trd, 258827.567, 140
Trd, 258827.600, 140
Trd, 258827.767, 140
Trd, 258828.267, 140
Trd, 258828.383, 140
Trd, 258828.433, 140
Trd, 258828.867, 140
Trd, 258828.917, 140
Trd, 258829.150, 140
Trd, 258829.267, 140
Trd, 258829.317, 138
Trd, 258829.417, 138
Trd, 258829.467, 121
Trd, 258829.500, 138
Trd, 258829.750, 134
Trd, 258830.017, 127
Trd, 258830.200, 127
Trd, 258830.250, 129
Trd, 258830.500, 130
Trd, 258830.550, 128
Trd, 258830.567, 127
Trd, 258830.650, 127
Trd, 258830.933, 126
Trd, 258830.983, 118
Trd, 258831.067, 127
Trd, 258831.083, 131
Trd, 258831.683, 90
Trd, 258831.850, 89
Trd, 258832.300, 132
Trd, 258832.483, 87
Trd, 258833.150, 140
Trd, 258833.950, 140
Trd, 258834.100, 140
Trd, 258834.167, 139
Trd, 258834.317, 139
Trd, 258834.417, 138
Trd, 258834.683, 136
Trd, 258834.700, 124
Trd, 258834.833, 135
Trd, 258835.033, 109
Trd, 258835.133, 118
Trd, 258835.550, 136
Trd, 258835.567, 96
Trd, 258835.767, 95
Trd, 258835.783, 63
Trd, 258836.117, 60
Trd, 258836.433, 60
Trd, 258836.467, 60
Trd, 258836.617, 60
Trd, 258837.100, 60
Trd, 258837.150, 60
Trd, 258837.200, 60
Trd, 258837.300, 60
Trd, 258837.383, 60
Trd, 258837.417, 60
Trd, 258837.617, 60
Trd, 258837.750, 60
Trd, 258838.000, 60
Trd, 258838.317, 60
Trd, 258838.400, 60
Trd, 258838.783, 66
Trd, 258838.883, 66
Trd, 258839.117, 61
Trd, 258839.367, 65
Trd, 258839.450, 66
Trd, 258839.700, 127
Trd, 258840.850, 72
Trd, 258841.217, 71
Trd, 258841.300, 90
Trd, 258841.367, 110
Trd, 258841.433, 114
Trd, 258841.650, 140
Trd, 258842.200, 139
Trd, 258842.433, 140
Trd, 258842.533, 140
Trd, 258842.950, 140
Trd, 258843.250, 140
Trd, 258843.367, 140
Trd, 258843.483, 140
Trd, 258843.817, 140
Trd, 258844.067, 140
Trd, 258844.133, 140
Trd, 258844.150, 140
Trd, 258844.317, 140
Trd, 258844.717, 140
Trd, 258844.800, 140
Trd, 258844.850, 140
Trd, 258844.867, 140
Trd, 258845.350, 140
Trd, 258845.383, 138
Trd, 258845.483, 140
Trd, 258845.683, 138
Trd, 258845.867, 138
Trd, 258846.117, 139
Trd, 258846.517, 138
Trd, 258846.583, 127
Trd, 258847.267, 131
Trd, 258847.483, 130
Trd, 258848.100, 128
Trd, 258848.117, 127
Trd, 258848.133, 129
Trd, 258848.150, 125
Trd, 258848.333, 131
Trd, 258848.350, 117
Trd, 258848.533, 138
Trd, 258848.667, 139
Trd, 258849.067, 127
Trd, 258849.083, 132
Trd, 258849.117, 133
Trd, 258849.750, 117
Trd, 258850.550, 119
Trd, 258850.700, 129
Trd, 258850.817, 119
Trd, 258851.000, 117
Trd, 258851.150, 126
Trd, 258851.233, 117
Trd, 258851.383, 124
Trd, 258851.450, 105
Trd, 258851.617, 103
Trd, 258851.633, 102
Trd, 258851.967, 101
Trd, 258852.033, 101
Trd, 258852.250, 117
Trd, 258852.583, 103
Trd, 258852.767, 80
Trd, 258852.867, 116
Trd, 258853.050, 115
Trd, 258853.433, 94
Trd, 258853.583, 112
Trd, 258853.633, 103
Trd, 258853.750, 102
Trd, 258853.767, 93
Trd, 258854.083, 79
Trd, 258854.133, 111
Trd, 258854.300, 81
Trd, 258854.467, 110
Trd, 258854.500, 79
Trd, 258854.783, 103
Trd, 258854.883, 110
Trd, 258854.917, 112
Trd, 258855.000, 80
Trd, 258855.217, 112
Trd, 258855.283, 113
Trd, 258856.000, 80
Trd, 258856.517, 140
Trd, 258856.633, 140
Trd, 258856.833, 140
Trd, 258857.383, 140
Trd, 258857.983, 140
Trd, 258858.067, 140
Trd, 258858.600, 140
Trd, 258859.317, 140
Trd, 258859.367, 138
Trd, 258859.483, 140
Trd, 258859.750, 139
Trd, 258859.800, 139
Trd, 258859.850, 136
Trd, 258860.100, 135
Trd, 258860.183, 134
Trd, 258860.233, 103
Trd, 258860.517, 131
Trd, 258860.583, 118
Trd, 258861.100, 124
Trd, 258861.150, 126
Trd, 258861.417, 123
Trd, 258861.700, 123
Trd, 258861.800, 120
Trd, 258861.817, 117
Trd, 258861.917, 95
Trd, 258862.233, 92
Trd, 258862.350, 117
Trd, 258862.717, 97
Trd, 258862.900, 116
Trd, 258863.383, 113
Trd, 258863.400, 115
Trd, 258863.467, 116
Trd, 258863.567, 109
Trd, 258863.600, 110
Trd, 258864.267, 114
Trd, 258864.283, 115
Trd, 258864.367, 116
Trd, 258864.400, 113
Trd, 258864.500, 136
Trd, 258865.000, 111
Trd, 258865.417, 140
Trd, 258865.750, 126
Trd, 258866.000, 126
Trd, 258866.683, 140
Trd, 258866.800, 139
Trd, 258866.967, 120
Trd, 258867.500, 133
Trd, 258867.817, 126
Trd, 258867.967, 138
Trd, 258868.767, 140
Trd, 258868.883, 138
Trd, 258869.033, 139
Trd, 258869.150, 140
Trd, 258869.350, 140
Trd, 258869.883, 140
Trd, 258869.950, 140
Trd, 258869.983, 140
Trd, 258870.050, 140
Trd, 258870.150, 139
Trd, 258870.183, 135
Trd, 258871.017, 131
Trd, 258871.150, 132
Trd, 258871.183, 129
Trd, 258871.350, 130
Trd, 258871.400, 129
Trd, 258871.600, 125
Trd, 258871.617, 112
Trd, 258872.500, 122
Trd, 258873.033, 114
Trd, 258873.233, 111
Trd, 258873.400, 110
Trd, 258873.617, 110
Trd, 258873.717, 109
Trd, 258873.767, 103
Trd, 258873.800, 106
Trd, 258873.833, 93
Trd, 258873.883, 111
Trd, 258873.917, 69
Trd, 258874.050, 62
Trd, 258874.167, 62
Trd, 258874.200, 111
Trd, 258874.833, 60
Trd, 258874.867, 60
Trd, 258875.167, 60
Trd, 258875.233, 60
Trd, 258875.283, 60
Trd, 258875.333, 60
Trd, 258875.350, 60
Trd, 258875.633, 60
Trd, 258875.767, 60
Trd, 258875.817, 61
Trd, 258875.850, 63
Trd, 258876.217, 62
Trd, 258876.750, 60
Trd, 258876.800, 60
Trd, 258877.283, 62
Trd, 258877.383, 63
Trd, 258877.417, 63
Trd, 258877.550, 62
Trd, 258877.633, 63
Trd, 258877.800, 68
Trd, 258878.033, 76
Trd, 258878.483, 65
Trd, 258878.650, 66
Trd, 258878.967, 68
Trd, 258879.100, 67
Trd, 258879.133, 68
Trd, 258879.317, 68
Trd, 258879.400, 68
Trd, 258879.533, 67
Trd, 258879.550, 68
Trd, 258879.617, 69
Trd, 258879.667, 71
Trd, 258880.633, 140
Trd, 258881.133, 72
Trd, 258881.400, 82
Trd, 258881.650, 140
Trd, 258881.783, 139
Trd, 258881.867, 140
Trd, 258881.900, 81
Trd, 258882.017, 139
Trd, 258882.583, 139
Trd, 258883.117, 135
Trd, 258883.333, 137
Trd, 258883.400, 135
Trd, 258883.450, 119
Trd, 258883.500, 89
Trd, 258883.583, 136
Trd, 258883.767, 91
Trd, 258883.933, 132
Trd, 258883.950, 89
Trd, 258884.267, 131
Trd, 258884.283, 133
Trd, 258884.433, 92
Trd, 258884.600, 92
Trd, 258885.050, 139
Trd, 258885.133, 138
Trd, 258885.433, 128
Trd, 258885.667, 112
Trd, 258885.817, 105
Trd, 258885.933, 106
Trd, 258886.017, 104
Trd, 258886.217, 129
Trd, 258886.250, 135
Trd, 258886.450, 134
Trd, 258886.500, 125
Trd, 258886.833, 134
Trd, 258886.867, 132
Trd, 258888.033, 123
Trd, 258888.083, 96
Trd, 258888.183, 95
Trd, 258888.317, 91
Trd, 258888.483, 91
Trd, 258888.500, 90
Trd, 258888.633, 111
Trd, 258888.783, 110
Trd, 258888.850, 93
Trd, 258889.317, 109
Trd, 258889.400, 99
Trd, 258889.450, 98
Trd, 258889.467, 96
Trd, 258889.533, 108
Trd, 258889.567, 92
Trd, 258889.583, 108
Trd, 258889.667, 109
Trd, 258889.767, 110
Trd, 258889.783, 114
Trd, 258890.050, 139
Trd, 258890.100, 68
Trd, 258891.217, 140
Trd, 258891.283, 140
Trd, 258891.300, 140
Trd, 258891.417, 140
Trd, 258892.533, 140
Trd, 258893.350, 140
Trd, 258893.383, 140
Trd, 258893.400, 140
Trd, 258893.417, 140
Trd, 258893.450, 140
Trd, 258893.483, 140
Trd, 258893.667, 140
Trd, 258893.833, 133
Trd, 258894.117, 134
Trd, 258894.133, 139
Trd, 258894.283, 138
Trd, 258894.783, 138
Trd, 258895.217, 140
Trd, 258895.250, 139
Trd, 258895.517, 138
Trd, 258895.550, 139
Trd, 258895.583, 137
Trd, 258895.833, 136
Trd, 258895.967, 135
Trd, 258896.233, 137
Trd, 258896.300, 138
Trd, 258896.350, 132
Trd, 258897.117, 132
Trd, 258897.350, 137
Trd, 258897.733, 131
Trd, 258897.900, 137
Trd, 258898.050, 136
Trd, 258898.783, 129
Trd, 258898.817, 130
Trd, 258898.883, 131
Trd, 258899.067, 126
Trd, 258899.150, 130
Trd, 258899.317, 126
Trd, 258899.400, 116
Trd, 258899.533, 110
Trd, 258899.833, 126
Trd, 258900.000, 90
Trd, 258900.017, 87
Trd, 258900.633, 115
Trd, 258900.717, 127
Trd, 258900.783, 74
Trd, 258901.067, 100
Trd, 258901.383, 111
Trd, 258901.417, 74
Trd, 258901.617, 88
Trd, 258901.983, 110
Trd, 258902.217, 87
Trd, 258902.583, 79
Trd, 258902.600, 103
Trd, 258902.667, 106
Trd, 258902.683, 107
Trd, 258902.767, 111
Trd, 258903.100, 82
Trd, 258903.183, 102
Trd, 258903.433, 136
Trd, 258903.800, 139
Trd, 258903.817, 108
Trd, 258904.383, 140
Trd, 258904.967, 140
Trd, 258905.050, 140
Trd, 258905.167, 140
Trd, 258905.267, 140
Trd, 258905.450, 140
Trd, 258905.717, 140
Trd, 258906.100, 140
Trd, 258906.200, 140
Trd, 258906.267, 140
Trd, 258906.767, 140
Trd, 258906.983, 140
Trd, 258907.133, 140
Trd, 258907.250, 140
Trd, 258907.483, 140
Trd, 258907.800, 140
Trd, 258908.217, 140
Trd, 258908.283, 140
Trd, 258908.467, 140
Trd, 258908.700, 140
Trd, 258909.383, 140
Trd, 258909.467, 140
Trd, 258909.533, 140
Trd, 258909.917, 140
Trd, 258909.967, 140
Trd, 258910.000, 138
Trd, 258910.167, 134
Trd, 258910.317, 136
Trd, 258910.617, 129
Trd, 258910.783, 122
Trd, 258911.000, 138
Trd, 258911.333, 119
Trd, 258911.417, 135
Trd, 258911.967, 120
Trd, 258912.083, 112
Trd, 258912.133, 97
Trd, 258912.267, 126
Trd, 258912.450, 77
Trd, 258912.617, 69
Trd, 258912.667, 67
Trd, 258912.817, 120
Trd, 258913.083, 119
Trd, 258913.283, 117
Trd, 258913.467, 65
Trd, 258913.717, 64
Trd, 258914.050, 65
Trd, 258914.483, 64
Trd, 258914.650, 64
Trd, 258914.733, 63
Trd, 258915.000, 62
Trd, 258915.167, 63
Trd, 258915.250, 68
Trd, 258915.483, 68
Trd, 258915.600, 67
Trd, 258915.650, 68
Trd, 258915.700, 101
Trd, 258916.017, 62
Trd, 258916.367, 140
Trd, 258917.200, 140
Trd, 258917.700, 140
Trd, 258918.067, 140
Trd, 258918.517, 140
Trd, 258918.583, 140
Trd, 258918.717, 140
Trd, 258918.783, 140
Trd, 258918.833, 140
Trd, 258918.950, 139
Trd, 258919.067, 136
Trd, 258919.133, 135
Trd, 258919.367, 114
Trd, 258920.167, 111
Trd, 258920.183, 104
Trd, 258920.317, 128
Trd, 258920.467, 130
Trd, 258921.267, 60
Trd, 258922.217, 60
Trd, 258922.300, 60
Trd, 258922.317, 60
Trd, 258922.433, 60
Trd, 258923.000, 60
Trd, 258923.100, 60
Trd, 258923.217, 60
Trd, 258923.400, 60
Trd, 258923.417, 61
Trd, 258923.500, 61
Trd, 258923.583, 61
Trd, 258923.617, 61
Trd, 258923.667, 62
Trd, 258923.850, 62
Trd, 258923.967, 63
Trd, 258924.000, 64
Trd, 258924.050, 61
Trd, 258924.067, 60
Trd, 258924.233, 61
Trd, 258924.450, 66
Trd, 258924.717, 62
Trd, 258924.733, 63
Trd, 258925.050, 90
Trd, 258925.400, 65
Trd, 258925.450, 66
Trd, 258925.517, 106
Trd, 258925.833, 65
Trd, 258926.250, 122
Trd, 258926.267, 65
Trd, 258926.750, 140
Trd, 258927.417, 140
Trd, 258927.467, 140
Trd, 258927.817, 140
Trd, 258928.000, 140
Trd, 258928.017, 140
Trd, 258928.100, 140
Trd, 258928.350, 140
Trd, 258928.400, 140
Trd, 258928.433, 140
Trd, 258928.500, 139
Trd, 258928.850, 132
Trd, 258928.933, 120
Trd, 258928.967, 119
Trd, 258928.983, 133
Trd, 258929.133, 65
Trd, 258929.217, 66
Trd, 258929.317, 61
Trd, 258929.600, 65
Trd, 258929.717, 66
Trd, 258929.767, 67
Trd, 258930.233, 63
Trd, 258930.300, 62
Trd, 258930.533, 64
Trd, 258930.767, 60
Trd, 258930.917, 60
Trd, 258931.033, 60
Trd, 258931.067, 60
Trd, 258931.283, 60
Trd, 258931.367, 60
Trd, 258931.500, 60
Trd, 258931.667, 60
Trd, 258931.683, 60
Trd, 258932.250, 60
Trd, 258933.133, 60
Trd, 258933.233, 60
Trd, 258933.600, 60
Trd, 258933.750, 60
Trd, 258933.850, 60
Trd, 258934.533, 60
Trd, 258934.750, 60
Trd, 258934.767, 60
Trd, 258934.800, 60
Trd, 258934.883, 61
Trd, 258934.967, 65
Trd, 258935.067, 60
Trd, 258935.517, 60
Trd, 258935.683, 60
Trd, 258935.933, 60
Trd, 258936.217, 60
Trd, 258936.350, 61
Trd, 258936.367, 61
Trd, 258936.600, 61
Trd, 258936.917, 60
Trd, 258937.167, 60
Trd, 258937.450, 60
Trd, 258937.717, 62
Trd, 258938.033, 138
Trd, 258938.517, 140
Trd, 258938.567, 140
Trd, 258938.867, 140
Trd, 258939.350, 140
Trd, 258940.083, 140
Trd, 258940.267, 140
Trd, 258940.317, 140
Trd, 258940.650, 140
Trd, 258941.167, 140
Trd, 258941.217, 140
Trd, 258941.417, 140
Trd, 258942.050, 140
Trd, 258942.450, 140
Trd, 258942.767, 140
Trd, 258942.850, 140
Trd, 258942.867, 140
Trd, 258942.900, 140
Trd, 258943.183, 140
Trd, 258943.467, 139
Trd, 258943.633, 139
Trd, 258943.917, 123
Trd, 258943.933, 137
Trd, 258944.050, 116
Trd, 258944.383, 135
Trd, 258944.683, 132
Trd, 258944.933, 113
Trd, 258945.083, 112
Trd, 258945.117, 111
Trd, 258945.150, 104
Trd, 258945.283, 124
Trd, 258945.467, 123
Trd, 258945.533, 100
Trd, 258945.883, 118
Trd, 258945.900, 67
Trd, 258946.183, 115
Trd, 258946.317, 117
Trd, 258946.417, 65
Trd, 258946.483, 80
Trd, 258946.667, 114
Trd, 258946.800, 114
Trd, 258947.033, 114
Trd, 258947.233, 117
Trd, 258947.283, 91
Trd, 258947.433, 121
Trd, 258947.867, 124
Trd, 258948.017, 124
Trd, 258948.050, 123
Trd, 258948.133, 127
Trd, 258948.167, 117
Trd, 258948.383, 106
Trd, 258949.117, 140
Trd, 258950.067, 140
Trd, 258950.150, 140
Trd, 258950.200, 140
Trd, 258950.300, 139
Trd, 258950.383, 140
Trd, 258950.400, 139
Trd, 258950.483, 131
Trd, 258950.500, 123
Trd, 258950.883, 114
Trd, 258950.967, 95
Trd, 258951.200, 132
Trd, 258951.300, 131
Trd, 258951.583, 136
Trd, 258951.767, 134
Trd, 258952.100, 135
Trd, 258952.217, 134
Trd, 258952.250, 112
Trd, 258952.317, 135
Trd, 258952.700, 135
Trd, 258952.783, 109
Trd, 258953.233, 131
Trd, 258953.467, 117
Trd, 258953.533, 116
Trd, 258953.983, 129
Trd, 258954.517, 122
Trd, 258954.567, 122
Trd, 258954.733, 121
Trd, 258954.800, 122
Trd, 258954.817, 118
Trd, 258954.967, 117
Trd, 258955.333, 115
Trd, 258955.433, 95
Trd, 258955.450, 92
Trd, 258955.467, 116
Trd, 258955.550, 63
Trd, 258955.667, 65
Trd, 258955.833, 65
Trd, 258955.883, 63
Trd, 258956.717, 61
Trd, 258957.200, 61
Trd, 258957.333, 60
Trd, 258957.483, 61
Trd, 258957.800, 61
Trd, 258957.833, 62
Trd, 258957.850, 62
Trd, 258957.867, 63
Trd, 258957.933, 67
Trd, 258958.267, 63
Trd, 258958.300, 62
Trd, 258958.400, 61
Trd, 258958.517, 61
Trd, 258958.750, 60
Trd, 258958.850, 60
Trd, 258958.867, 61
Trd, 258959.217, 60
Trd, 258959.400, 61
Trd, 258959.733, 61
Trd, 258959.817, 60
Trd, 258960.167, 64
Trd, 258960.450, 65
Trd, 258960.683, 64
Trd, 258960.883, 64
Trd, 258961.383, 60
Trd, 258961.517, 64
Trd, 258961.583, 65
Trd, 258961.917, 68
Trd, 258962.150, 60
Trd, 258962.350, 66
Trd, 258963.117, 60
Trd, 258963.717, 60
Trd, 258963.817, 60
Trd, 258963.833, 60
Trd, 258964.333, 60
Trd, 258964.533, 60
Trd, 258964.700, 60
Trd, 258964.967, 60
Trd, 258965.767, 60
Trd, 258965.783, 60
Trd, 258965.950, 60
Trd, 258965.983, 60
Trd, 258966.050, 60
Trd, 258966.167, 60
Trd, 258966.217, 60
Trd, 258966.583, 60
Trd, 258966.650, 60
Trd, 258966.767, 61
Trd, 258966.783, 62
Trd, 258967.067, 63
Trd, 258967.150, 66
Trd, 258967.517, 140
Trd, 258968.000, 140
Trd, 258968.050, 140
Trd, 258968.383, 115
Trd, 258968.683, 116
Trd, 258968.700, 115
Trd, 258968.767, 89
Trd, 258969.017, 95
Trd, 258969.067, 96
Trd, 258969.083, 88
Trd, 258969.183, 97
Trd, 258969.217, 81
Trd, 258969.383, 80
Trd, 258969.917, 140
Trd, 258970.683, 140
Trd, 258970.717, 140
Trd, 258970.900, 140
Trd, 258971.467, 140
Trd, 258971.667, 140
Trd, 258973.183, 140
Trd, 258973.583, 140
Trd, 258973.750, 140
Trd, 258973.817, 140
Trd, 258973.917, 140
Trd, 258973.950, 140
Trd, 258973.983, 140
Trd, 258974.067, 140
Trd, 258974.200, 140
Trd, 258974.217, 140
Trd, 258974.333, 140
Trd, 258974.433, 140
Trd, 258974.550, 140
Trd, 258974.600, 140
Trd, 258974.700, 140
Trd, 258974.717, 139
Trd, 258974.783, 139
Trd, 258974.867, 139
Trd, 258975.000, 140
Trd, 258975.267, 140
Trd, 258975.500, 139
Trd, 258975.650, 136
Trd, 258975.833, 133
Trd, 258976.767, 117
Trd, 258976.783, 118
Trd, 258977.167, 114
Trd, 258977.367, 113
Trd, 258977.400, 115
Trd, 258977.567, 115
Trd, 258977.633, 116
Trd, 258977.700, 114
Trd, 258977.800, 117
Trd, 258977.850, 115
Trd, 258978.000, 115
Trd, 258978.100, 114
Trd, 258978.467, 115
Trd, 258978.533, 114
Trd, 258978.717, 133
Trd, 258979.233, 140
Trd, 258979.317, 119
Trd, 258979.483, 119
Trd, 258980.000, 101
Trd, 258980.233, 101
Trd, 258980.750, 140
Trd, 258981.250, 140
Trd, 258981.600, 140
Trd, 258981.700, 121
Trd, 258981.917, 139
Trd, 258982.000, 121
Trd, 258982.167, 113
Trd, 258982.400, 140
Trd, 258982.833, 140
Trd, 258982.867, 140
Trd, 258982.917, 140
Trd, 258983.133, 140
Trd, 258983.267, 140
Trd, 258983.783, 140
Trd, 258984.267, 140
Trd, 258984.517, 140
Trd, 258984.600, 140
Trd, 258984.667, 140
Trd, 258984.683, 140
Trd, 258984.850, 139
Trd, 258985.133, 138
Trd, 258985.467, 138
Trd, 258985.600, 137
Trd, 258985.650, 127
Trd, 258985.833, 125
Trd, 258986.017, 132
Trd, 258986.400, 119
Trd, 258986.750, 130
Trd, 258986.800, 134
Trd, 258986.933, 122
Trd, 258987.267, 123
Trd, 258987.333, 122
Trd, 258987.433, 124
Trd, 258987.467, 119
Trd, 258987.633, 134
Trd, 258988.217, 100
Trd, 258988.433, 124
Trd, 258988.967, 105
Trd, 258988.983, 119
Trd, 258989.000, 120
Trd, 258989.067, 104
Trd, 258989.250, 112
Trd, 258989.283, 103
Trd, 258989.417, 102
Trd, 258989.633, 140
Trd, 258989.750, 104
Trd, 258990.217, 140
Trd, 258990.550, 140
Trd, 258991.600, 140
Trd, 258991.867, 140
Trd, 258992.167, 140
Trd, 258992.367, 140
Trd, 258992.800, 140
Trd, 258992.817, 140
Trd, 258993.067, 139
Trd, 258993.167, 138
Trd, 258993.350, 138
Trd, 258993.400, 138
Trd, 258993.417, 137
Trd, 258993.683, 109
Trd, 258994.117, 109
Trd, 258994.133, 135
Trd, 258994.400, 108
Trd, 258994.567, 134
Trd, 258994.583, 95
Trd, 258994.667, 79
Trd, 258994.817, 60
Trd, 258994.900, 61
Trd, 258995.067, 100
Trd, 258995.283, 111
Trd, 258995.767, 93
Trd, 258996.283, 129
Trd, 258996.500, 129
Trd, 258996.600, 128
Trd, 258996.683, 127
Trd, 258997.667, 140
Trd, 258997.717, 140
Trd, 258998.167, 140
Trd, 258999.150, 140
Trd, 258999.417, 140
Trd, 258999.800, 140
Trd, 258999.867, 140
Trd, 258999.883, 140
Trd, 259000.033, 140
Trd, 259000.200, 140
Trd, 259000.350, 140
Trd, 259000.417, 140
Trd, 259000.483, 119
Trd, 259000.583, 140
Trd, 259000.783, 139
Trd, 259000.833, 140
Trd, 259001.117, 117
Trd, 259001.200, 115
Trd, 259001.250, 135
Trd, 259001.483, 135
Trd, 259001.900, 130
Trd, 259001.933, 129
Trd, 259002.033, 130
Trd, 259002.417, 128
Trd, 259002.533, 129
Trd, 259002.583, 130
Trd, 259002.767, 131
Trd, 259002.800, 108
Trd, 259002.917, 131
Trd, 259002.950, 108
Trd, 259003.150, 123
Trd, 259003.167, 124
Trd, 259003.433, 121
Trd, 259004.200, 140
Trd, 259004.617, 140
Trd, 259004.633, 138
Trd, 259004.900, 138
Trd, 259005.033, 140
Trd, 259005.233, 125
Trd, 259005.550, 134
Trd, 259005.650, 133
Trd, 259005.783, 133
Trd, 259005.817, 134
Trd, 259006.067, 135
Trd, 259006.100, 125
Trd, 259006.683, 126
Trd, 259006.883, 128
Trd, 259007.117, 127
Trd, 259007.333, 127
Trd, 259007.550, 126
Trd, 259007.567, 125
Trd, 259007.633, 107
Trd, 259007.733, 103
Trd, 259008.017, 92
Trd, 259008.100, 86
Trd, 259008.283, 122
Trd, 259008.300, 123
Trd, 259008.350, 70
Trd, 259008.767, 81
Trd, 259008.883, 68
Trd, 259009.067, 80
Trd, 259009.383, 60
Trd, 259009.733, 66
Trd, 259009.883, 76
Trd, 259009.950, 78
Trd, 259010.133, 69
Trd, 259010.200, 80
Trd, 259010.283, 82
Trd, 259010.317, 65
Trd, 259010.750, 75
Trd, 259010.900, 76
Trd, 259010.950, 103
Trd, 259011.017, 74
Trd, 259011.050, 104
Trd, 259011.333, 106
Trd, 259011.683, 139
Trd, 259012.550, 140
Trd, 259013.267, 140
Trd, 259013.533, 140
Trd, 259013.867, 140
Trd, 259013.967, 140
Trd, 259014.000, 140
Trd, 259014.167, 140
Trd, 259014.283, 132
Trd, 259014.817, 131
Trd, 259014.983, 132
Trd, 259015.133, 133
Trd, 259015.283, 133
Trd, 259015.317, 132
Trd, 259015.500, 112
Trd, 259015.733, 131
Trd, 259016.117, 122
Trd, 259016.300, 129
Trd, 259016.367, 124
Trd, 259016.783, 123
Trd, 259016.850, 101
Trd, 259017.417, 102
Trd, 259017.650, 105
Trd, 259017.883, 103
Trd, 259018.083, 102
Trd, 259018.133, 103
Trd, 259018.317, 101
Trd, 259018.667, 92
Trd, 259018.700, 103
Trd, 259018.850, 81
Trd, 259018.983, 104
Trd, 259019.250, 105
Trd, 259019.350, 97
Trd, 259019.617, 97
Trd, 259019.700, 99
Trd, 259019.933, 99
Trd, 259020.083, 101
Trd, 259020.100, 102
Trd, 259020.133, 90
Trd, 259020.167, 104
Trd, 259020.383, 139
Trd, 259020.400, 76
Trd, 259021.550, 140
Trd, 259021.733, 140
Trd, 259021.917, 140
Trd, 259022.283, 140
Trd, 259022.400, 140
Trd, 259022.433, 140
Trd, 259022.450, 140
Trd, 259022.550, 140
Trd, 259022.583, 140
Trd, 259022.917, 135
Trd, 259023.150, 135
Trd, 259023.300, 136
Trd, 259023.567, 135
Trd, 259023.917, 137
Trd, 259024.267, 135
Trd, 259024.517, 135
Trd, 259024.683, 134
Trd, 259024.750, 125
Trd, 259024.833, 103
Trd, 259025.317, 67
Trd, 259025.333, 131
Trd, 259025.350, 133
Trd, 259025.750, 129
Trd, 259026.150, 123
Trd, 259026.367, 111
Trd, 259026.633, 123
Trd, 259027.200, 118
Trd, 259027.533, 114
Trd, 259027.833, 116
Trd, 259028.083, 117
Trd, 259028.417, 118
Trd, 259028.533, 119
Trd, 259028.700, 124
Trd, 259028.767, 122
Trd, 259028.800, 121
Trd, 259029.083, 122
Trd, 259029.367, 140
Trd, 259029.500, 140
Trd, 259029.583, 140
Trd, 259029.600, 140
Trd, 259029.733, 139
Trd, 259029.817, 120
Trd, 259030.000, 140
Trd, 259030.300, 140
Trd, 259030.833, 140
Trd, 259030.867, 139
Trd, 259031.100, 139
Trd, 259031.150, 140
Trd, 259031.317, 111
Trd, 259031.333, 107
Trd, 259031.867, 140
Trd, 259032.483, 140
Trd, 259032.700, 140
Trd, 259032.750, 140
Trd, 259033.117, 140
Trd, 259033.267, 139
Trd, 259033.533, 131
Trd, 259033.667, 119
Trd, 259033.767, 132
Trd, 259033.800, 138
Trd, 259034.117, 137
Trd, 259034.133, 136
Trd, 259034.217, 120
Trd, 259034.350, 136
Trd, 259034.717, 99
Trd, 259034.800, 97
Trd, 259034.983, 109
Trd, 259035.100, 86
Trd, 259035.217, 107
Trd, 259035.383, 107
Trd, 259035.467, 109
Trd, 259035.517, 131
Trd, 259035.800, 61
Trd, 259035.850, 62
Trd, 259036.050, 62
Trd, 259036.300, 64
Trd, 259036.900, 60
Trd, 259037.183, 60
Trd, 259037.233, 60
Trd, 259037.267, 60
Trd, 259038.117, 60
Trd, 259038.150, 60
Trd, 259038.383, 60
Trd, 259038.450, 60
Trd, 259038.817, 60
Trd, 259038.883, 60
Trd, 259039.333, 60
Trd, 259039.500, 60
Trd, 259039.517, 60
Trd, 259039.583, 60
Trd, 259039.783, 61
Trd, 259039.850, 65
Trd, 259040.000, 64
Trd, 259040.167, 65
Trd, 259040.200, 64
Trd, 259040.367, 63
Trd, 259040.433, 77
Trd, 259041.067, 104
Trd, 259041.583, 75
Trd, 259042.217, 91
Trd, 259042.283, 76
Trd, 259042.483, 101
Trd, 259042.767, 101
Trd, 259042.950, 80
Trd, 259043.383, 84
Trd, 259043.417, 79
Trd, 259043.500, 80
Trd, 259043.583, 83
Trd, 259043.733, 79
Trd, 259043.750, 84
Trd, 259043.883, 85
Trd, 259043.933, 81
Trd, 259044.017, 88
Trd, 259044.417, 89
Trd, 259044.467, 82
Trd, 259044.700, 140
Trd, 259044.850, 137
Trd, 259044.933, 137
Trd, 259045.133, 136
Trd, 259046.050, 140
Trd, 259046.750, 140
Trd, 259046.917, 140
Trd, 259047.517, 140
Trd, 259047.800, 140
Trd, 259047.900, 140
Trd, 259047.917, 140
Trd, 259048.217, 136
Trd, 259048.233, 135
Trd, 259048.283, 133
Trd, 259048.333, 129
Trd, 259048.400, 128
Trd, 259048.417, 139
Trd, 259048.817, 114
Trd, 259049.150, 133
Trd, 259049.167, 135
Trd, 259049.200, 136
Trd, 259049.283, 139
Trd, 259049.367, 140
Trd, 259049.467, 119
Trd, 259049.767, 119
Trd, 259050.400, 140
Trd, 259050.450, 140
Trd, 259050.683, 140
Trd, 259050.883, 137
Trd, 259050.917, 132
Trd, 259050.933, 117
Trd, 259051.183, 122
Trd, 259051.467, 140
Trd, 259052.033, 140
Trd, 259052.300, 140
Trd, 259052.900, 140
Trd, 259053.633, 140
Trd, 259053.750, 140
Trd, 259053.767, 140
Trd, 259053.783, 140
Trd, 259054.267, 140
Trd, 259054.417, 140
Trd, 259054.467, 140
Trd, 259054.483, 140
Trd, 259054.533, 139
Trd, 259054.883, 140
Trd, 259054.933, 139
Trd, 259054.950, 138
Trd, 259055.317, 114
Trd, 259055.617, 132
Trd, 259055.650, 138
Trd, 259055.717, 107
Trd, 259056.017, 109
Trd, 259056.183, 132
Trd, 259056.350, 105
Trd, 259056.450, 105
Trd, 259056.533, 94
Trd, 259056.667, 129
Trd, 259057.017, 130
Trd, 259057.267, 129
Trd, 259057.300, 134
Trd, 259057.567, 140
Trd, 259058.317, 140
Trd, 259058.833, 140
Trd, 259059.100, 140
Trd, 259059.167, 140
Trd, 259059.217, 140
Trd, 259059.717, 140
Trd, 259059.850, 140
Trd, 259059.933, 140
Trd, 259060.367, 140
Trd, 259060.817, 140
Trd, 259060.833, 140
Trd, 259060.917, 140
Trd, 259061.000, 140
Trd, 259061.083, 140
Trd, 259061.217, 140
Trd, 259061.333, 140
Trd, 259061.550, 140
Trd, 259061.700, 140
Trd, 259061.933, 140
Trd, 259062.433, 140
Trd, 259062.500, 140
Trd, 259062.883, 140
Trd, 259062.917, 140
Trd, 259063.183, 138
Trd, 259063.450, 139
Trd, 259063.583, 139
Trd, 259063.750, 135
Trd, 259063.867, 132
Trd, 259063.933, 132
Trd, 259064.083, 109
Trd, 259064.100, 107
Trd, 259064.200, 102
Trd, 259064.233, 101
Trd, 259064.333, 98
Trd, 259064.350, 95
Trd, 259065.267, 140
Trd, 259065.883, 140
Trd, 259066.000, 140
Trd, 259066.017, 140
Trd, 259066.400, 137
Trd, 259066.450, 134
Trd, 259066.933, 135
Trd, 259067.000, 136
Trd, 259067.017, 137
Trd, 259067.433, 107
Trd, 259067.550, 137
Trd, 259067.750, 130
Trd, 259067.933, 109
Trd, 259068.000, 103
Trd, 259068.133, 99
Trd, 259068.383, 95
Trd, 259068.467, 91
Trd, 259068.950, 92
Trd, 259069.083, 91
Trd, 259069.500, 131
Trd, 259069.700, 85
Trd, 259069.733, 129
Trd, 259069.950, 84
Trd, 259070.100, 128
Trd, 259070.117, 129
Trd, 259070.133, 132
Trd, 259070.750, 79
Trd, 259070.767, 135
Trd, 259070.817, 136
Trd, 259070.883, 78
Trd, 259071.100, 61
Trd, 259071.267, 101
Trd, 259071.917, 140
Trd, 259072.050, 134
Trd, 259072.317, 136
Trd, 259072.350, 134
Trd, 259073.000, 136
Trd, 259073.300, 139
Trd, 259073.433, 138
Trd, 259073.833, 139
Trd, 259073.967, 138
Trd, 259074.750, 140
Trd, 259075.333, 140
Trd, 259075.367, 140
Trd, 259075.433, 140
Trd, 259076.883, 140
Trd, 259076.933, 140
Trd, 259077.167, 140
Trd, 259077.650, 140
Trd, 259077.767, 140
Trd, 259077.783, 140
Trd, 259077.867, 140
Trd, 259077.883, 140
Trd, 259077.967, 140
Trd, 259078.050, 140
Trd, 259078.167, 140
Trd, 259078.367, 134
Trd, 259078.450, 130
Trd, 259078.517, 125
Trd, 259078.533, 136
Trd, 259078.650, 137
Trd, 259078.883, 125
Trd, 259079.200, 123
Trd, 259079.250, 105
Trd, 259079.700, 129
Trd, 259080.033, 124
Trd, 259080.150, 123
Trd, 259080.200, 125
Trd, 259080.300, 122
Trd, 259080.517, 128
Trd, 259080.983, 130
Trd, 259081.167, 128
Trd, 259081.200, 107
Trd, 259081.267, 127
Trd, 259081.300, 129
Trd, 259082.033, 106
Trd, 259082.067, 104
Trd, 259082.317, 103
Trd, 259082.383, 106
Trd, 259082.467, 103
Trd, 259082.500, 85
Trd, 259082.667, 76
Trd, 259082.833, 75
Trd, 259083.317, 60
Trd, 259083.850, 60
Trd, 259084.217, 60
Trd, 259084.567, 60
Trd, 259084.650, 60
Trd, 259084.700, 60
Trd, 259084.717, 60
Trd, 259084.750, 60
Trd, 259084.900, 60
Trd, 259085.050, 61
Trd, 259085.100, 61
Trd, 259085.267, 62
Trd, 259085.433, 63
Trd, 259085.550, 64
Trd, 259085.850, 65
Trd, 259085.933, 66
Trd, 259086.100, 112
Trd, 259086.383, 70
Trd, 259086.583, 94
Trd, 259087.117, 140
Trd, 259087.367, 140
Trd, 259087.483, 138
Trd, 259087.933, 140
Trd, 259088.450, 140
Trd, 259088.917, 140
Trd, 259089.233, 140
Trd, 259089.267, 140
Trd, 259089.667, 140
Trd, 259089.733, 140
Trd, 259089.867, 140
Trd, 259089.950, 140
Trd, 259090.317, 140
Trd, 259090.383, 140
Trd, 259090.533, 140
Trd, 259090.583, 140
Trd, 259090.650, 139
Trd, 259090.717, 139
Trd, 259090.750, 138
Trd, 259091.200, 135
Trd, 259091.267, 138
Trd, 259091.367, 130
Trd, 259091.483, 139
Trd, 259091.517, 113
Trd, 259091.567, 106
Trd, 259091.900, 94
Trd, 259092.367, 110
Trd, 259092.750, 107
Trd, 259092.783, 89
Trd, 259093.067, 110
Trd, 259093.500, 110
Trd, 259093.650, 111
Trd, 259093.733, 99
Trd, 259094.550, 140
Trd, 259094.850, 140
Trd, 259094.983, 140
Trd, 259095.350, 140
Trd, 259095.433, 140
Trd, 259095.567, 140
Trd, 259095.600, 140
Trd, 259095.817, 140
Trd, 259095.833, 140
Trd, 259096.317, 140
Trd, 259096.650, 140
Trd, 259096.700, 140
Trd, 259096.867, 140
Trd, 259096.933, 138
Trd, 259097.150, 139
Trd, 259097.350, 140
Trd, 259097.483, 140
Trd, 259097.500, 140
Trd, 259097.583, 140
Trd, 259097.617, 140
Trd, 259097.800, 140
Trd, 259097.967, 140
Trd, 259098.683, 139
Trd, 259098.750, 140
Trd, 259099.000, 138
Trd, 259099.067, 134
Trd, 259099.867, 140
Trd, 259099.933, 140
Trd, 259100.250, 138
Trd, 259100.467, 139
Trd, 259100.583, 131
Trd, 259100.717, 133
Trd, 259101.200, 135
Trd, 259101.317, 134
Trd, 259101.517, 133
Trd, 259101.567, 132
Trd, 259101.750, 131
Trd, 259102.033, 108
Trd, 259102.050, 103
Trd, 259102.150, 126
Trd, 259102.167, 127
Trd, 259102.183, 129
Trd, 259102.767, 79
Trd, 259102.817, 130
Trd, 259103.083, 94
Trd, 259103.483, 127
Trd, 259103.900, 124
Trd, 259103.917, 123
Trd, 259104.267, 128
Trd, 259104.367, 129
Trd, 259104.383, 128
Trd, 259104.650, 130
Trd, 259104.833, 129
Trd, 259104.867, 127
Trd, 259104.967, 129
Trd, 259105.000, 117
Trd, 259105.050, 130
Trd, 259105.217, 94
Trd, 259105.250, 93
Trd, 259105.300, 81
Trd, 259105.317, 129
Trd, 259105.333, 63
Trd, 259106.900, 86
Trd, 259107.000, 115
Trd, 259107.250, 119
Trd, 259107.633, 107
Trd, 259107.750, 120
Trd, 259107.767, 106
Trd, 259107.933, 123
Trd, 259108.083, 123
Trd, 259108.283, 90
Trd, 259108.400, 122
Trd, 259108.600, 120
Trd, 259108.650, 88
Trd, 259108.983, 101
Trd, 259109.017, 97
Trd, 259109.100, 120
Trd, 259109.217, 120
Trd, 259109.350, 97
Trd, 259109.483, 119
Trd, 259109.733, 118
Trd, 259109.883, 107
Trd, 259110.183, 117
Trd, 259110.217, 107
Trd, 259110.267, 106
Trd, 259110.533, 112
Trd, 259110.600, 112
Trd, 259110.983, 111
Trd, 259111.283, 105
Trd, 259111.383, 106
Trd, 259111.650, 105
Trd, 259111.683, 107
Trd, 259111.733, 104
Trd, 259111.800, 108
Trd, 259111.833, 115
Trd, 259112.117, 140
Trd, 259113.017, 140
Trd, 259113.050, 140
Trd, 259113.383, 140
Trd, 259113.517, 140
Trd, 259113.600, 139
Trd, 259113.800, 140
Trd, 259114.150, 139
Trd, 259114.183, 140
Trd, 259114.350, 138
Trd, 259114.433, 120
Trd, 259114.467, 120
Trd, 259114.583, 124
Trd, 259114.733, 119
Trd, 259114.783, 136
Trd, 259114.850, 134
Trd, 259114.950, 77
Trd, 259115.483, 122
Trd, 259116.117, 61
Trd, 259116.283, 63
Trd, 259116.450, 62
Trd, 259116.767, 62
Trd, 259116.800, 65
Trd, 259116.817, 61
Trd, 259117.200, 63
Trd, 259117.283, 119
Trd, 259117.533, 90
Trd, 259118.300, 60
Trd, 259118.367, 60
Trd, 259118.567, 61
Trd, 259119.083, 138
Trd, 259119.417, 140
Trd, 259120.683, 140
Trd, 259120.700, 140
Trd, 259120.783, 140
Trd, 259120.800, 140
Trd, 259120.850, 140
Trd, 259120.950, 140
Trd, 259120.983, 140
Trd, 259121.000, 140
Trd, 259121.133, 140
Trd, 259121.150, 140
Trd, 259121.183, 139
Trd, 259121.283, 134
Trd, 259121.950, 138
Trd, 259122.133, 110
Trd, 259122.167, 79
Trd, 259122.550, 79
Trd, 259123.083, 80
Trd, 259123.217, 101
Trd, 259123.400, 126
Trd, 259123.467, 106
Trd, 259123.683, 129
Trd, 259123.733, 105
Trd, 259123.900, 101
Trd, 259123.917, 92
Trd, 259124.033, 132
Trd, 259124.100, 134
Trd, 259124.633, 121
Trd, 259124.700, 72
Trd, 259125.283, 140
Trd, 259125.300, 139
Trd, 259125.367, 95
Trd, 259125.717, 84
Trd, 259126.100, 134
Trd, 259126.317, 82
Trd, 259126.417, 80
Trd, 259127.083, 100
Trd, 259127.250, 122
Trd, 259127.550, 119
Trd, 259127.567, 120
Trd, 259127.683, 103
Trd, 259128.067, 105
Trd, 259128.233, 105
Trd, 259128.417, 116
Trd, 259128.567, 106
Trd, 259128.633, 105
Trd, 259129.033, 104
Trd, 259129.050, 109
Trd, 259129.150, 111
Trd, 259129.350, 110
Trd, 259129.500, 109
Trd, 259129.667, 111
Trd, 259129.933, 102
Trd, 259129.983, 96
Trd, 259130.150, 88
Trd, 259130.367, 110
Trd, 259130.383, 111
Trd, 259130.617, 89
Trd, 259130.733, 113
Trd, 259130.850, 115
Trd, 259131.483, 111
Trd, 259131.733, 138
Trd, 259132.083, 138
Trd, 259132.300, 133
Trd, 259132.317, 110
Trd, 259132.467, 136
Trd, 259133.217, 139
Trd, 259133.400, 114
Trd, 259133.967, 140
Trd, 259134.383, 140
Trd, 259134.550, 140
Trd, 259134.617, 140
Trd, 259134.783, 140
Trd, 259134.900, 140
Trd, 259134.933, 131
Trd, 259135.200, 111
Trd, 259135.250, 106
Trd, 259135.333, 99
Trd, 259135.417, 122
Trd, 259135.583, 121
Trd, 259136.050, 93
Trd, 259136.133, 116
Trd, 259136.217, 92
Trd, 259136.233, 86
Trd, 259136.283, 115
Trd, 259136.650, 60
Trd, 259136.833, 62
Trd, 259137.283, 60
Trd, 259137.517, 60
Trd, 259137.633, 60
Trd, 259137.767, 60
Trd, 259137.850, 71
Trd, 259138.133, 127
Trd, 259138.217, 126
Trd, 259138.300, 112
Trd, 259138.867, 117
Trd, 259138.983, 116
Trd, 259139.167, 117
Trd, 259139.250, 116
Trd, 259139.550, 116
Trd, 259139.617, 117
Trd, 259139.783, 115
Trd, 259140.100, 114
Trd, 259140.333, 109
Trd, 259140.633, 114
Trd, 259140.683, 115
Trd, 259140.917, 109
Trd, 259141.267, 108
Trd, 259141.317, 99
Trd, 259141.550, 96
Trd, 259141.917, 115
Trd, 259142.083, 116
Trd, 259142.333, 76
Trd, 259142.433, 75
Trd, 259142.650, 71
Trd, 259142.850, 60
Trd, 259143.083, 73
Trd, 259143.750, 140
Trd, 259143.817, 140
Trd, 259144.067, 140
Trd, 259145.200, 140
Trd, 259145.883, 140
Trd, 259145.967, 140
Trd, 259146.233, 140
Trd, 259146.417, 140
Trd, 259146.633, 140
Trd, 259147.317, 140
Trd, 259147.717, 140
Trd, 259147.967, 140
Trd, 259148.133, 140
Trd, 259148.483, 140
Trd, 259148.850, 140
Trd, 259148.900, 140
Trd, 259148.917, 140
Trd, 259149.200, 140
Trd, 259149.867, 140
Trd, 259149.967, 140
Trd, 259149.983, 140
Trd, 259150.000, 140
Trd, 259150.200, 140
Trd, 259150.217, 140
Trd, 259150.450, 140
Trd, 259150.483, 140
Trd, 259150.717, 138
Trd, 259150.733, 115
Trd, 259150.983, 135
Trd, 259151.000, 139
Trd, 259151.167, 123
Trd, 259151.917, 139
Trd, 259152.317, 140
Trd, 259152.367, 140
Trd, 259152.500, 140
Trd, 259152.533, 140
Trd, 259152.617, 140
Trd, 259152.650, 139
Trd, 259152.850, 139
Trd, 259152.867, 137
Trd, 259153.033, 135
Trd, 259153.450, 131
Trd, 259153.833, 135
Trd, 259153.867, 131
Trd, 259154.067, 130
Trd, 259154.450, 118
Trd, 259154.500, 124
Trd, 259154.683, 110
Trd, 259155.333, 116
Trd, 259155.450, 118
Trd, 259155.483, 119
Trd, 259155.900, 116
Trd, 259156.033, 111
Trd, 259156.133, 110
Trd, 259156.183, 109
Trd, 259156.333, 116
Trd, 259156.483, 118
Trd, 259156.817, 119
Trd, 259156.883, 118
Trd, 259157.317, 95
Trd, 259157.333, 117
Trd, 259157.517, 84
Trd, 259157.550, 105
Trd, 259158.200, 85
Trd, 259158.400, 101
Trd, 259158.900, 97
Trd, 259158.983, 90
Trd, 259159.067, 101
Trd, 259159.383, 100
Trd, 259159.533, 93
Trd, 259159.583, 88
Trd, 259159.817, 97
Trd, 259159.833, 98
Trd, 259159.850, 106
Trd, 259159.883, 78
Trd, 259160.517, 109
Trd, 259160.767, 122
Trd, 259160.933, 69
Trd, 259161.033, 68
Trd, 259161.233, 123
Trd, 259161.300, 131
Trd, 259161.433, 104
Trd, 259161.683, 105
Trd, 259161.717, 129
Trd, 259161.750, 130
Trd, 259161.850, 105
Trd, 259162.333, 124
Trd, 259162.733, 137
Trd, 259163.500, 139
Trd, 259164.033, 140
Trd, 259164.100, 140
Trd, 259164.217, 138
Trd, 259164.450, 140
Trd, 259165.083, 140
Trd, 259165.467, 140
Trd, 259165.950, 140
Trd, 259165.967, 140
Trd, 259166.083, 140
Trd, 259166.250, 140
Trd, 259166.467, 140
Trd, 259166.500, 140
Trd, 259166.583, 140
Trd, 259166.600, 140
Trd, 259166.633, 139
Trd, 259166.667, 138
Trd, 259166.767, 139
Trd, 259166.783, 140
Trd, 259166.933, 140
Trd, 259167.067, 117
Trd, 259167.533, 137
Trd, 259168.050, 112
Trd, 259168.400, 112
Trd, 259168.567, 112
Trd, 259168.683, 111
Trd, 259168.717, 110
Trd, 259169.067, 128
Trd, 259169.550, 113
Trd, 259169.783, 112
Trd, 259169.817, 128
Trd, 259170.250, 131
Trd, 259170.483, 95
Trd, 259170.783, 89
Trd, 259170.800, 88
Trd, 259170.900, 128
Trd, 259170.917, 102
Trd, 259171.133, 122
Trd, 259171.167, 123
Trd, 259171.317, 86
Trd, 259171.367, 125
Trd, 259171.417, 129
Trd, 259172.000, 82
Trd, 259172.900, 117
Trd, 259173.250, 111
Trd, 259173.350, 116
Trd, 259173.683, 114
Trd, 259173.967, 113
Trd, 259174.000, 114
Trd, 259174.067, 113
Trd, 259174.517, 111
Trd, 259174.567, 112
Trd, 259174.633, 95
Trd, 259174.900, 113
Trd, 259174.917, 93
Trd, 259175.133, 119
Trd, 259175.383, 140
Trd, 259175.583, 99
Trd, 259175.667, 99
Trd, 259175.917, 104
Trd, 259175.967, 98
Trd, 259176.533, 140
Trd, 259176.850, 140
Trd, 259176.933, 140
Trd, 259177.367, 140
Trd, 259177.500, 140
Trd, 259177.900, 140
Trd, 259178.133, 140
Trd, 259178.300, 140
Trd, 259178.333, 140
Trd, 259178.367, 140
Trd, 259178.483, 140
Trd, 259178.517, 140
Trd, 259178.683, 139
Trd, 259178.750, 126
Trd, 259179.233, 126
Trd, 259179.317, 117
Trd, 259179.633, 114
Trd, 259179.667, 116
Trd, 259179.833, 131
Trd, 259179.900, 136
Trd, 259180.117, 134
Trd, 259180.150, 131
Trd, 259180.600, 116
Trd, 259180.683, 115
Trd, 259180.750, 88
Trd, 259181.000, 134
Trd, 259181.183, 94
Trd, 259181.383, 95
Trd, 259181.550, 87
Trd, 259181.567, 86
Trd, 259181.650, 91
Trd, 259181.700, 96
Trd, 259181.967, 93
Trd, 259182.000, 92
Trd, 259182.300, 88
Trd, 259182.450, 110
Trd, 259182.550, 87
Trd, 259182.733, 70
Trd, 259183.050, 63
Trd, 259183.200, 86
Trd, 259183.300, 86
Trd, 259183.750, 61
Trd, 259183.967, 62
Trd, 259184.133, 64
Trd, 259184.350, 60
Trd, 259184.417, 65
Trd, 259185.150, 62
Trd, 259185.433, 61
Trd, 259185.583, 61
Trd, 259185.650, 61
Trd, 259185.800, 61
Trd, 259185.883, 64
Trd, 259185.983, 65
Trd, 259186.350, 68
Trd, 259186.450, 64
Trd, 259186.550, 65
Trd, 259187.050, 140
Trd, 259187.450, 140
Trd, 259187.600, 140
Trd, 259187.633, 140
Trd, 259187.667, 140
Trd, 259187.867, 140
Trd, 259188.050, 140
Trd, 259188.267, 140
Trd, 259188.617, 140
Trd, 259188.750, 140
Trd, 259188.983, 140
Trd, 259189.067, 140
Trd, 259189.250, 140
Trd, 259189.817, 140
Trd, 259190.000, 140
Trd, 259190.067, 138
Trd, 259190.550, 129
Trd, 259190.633, 126
Trd, 259190.650, 129
Trd, 259190.933, 125
Trd, 259191.183, 124
Trd, 259191.433, 138
Trd, 259191.800, 125
Trd, 259192.017, 123
Trd, 259192.200, 114
Trd, 259192.633, 125
Trd, 259192.650, 121
Trd, 259193.067, 126
Trd, 259193.083, 122
Trd, 259193.350, 86
Trd, 259193.417, 127
Trd, 259193.467, 85
Trd, 259193.633, 85
Trd, 259193.783, 127
Trd, 259193.817, 128
Trd, 259194.050, 129
Trd, 259194.267, 111
Trd, 259194.683, 112
Trd, 259195.100, 139
Trd, 259195.233, 131
Trd, 259195.517, 131
Trd, 259195.883, 119
Trd, 259195.917, 109
Trd, 259196.367, 131
Trd, 259196.950, 140
Trd, 259197.433, 140
Trd, 259197.883, 140
Trd, 259198.033, 140
Trd, 259198.133, 140
Trd, 259198.250, 140
Trd, 259198.317, 140
Trd, 259198.433, 140
Trd, 259198.617, 139
Trd, 259198.867, 139
Trd, 259199.000, 138
Trd, 259199.267, 124
Trd, 259199.333, 136
Trd, 259199.350, 116
Trd, 259199.683, 122
Trd, 259199.900, 118
Trd, 259199.933, 119
