Trd, 258537.117, 129
Trd, 258537.267, 124
Trd, 258537.567, 134
Trd, 258537.933, 124
Trd, 258538.083, 121
Trd, 258538.150, 113
Trd, 258538.167, 124
Trd, 258538.533, 130
Trd, 258538.617, 113
Trd, 258539.067, 113
Trd, 258539.500, 110
Trd, 258539.833, 106
Trd, 258540.000, 137
Trd, 258540.033, 136
Trd, 258540.300, 134
Trd, 258540.517, 135
Trd, 258540.600, 125
Trd, 258540.967, 124
Trd, 258541.067, 116
Trd, 258541.533, 115
Trd, 258541.667, 133
Trd, 258541.867, 96
Trd, 258543.433, 125
Trd, 258543.683, 120
Trd, 258544.250, 129
Trd, 258545.367, 129
Trd, 258545.667, 138
Trd, 258545.733, 136
Trd, 258545.800, 133
Trd, 258545.917, 128
Trd, 258546.317, 122
Trd, 258547.167, 140
Trd, 258547.400, 130
Trd, 258547.500, 127
Trd, 258548.717, 134
Trd, 258549.150, 123
Trd, 258549.350, 131
Trd, 258549.483, 131
Trd, 258549.600, 129
Trd, 258549.933, 124
Trd, 258549.950, 113
Trd, 258549.983, 105
Trd, 258550.650, 98
Trd, 258550.717, 107
Trd, 258550.767, 108
Trd, 258550.800, 114
Trd, 258550.883, 96
Trd, 258551.100, 107
Trd, 258551.167, 93
Trd, 258551.217, 130
Trd, 258552.200, 138
Trd, 258552.983, 140
Trd, 258553.217, 127
Trd, 258553.817, 118
Trd, 258554.100, 113
Trd, 258554.200, 111
Trd, 258554.467, 105
Trd, 258554.700, 131
Trd, 258554.850, 119
Trd, 258555.700, 128
Trd, 258555.900, 126
Trd, 258556.033, 124
Trd, 258556.433, 122
Trd, 258556.633, 132
Trd, 258556.900, 118
Trd, 258557.167, 117
Trd, 258557.283, 119
Trd, 258558.367, 136
Trd, 258558.400, 125
Trd, 258559.217, 131
Trd, 258559.267, 139
Trd, 258559.317, 126
Trd, 258559.667, 134
Trd, 258559.683, 125
Trd, 258559.833, 120
Trd, 258560.333, 130
Trd, 258560.533, 137
Trd, 258560.733, 119
Trd, 258560.933, 123
Trd, 258561.217, 140
Trd, 258561.583, 129
Trd, 258561.783, 126
Trd, 258561.867, 126
Trd, 258562.267, 132
Trd, 258562.417, 116
Trd, 258563.067, 119
Trd, 258563.783, 139
Trd, 258564.433, 135
Trd, 258564.933, 133
Trd, 258565.167, 129
Trd, 258565.217, 128
Trd, 258565.850, 131
Trd, 258566.000, 135
Trd, 258566.167, 137
Trd, 258566.233, 121
Trd, 258566.767, 137
Trd, 258566.833, 126
Trd, 258567.333, 129
Trd, 258567.767, 126
Trd, 258567.817, 120
Trd, 258567.983, 115
Trd, 258568.217, 124
Trd, 258568.850, 120
Trd, 258569.167, 115
Trd, 258569.350, 136
Trd, 258569.667, 128
Trd, 258570.050, 137
Trd, 258570.317, 130
Trd, 258570.433, 114
Trd, 258570.500, 139
Trd, 258570.917, 116
Trd, 258570.967, 120
Trd, 258571.533, 121
Trd, 258572.117, 120
Trd, 258572.167, 112
Trd, 258572.267, 128
Trd, 258572.317, 111
Trd, 258572.433, 105
Trd, 258572.883, 132
Trd, 258573.333, 117
Trd, 258573.433, 138
Trd, 258573.667, 113
Trd, 258573.867, 120
Trd, 258575.067, 139
Trd, 258575.317, 135
Trd, 258575.400, 134
Trd, 258575.450, 126
Trd, 258576.450, 125
Trd, 258576.483, 124
Trd, 258576.667, 124
Trd, 258576.933, 114
Trd, 258577.033, 112
Trd, 258577.267, 107
Trd, 258577.667, 114
Trd, 258578.250, 120
Trd, 258578.817, 117
Trd, 258578.950, 123
Trd, 258579.017, 106
Trd, 258579.067, 117
Trd, 258579.733, 115
Trd, 258579.817, 132
Trd, 258580.017, 109
Trd, 258580.367, 131
Trd, 258580.467, 125
Trd, 258580.750, 138
Trd, 258581.483, 132
Trd, 258581.517, 127
Trd, 258581.533, 123
Trd, 258581.583, 122
Trd, 258582.150, 121
Trd, 258582.167, 120
Trd, 258582.467, 132
Trd, 258582.583, 118
Trd, 258582.950, 116
Trd, 258583.000, 115
Trd, 258583.217, 114
Trd, 258583.367, 132
Trd, 258583.383, 132
Trd, 258584.233, 132
Trd, 258584.300, 119
Trd, 258584.467, 112
Trd, 258584.967, 138
Trd, 258585.067, 103
Trd, 258585.717, 108
Trd, 258586.150, 126
Trd, 258586.583, 135
Trd, 258586.800, 134
Trd, 258587.200, 116
Trd, 258587.383, 122
Trd, 258588.867, 123
Trd, 258589.100, 138
Trd, 258589.283, 135
Trd, 258589.467, 133
Trd, 258589.483, 123
Trd, 258589.817, 113
Trd, 258590.467, 137
Trd, 258590.700, 131
Trd, 258590.967, 125
Trd, 258591.100, 125
Trd, 258591.500, 135
Trd, 258592.350, 136
Trd, 258592.533, 128
Trd, 258592.600, 126
Trd, 258592.750, 126
Trd, 258592.917, 140
Trd, 258593.267, 125
Trd, 258593.367, 118
Trd, 258593.433, 125
Trd, 258593.767, 116
Trd, 258594.133, 123
Trd, 258594.233, 122
Trd, 258594.733, 123
Trd, 258595.050, 139
Trd, 258595.750, 139
Trd, 258596.133, 129
Trd, 258596.467, 132
Trd, 258597.083, 139
Trd, 258597.900, 137
Trd, 258598.867, 131
Trd, 258599.167, 137
Trd, 258599.267, 134
Trd, 258599.283, 130
Trd, 258599.367, 137
Trd, 258600.000, 127
Trd, 258600.033, 123
Trd, 258600.433, 140
Trd, 258600.467, 139
Trd, 258600.650, 132
Trd, 258601.450, 127
Trd, 258601.567, 129
Trd, 258601.767, 136
Trd, 258602.233, 131
Trd, 258602.400, 125
Trd, 258602.950, 122
Trd, 258603.000, 127
Trd, 258603.333, 135
Trd, 258603.567, 115
Trd, 258603.700, 114
Trd, 258604.083, 134
Trd, 258604.267, 135
Trd, 258604.567, 134
Trd, 258605.083, 140
Trd, 258605.633, 140
Trd, 258605.967, 133
Trd, 258606.417, 128
Trd, 258606.983, 132
Trd, 258607.083, 124
Trd, 258607.417, 126
Trd, 258607.700, 123
Trd, 258608.467, 131
Trd, 258609.133, 137
Trd, 258609.267, 130
Trd, 258609.550, 125
Trd, 258609.850, 132
Trd, 258609.917, 121
Trd, 258610.000, 135
Trd, 258610.233, 121
Trd, 258610.383, 125
Trd, 258610.567, 117
Trd, 258610.617, 138
Trd, 258610.750, 112
Trd, 258610.967, 110
Trd, 258611.083, 110
Trd, 258611.567, 101
Trd, 258611.817, 100
Trd, 258611.967, 97
Trd, 258612.017, 121
Trd, 258612.233, 106
Trd, 258612.400, 131
Trd, 258612.883, 135
Trd, 258614.117, 128
Trd, 258614.183, 119
Trd, 258614.433, 133
Trd, 258615.467, 138
Trd, 258616.150, 140
Trd, 258616.200, 136
Trd, 258616.700, 129
Trd, 258616.717, 124
Trd, 258616.967, 136
Trd, 258617.217, 125
Trd, 258617.400, 116
Trd, 258617.817, 137
Trd, 258617.867, 135
Trd, 258617.917, 134
Trd, 258618.300, 130
Trd, 258618.767, 131
Trd, 258618.850, 126
Trd, 258618.867, 122
Trd, 258619.167, 121
Trd, 258619.300, 117
Trd, 258619.433, 114
Trd, 258619.500, 130
Trd, 258619.800, 119
Trd, 258619.983, 130
Trd, 258620.467, 131
Trd, 258620.600, 114
Trd, 258621.100, 105
Trd, 258621.117, 104
Trd, 258622.317, 132
Trd, 258622.700, 135
Trd, 258623.017, 128
Trd, 258623.367, 126
Trd, 258623.500, 122
Trd, 258623.533, 130
Trd, 258623.900, 138
Trd, 258624.217, 135
Trd, 258624.350, 125
Trd, 258624.983, 131
Trd, 258625.267, 132
Trd, 258625.317, 128
Trd, 258625.517, 124
Trd, 258625.967, 137
Trd, 258626.417, 131
Trd, 258626.933, 134
Trd, 258627.133, 138
Trd, 258627.167, 128
Trd, 258627.200, 125
Trd, 258627.317, 124
Trd, 258627.567, 123
Trd, 258627.750, 122
Trd, 258627.883, 133
Trd, 258629.917, 139
Trd, 258630.350, 138
Trd, 258631.500, 140
Trd, 258631.633, 126
Trd, 258631.650, 120
Trd, 258632.083, 134
Trd, 258632.100, 123
Trd, 258632.900, 132
Trd, 258633.517, 123
Trd, 258634.017, 132
Trd, 258634.467, 114
Trd, 258634.567, 114
Trd, 258634.850, 128
Trd, 258635.300, 127
Trd, 258636.167, 125
Trd, 258636.833, 124
Trd, 258636.967, 128
Trd, 258637.317, 130
Trd, 258637.500, 132
Trd, 258637.583, 112
Trd, 258637.833, 118
Trd, 258638.417, 121
Trd, 258638.833, 125
Trd, 258639.250, 124
Trd, 258639.533, 120
Trd, 258639.617, 136
Trd, 258640.133, 138
Trd, 258640.217, 116
Trd, 258640.567, 127
Trd, 258641.433, 125
Trd, 258641.600, 130
Trd, 258641.733, 129
Trd, 258641.783, 122
Trd, 258642.100, 117
Trd, 258642.233, 126
Trd, 258642.550, 117
Trd, 258642.700, 110
Trd, 258643.067, 117
Trd, 258643.250, 128
Trd, 258643.433, 115
Trd, 258643.583, 110
Trd, 258644.217, 130
Trd, 258644.600, 125
Trd, 258645.483, 117
Trd, 258645.733, 129
Trd, 258645.767, 119
Trd, 258646.350, 118
Trd, 258646.367, 130
Trd, 258647.567, 116
Trd, 258647.983, 138
Trd, 258648.133, 137
Trd, 258648.233, 129
Trd, 258648.700, 128
Trd, 258648.750, 118
Trd, 258648.817, 115
Trd, 258650.750, 138
Trd, 258650.900, 137
Trd, 258650.950, 135
Trd, 258650.983, 135
Trd, 258651.017, 134
Trd, 258652.583, 133
Trd, 258652.933, 139
Trd, 258653.100, 131
Trd, 258653.333, 136
Trd, 258653.417, 128
Trd, 258654.117, 134
Trd, 258654.650, 135
Trd, 258655.433, 116
Trd, 258655.733, 120
Trd, 258655.783, 126
Trd, 258657.050, 136
Trd, 258657.583, 123
Trd, 258657.617, 119
Trd, 258657.717, 135
Trd, 258658.450, 132
Trd, 258658.567, 120
Trd, 258658.617, 115
Trd, 258658.950, 131
Trd, 258659.050, 119
Trd, 258659.250, 130
Trd, 258659.433, 105
Trd, 258659.550, 112
Trd, 258659.700, 107
Trd, 258659.800, 106
Trd, 258659.817, 104
Trd, 258659.900, 97
Trd, 258659.967, 97
Trd, 258660.417, 116
Trd, 258661.233, 128
Trd, 258661.283, 135
Trd, 258661.650, 127
Trd, 258662.083, 125
Trd, 258662.250, 129
Trd, 258662.617, 121
Trd, 258662.633, 115
Trd, 258663.183, 136
Trd, 258663.350, 114
Trd, 258663.650, 122
Trd, 258663.750, 124
Trd, 258664.033, 114
Trd, 258664.117, 113
Trd, 258664.150, 112
Trd, 258664.250, 131
Trd, 258664.800, 125
Trd, 258664.900, 125
Trd, 258665.717, 128
Trd, 258666.267, 112
Trd, 258666.400, 133
Trd, 258666.483, 110
Trd, 258666.817, 132
Trd, 258666.833, 136
Trd, 258667.033, 139
Trd, 258667.100, 131
Trd, 258667.467, 123
Trd, 258667.933, 127
Trd, 258668.600, 138
Trd, 258668.633, 126
Trd, 258669.067, 124
Trd, 258669.383, 120
Trd, 258669.700, 127
Trd, 258669.750, 117
Trd, 258670.183, 135
Trd, 258670.300, 133
Trd, 258670.583, 120
Trd, 258670.733, 115
Trd, 258671.433, 125
Trd, 258671.933, 137
Trd, 258672.083, 125
Trd, 258672.150, 124
Trd, 258672.217, 114
Trd, 258672.717, 122
Trd, 258674.183, 131
Trd, 258674.233, 132
Trd, 258674.250, 133
Trd, 258674.900, 139
Trd, 258675.267, 130
Trd, 258675.567, 122
Trd, 258675.767, 137
Trd, 258675.900, 127
Trd, 258676.600, 138
Trd, 258676.800, 140
Trd, 258676.867, 131
Trd, 258677.117, 129
Trd, 258677.800, 131
Trd, 258677.867, 126
Trd, 258678.683, 126
Trd, 258678.767, 122
Trd, 258679.317, 132
Trd, 258680.000, 139
Trd, 258680.300, 136
Trd, 258680.617, 129
Trd, 258680.633, 127
Trd, 258680.683, 131
Trd, 258680.767, 137
Trd, 258681.617, 127
Trd, 258682.117, 130
Trd, 258682.233, 129
Trd, 258682.650, 126
Trd, 258683.183, 137
Trd, 258683.700, 130
Trd, 258684.067, 131
Trd, 258684.317, 132
Trd, 258684.883, 139
Trd, 258685.150, 124
Trd, 258685.200, 118
Trd, 258685.400, 118
Trd, 258685.767, 117
Trd, 258686.317, 112
Trd, 258686.967, 130
Trd, 258687.000, 129
Trd, 258687.100, 119
Trd, 258688.067, 140
Trd, 258688.283, 140
Trd, 258688.367, 140
Trd, 258688.500, 140
Trd, 258688.700, 127
Trd, 258689.267, 132
Trd, 258689.367, 125
Trd, 258689.833, 139
Trd, 258690.033, 138
Trd, 258690.267, 133
Trd, 258690.517, 134
Trd, 258690.683, 129
Trd, 258691.033, 121
Trd, 258691.317, 136
Trd, 258692.617, 124
Trd, 258693.050, 121
Trd, 258693.300, 119
Trd, 258693.333, 126
Trd, 258693.400, 121
Trd, 258693.700, 123
Trd, 258694.000, 119
Trd, 258694.167, 118
Trd, 258695.100, 139
Trd, 258695.283, 128
Trd, 258695.483, 140
Trd, 258695.867, 140
Trd, 258696.050, 120
Trd, 258696.150, 112
Trd, 258697.100, 137
Trd, 258697.283, 117
Trd, 258697.400, 139
Trd, 258697.433, 114
Trd, 258697.883, 124
Trd, 258699.100, 138
Trd, 258699.567, 139
Trd, 258699.833, 129
Trd, 258700.000, 130
Trd, 258700.033, 125
Trd, 258700.183, 123
Trd, 258700.850, 130
Trd, 258701.133, 135
Trd, 258701.700, 131
Trd, 258701.800, 139
Trd, 258702.000, 138
Trd, 258702.267, 127
Trd, 258702.883, 121
Trd, 258702.933, 116
Trd, 258703.200, 116
Trd, 258703.717, 140
Trd, 258703.933, 129
Trd, 258704.033, 102
Trd, 258704.483, 114
Trd, 258704.583, 120
Trd, 258705.417, 128
Trd, 258705.483, 124
Trd, 258706.100, 127
Trd, 258706.300, 131
Trd, 258707.017, 121
Trd, 258707.833, 128
Trd, 258707.983, 129
Trd, 258708.800, 140
Trd, 258709.450, 137
Trd, 258709.550, 133
Trd, 258709.950, 133
Trd, 258710.150, 137
Trd, 258710.233, 123
Trd, 258710.283, 122
Trd, 258710.333, 121
Trd, 258710.650, 119
Trd, 258711.333, 139
Trd, 258711.550, 137
Trd, 258711.917, 128
Trd, 258712.700, 134
Trd, 258712.917, 125
Trd, 258713.200, 136
Trd, 258713.683, 134
Trd, 258714.100, 123
Trd, 258714.550, 136
Trd, 258714.583, 138
Trd, 258715.583, 135
Trd, 258716.017, 137
Trd, 258716.117, 128
Trd, 258716.267, 125
Trd, 258716.483, 124
Trd, 258716.733, 114
Trd, 258717.233, 122
Trd, 258717.300, 121
Trd, 258717.800, 125
Trd, 258717.883, 110
Trd, 258718.117, 140
Trd, 258718.400, 136
Trd, 258718.600, 130
Trd, 258718.667, 128
Trd, 258719.617, 127
Trd, 258720.733, 138
Trd, 258720.900, 129
Trd, 258721.033, 129
Trd, 258721.483, 124
Trd, 258721.500, 130
Trd, 258721.667, 137
Trd, 258722.250, 137
Trd, 258722.867, 122
Trd, 258723.133, 133
Trd, 258723.333, 125
Trd, 258723.483, 124
Trd, 258723.700, 113
Trd, 258724.900, 115
Trd, 258725.833, 133
Trd, 258726.217, 132
Trd, 258726.500, 131
Trd, 258726.633, 124
Trd, 258726.750, 129
Trd, 258726.817, 121
Trd, 258727.350, 137
Trd, 258727.700, 135
Trd, 258727.733, 139
Trd, 258728.000, 135
Trd, 258728.317, 112
Trd, 258728.333, 109
Trd, 258728.517, 126
Trd, 258728.717, 107
Trd, 258728.850, 109
Trd, 258729.050, 132
Trd, 258729.150, 128
Trd, 258729.433, 102
Trd, 258729.983, 121
Trd, 258730.183, 124
Trd, 258730.417, 134
Trd, 258730.750, 120
Trd, 258731.333, 135
Trd, 258731.367, 123
Trd, 258731.967, 111
Trd, 258732.083, 112
Trd, 258732.883, 140
Trd, 258733.233, 137
Trd, 258733.433, 136
Trd, 258734.200, 133
Trd, 258734.250, 132
Trd, 258734.350, 127
Trd, 258734.483, 133
Trd, 258734.633, 128
Trd, 258734.733, 137
Trd, 258735.150, 130
Trd, 258735.567, 131
Trd, 258735.967, 118
Trd, 258736.517, 125
Trd, 258736.650, 115
Trd, 258737.083, 113
Trd, 258737.817, 138
Trd, 258738.050, 132
Trd, 258738.533, 136
Trd, 258738.567, 139
Trd, 258738.833, 120
Trd, 258739.200, 134
Trd, 258739.300, 122
Trd, 258739.333, 120
Trd, 258739.550, 119
Trd, 258739.850, 115
Trd, 258740.133, 120
Trd, 258740.200, 111
Trd, 258740.500, 140
Trd, 258741.467, 135
Trd, 258741.717, 133
Trd, 258741.750, 128
Trd, 258742.383, 137
Trd, 258742.467, 123
Trd, 258742.950, 138
Trd, 258743.550, 136
Trd, 258743.750, 131
Trd, 258744.167, 140
Trd, 258744.517, 129
Trd, 258745.050, 130
Trd, 258745.083, 120
Trd, 258745.567, 122
Trd, 258746.050, 140
Trd, 258746.850, 140
Trd, 258747.833, 140
Trd, 258749.200, 139
Trd, 258749.367, 140
Trd, 258749.467, 139
Trd, 258749.817, 139
Trd, 258749.883, 138
Trd, 258750.317, 127
Trd, 258750.533, 127
Trd, 258750.817, 126
Trd, 258750.900, 125
Trd, 258750.950, 123
Trd, 258751.033, 136
Trd, 258751.067, 121
Trd, 258751.467, 120
Trd, 258751.867, 132
Trd, 258751.883, 114
Trd, 258752.267, 128
Trd, 258752.883, 120
Trd, 258753.633, 127
Trd, 258753.883, 116
Trd, 258754.000, 114
Trd, 258755.117, 132
Trd, 258755.867, 137
Trd, 258755.967, 136
Trd, 258755.983, 130
Trd, 258756.350, 140
Trd, 258756.467, 126
Trd, 258756.783, 121
Trd, 258757.033, 114
Trd, 258757.350, 127
Trd, 258757.983, 121
Trd, 258758.167, 127
Trd, 258758.250, 136
Trd, 258759.250, 138
Trd, 258759.500, 135
Trd, 258759.850, 138
Trd, 258760.383, 131
Trd, 258760.917, 124
Trd, 258761.033, 134
Trd, 258761.267, 128
Trd, 258761.350, 132
Trd, 258761.567, 123
Trd, 258762.017, 125
Trd, 258762.150, 136
Trd, 258762.350, 127
Trd, 258762.367, 131
Trd, 258762.600, 134
Trd, 258762.833, 126
Trd, 258763.400, 134
Trd, 258763.683, 124
Trd, 258763.717, 118
Trd, 258764.100, 124
Trd, 258764.167, 111
Trd, 258764.633, 126
Trd, 258764.783, 118
Trd, 258765.217, 136
Trd, 258765.600, 126
Trd, 258765.767, 125
Trd, 258766.133, 135
Trd, 258766.283, 127
Trd, 258766.750, 129
Trd, 258766.950, 116
Trd, 258768.533, 133
Trd, 258768.583, 133
Trd, 258768.650, 122
Trd, 258769.100, 117
Trd, 258769.267, 115
Trd, 258769.633, 120
Trd, 258769.733, 115
Trd, 258770.083, 137
Trd, 258770.117, 128
Trd, 258770.933, 132
Trd, 258771.367, 138
Trd, 258772.350, 135
Trd, 258772.617, 135
Trd, 258772.950, 126
Trd, 258773.567, 129
Trd, 258773.633, 124
Trd, 258773.700, 123
Trd, 258773.883, 121
Trd, 258774.067, 123
Trd, 258774.100, 116
Trd, 258774.250, 112
Trd, 258774.500, 113
Trd, 258774.933, 102
Trd, 258775.383, 127
Trd, 258775.567, 103
Trd, 258775.950, 109
Trd, 258776.067, 102
Trd, 258776.800, 129
Trd, 258777.150, 97
Trd, 258777.183, 127
Trd, 258777.200, 94
Trd, 258777.483, 140
Trd, 258777.500, 131
Trd, 258777.917, 114
Trd, 258778.550, 113
Trd, 258778.650, 126
Trd, 258778.850, 128
Trd, 258779.000, 137
Trd, 258779.050, 117
Trd, 258779.333, 104
Trd, 258779.350, 107
Trd, 258780.033, 113
Trd, 258780.167, 101
Trd, 258780.783, 122
Trd, 258781.200, 115
Trd, 258781.583, 113
Trd, 258781.683, 109
Trd, 258781.850, 117
Trd, 258782.000, 107
Trd, 258782.400, 125
Trd, 258782.733, 128
Trd, 258783.150, 120
Trd, 258783.300, 114
Trd, 258783.633, 110
Trd, 258783.700, 127
Trd, 258783.833, 127
Trd, 258783.867, 133
Trd, 258784.017, 136
Trd, 258784.317, 116
Trd, 258784.750, 108
Trd, 258785.133, 129
Trd, 258785.550, 133
Trd, 258786.417, 136
Trd, 258786.917, 139
Trd, 258787.300, 137
Trd, 258787.617, 133
Trd, 258787.650, 130
Trd, 258788.133, 129
Trd, 258788.233, 126
Trd, 258788.567, 126
Trd, 258789.350, 129
Trd, 258789.417, 121
Trd, 258789.733, 129
Trd, 258789.783, 120
Trd, 258790.200, 119
Trd, 258790.267, 117
Trd, 258790.283, 124
Trd, 258790.350, 130
Trd, 258790.667, 119
Trd, 258790.750, 111
Trd, 258790.833, 119
Trd, 258790.883, 111
Trd, 258791.200, 130
Trd, 258791.317, 111
Trd, 258791.417, 132
Trd, 258791.600, 130
Trd, 258792.117, 117
Trd, 258792.367, 110
Trd, 258792.650, 99
Trd, 258792.800, 135
Trd, 258793.483, 139
Trd, 258793.717, 132
Trd, 258793.783, 119
Trd, 258794.333, 132
Trd, 258794.917, 138
Trd, 258795.267, 139
Trd, 258795.300, 135
Trd, 258795.400, 134
Trd, 258796.633, 134
Trd, 258796.900, 133
Trd, 258796.933, 134
Trd, 258797.567, 127
Trd, 258797.767, 125
Trd, 258798.067, 124
Trd, 258798.200, 121
Trd, 258798.767, 134
Trd, 258799.133, 138
Trd, 258799.350, 138
Trd, 258799.700, 138
Trd, 258799.933, 130
Trd, 258800.133, 139
Trd, 258800.517, 125
Trd, 258800.583, 129
Trd, 258801.067, 136
Trd, 258801.250, 131
Trd, 258801.700, 131
Trd, 258802.517, 129
Trd, 258802.800, 136
Trd, 258803.250, 126
Trd, 258803.383, 120
Trd, 258803.433, 116
Trd, 258804.017, 134
Trd, 258804.133, 126
Trd, 258804.150, 119
Trd, 258804.467, 129
Trd, 258804.483, 114
Trd, 258804.717, 121
Trd, 258805.333, 128
Trd, 258805.800, 113
Trd, 258806.017, 137
Trd, 258806.583, 131
Trd, 258806.917, 117
Trd, 258807.050, 132
Trd, 258807.100, 111
Trd, 258807.667, 132
Trd, 258807.833, 122
Trd, 258808.367, 130
Trd, 258808.550, 130
Trd, 258808.667, 121
Trd, 258808.750, 131
Trd, 258809.017, 129
Trd, 258809.667, 134
Trd, 258809.733, 120
Trd, 258809.750, 119
Trd, 258810.000, 135
Trd, 258810.250, 133
Trd, 258810.867, 122
Trd, 258811.067, 118
Trd, 258811.633, 129
Trd, 258811.650, 132
Trd, 258812.150, 132
Trd, 258813.167, 124
Trd, 258813.200, 124
Trd, 258813.800, 132
Trd, 258813.850, 123
Trd, 258814.033, 113
Trd, 258814.600, 135
Trd, 258814.783, 122
Trd, 258814.850, 116
Trd, 258815.083, 115
Trd, 258815.117, 113
Trd, 258815.267, 117
Trd, 258815.333, 123
Trd, 258815.350, 129
Trd, 258815.417, 109
Trd, 258815.783, 106
Trd, 258816.400, 103
Trd, 258816.550, 100
Trd, 258817.000, 104
Trd, 258817.067, 97
Trd, 258817.200, 135
Trd, 258817.333, 95
Trd, 258817.667, 124
Trd, 258817.767, 126
Trd, 258818.967, 132
Trd, 258819.083, 130
Trd, 258819.617, 123
Trd, 258819.983, 126
Trd, 258820.183, 135
Trd, 258820.367, 126
Trd, 258820.650, 120
Trd, 258820.833, 133
Trd, 258821.133, 115
Trd, 258821.217, 113
Trd, 258821.333, 121
Trd, 258821.350, 106
Trd, 258821.400, 127
Trd, 258822.117, 138
Trd, 258822.533, 138
Trd, 258822.733, 137
Trd, 258823.050, 126
Trd, 258823.267, 119
Trd, 258823.583, 119
Trd, 258825.000, 126
Trd, 258825.033, 117
Trd, 258825.733, 134
Trd, 258826.117, 136
Trd, 258826.317, 132
Trd, 258826.933, 127
Trd, 258826.983, 124
Trd, 258827.083, 129
Trd, 258827.133, 121
Trd, 258827.217, 130
Trd, 258827.250, 116
Trd, 258827.383, 117
Trd, 258827.650, 125
Trd, 258827.850, 131
Trd, 258828.233, 135
Trd, 258828.517, 124
Trd, 258828.617, 122
Trd, 258829.467, 135
Trd, 258829.983, 119
Trd, 258830.550, 137
Trd, 258831.533, 135
Trd, 258831.583, 134
Trd, 258831.850, 140
Trd, 258832.017, 135
Trd, 258832.050, 132
Trd, 258832.100, 127
Trd, 258833.183, 135
Trd, 258833.833, 134
Trd, 258834.700, 125
Trd, 258834.800, 120
Trd, 258834.933, 119
Trd, 258835.367, 138
Trd, 258835.917, 137
Trd, 258835.950, 121
Trd, 258836.217, 122
Trd, 258837.200, 134
Trd, 258837.333, 125
Trd, 258837.533, 123
Trd, 258837.583, 131
Trd, 258837.850, 126
Trd, 258837.867, 122
Trd, 258838.150, 137
Trd, 258838.567, 127
Trd, 258838.583, 124
Trd, 258839.417, 138
Trd, 258839.450, 136
Trd, 258840.417, 122
Trd, 258840.533, 140
Trd, 258840.667, 137
Trd, 258841.383, 127
Trd, 258841.500, 122
Trd, 258841.583, 121
Trd, 258841.717, 118
Trd, 258842.317, 122
Trd, 258842.650, 125
Trd, 258842.867, 128
Trd, 258843.450, 130
Trd, 258843.583, 115
Trd, 258843.800, 132
Trd, 258844.000, 118
Trd, 258844.200, 124
Trd, 258844.367, 118
Trd, 258844.433, 129
Trd, 258844.567, 130
Trd, 258844.783, 135
Trd, 258844.933, 128
Trd, 258845.067, 129
Trd, 258845.850, 124
Trd, 258846.383, 126
Trd, 258846.817, 138
Trd, 258846.867, 127
Trd, 258847.567, 125
Trd, 258847.817, 124
Trd, 258847.867, 117
Trd, 258848.250, 126
Trd, 258848.783, 137
Trd, 258849.300, 135
Trd, 258849.500, 140
Trd, 258849.667, 139
Trd, 258850.283, 130
Trd, 258850.800, 129
Trd, 258850.983, 125
Trd, 258851.267, 136
Trd, 258851.417, 128
Trd, 258851.767, 116
Trd, 258852.100, 126
Trd, 258852.633, 128
Trd, 258853.233, 113
Trd, 258853.933, 129
Trd, 258853.950, 118
Trd, 258854.017, 112
Trd, 258854.167, 134
Trd, 258854.600, 122
Trd, 258854.700, 134
Trd, 258855.050, 120
Trd, 258855.167, 113
Trd, 258856.033, 126
Trd, 258856.750, 137
Trd, 258856.817, 119
Trd, 258857.583, 133
Trd, 258857.933, 131
Trd, 258858.450, 128
Trd, 258858.683, 127
Trd, 258859.000, 129
Trd, 258859.083, 125
Trd, 258859.167, 123
Trd, 258859.467, 138
Trd, 258859.583, 119
Trd, 258860.267, 140
Trd, 258860.617, 138
Trd, 258860.783, 129
Trd, 258861.033, 128
Trd, 258861.433, 125
Trd, 258861.450, 121
Trd, 258861.533, 124
Trd, 258861.617, 116
Trd, 258861.667, 112
Trd, 258861.700, 105
Trd, 258862.500, 130
Trd, 258863.317, 130
Trd, 258864.250, 137
Trd, 258864.283, 128
Trd, 258864.567, 121
Trd, 258864.900, 121
Trd, 258865.250, 118
Trd, 258865.350, 122
Trd, 258865.450, 123
Trd, 258866.367, 140
Trd, 258866.683, 137
Trd, 258867.817, 125
Trd, 258867.833, 123
Trd, 258868.450, 132
Trd, 258869.317, 140
Trd, 258869.367, 129
Trd, 258869.483, 129
Trd, 258869.983, 129
Trd, 258870.083, 125
Trd, 258870.417, 118
Trd, 258870.567, 139
Trd, 258870.733, 108
Trd, 258871.583, 131
Trd, 258871.600, 133
Trd, 258872.033, 134
Trd, 258872.267, 133
Trd, 258872.967, 138
Trd, 258873.133, 134
Trd, 258873.583, 131
Trd, 258873.700, 127
Trd, 258873.867, 132
Trd, 258873.950, 124
Trd, 258874.067, 136
Trd, 258874.217, 134
Trd, 258874.367, 127
Trd, 258874.650, 131
Trd, 258874.667, 125
Trd, 258875.133, 124
Trd, 258875.417, 124
Trd, 258875.600, 118
Trd, 258875.633, 118
Trd, 258875.667, 120
Trd, 258876.517, 126
Trd, 258876.633, 123
Trd, 258877.067, 128
Trd, 258877.217, 126
Trd, 258877.767, 125
Trd, 258878.083, 121
Trd, 258878.183, 114
Trd, 258878.333, 112
Trd, 258878.733, 130
Trd, 258879.217, 140
Trd, 258879.400, 138
Trd, 258879.517, 124
Trd, 258879.533, 121
Trd, 258879.717, 123
Trd, 258880.417, 135
Trd, 258880.733, 130
Trd, 258882.017, 111
Trd, 258882.350, 104
Trd, 258882.467, 102
Trd, 258882.783, 101
Trd, 258883.333, 135
Trd, 258883.383, 125
Trd, 258883.567, 125
Trd, 258883.883, 131
Trd, 258884.083, 128
Trd, 258884.183, 134
Trd, 258884.217, 123
Trd, 258884.350, 119
Trd, 258884.600, 127
Trd, 258884.950, 129
Trd, 258885.600, 110
Trd, 258886.317, 139
Trd, 258886.900, 133
Trd, 258886.917, 131
Trd, 258887.333, 129
Trd, 258887.633, 138
Trd, 258887.800, 136
Trd, 258888.800, 127
Trd, 258888.983, 139
Trd, 258889.083, 118
Trd, 258889.300, 124
Trd, 258889.600, 140
Trd, 258890.050, 133
Trd, 258890.283, 128
Trd, 258890.700, 134
Trd, 258890.800, 127
Trd, 258890.900, 124
Trd, 258891.383, 132
Trd, 258891.550, 121
Trd, 258891.717, 118
Trd, 258891.850, 113
Trd, 258892.450, 111
Trd, 258892.583, 122
Trd, 258892.783, 133
Trd, 258892.900, 132
Trd, 258892.933, 103
Trd, 258893.533, 133
Trd, 258893.583, 125
Trd, 258894.067, 120
Trd, 258894.200, 110
Trd, 258894.633, 140
Trd, 258894.867, 131
Trd, 258895.417, 119
Trd, 258895.583, 131
Trd, 258896.100, 134
Trd, 258896.267, 128
Trd, 258896.383, 120
Trd, 258896.950, 113
Trd, 258897.033, 122
Trd, 258897.200, 123
Trd, 258897.950, 126
Trd, 258897.983, 128
Trd, 258898.017, 134
Trd, 258898.367, 139
Trd, 258898.533, 137
Trd, 258898.650, 127
Trd, 258898.783, 127
Trd, 258898.917, 124
Trd, 258900.317, 136
Trd, 258900.417, 135
Trd, 258900.733, 128
Trd, 258900.800, 128
Trd, 258901.183, 126
Trd, 258901.833, 116
Trd, 258902.050, 114
Trd, 258902.233, 140
Trd, 258902.350, 119
Trd, 258902.500, 110
Trd, 258903.233, 136
Trd, 258903.817, 125
Trd, 258903.900, 120
Trd, 258904.017, 135
Trd, 258904.217, 132
Trd, 258904.383, 138
Trd, 258904.583, 132
Trd, 258904.733, 134
Trd, 258904.950, 140
Trd, 258905.150, 124
Trd, 258905.167, 119
Trd, 258905.283, 131
Trd, 258906.283, 133
Trd, 258906.917, 136
Trd, 258907.233, 133
Trd, 258907.567, 128
Trd, 258907.800, 134
Trd, 258907.933, 127
Trd, 258908.400, 126
Trd, 258908.750, 134
Trd, 258908.833, 132
Trd, 258909.700, 123
Trd, 258909.717, 128
Trd, 258909.967, 123
Trd, 258910.067, 122
Trd, 258910.250, 118
Trd, 258910.750, 140
Trd, 258911.683, 124
Trd, 258911.967, 121
Trd, 258912.433, 126
Trd, 258912.600, 112
Trd, 258912.800, 125
Trd, 258913.883, 139
Trd, 258914.033, 132
Trd, 258914.267, 128
Trd, 258914.700, 128
Trd, 258914.733, 122
Trd, 258914.883, 136
Trd, 258915.433, 134
Trd, 258915.783, 139
Trd, 258916.867, 131
Trd, 258916.933, 126
Trd, 258917.017, 128
Trd, 258917.167, 122
Trd, 258918.417, 140
Trd, 258918.700, 132
Trd, 258919.250, 137
Trd, 258919.417, 137
Trd, 258919.617, 136
Trd, 258919.717, 136
Trd, 258919.933, 138
Trd, 258920.017, 135
Trd, 258920.233, 133
Trd, 258920.517, 126
Trd, 258920.600, 126
Trd, 258920.633, 128
Trd, 258922.600, 132
Trd, 258922.833, 128
Trd, 258923.000, 125
Trd, 258923.267, 124
Trd, 258923.317, 122
Trd, 258923.517, 114
Trd, 258924.033, 138
Trd, 258924.233, 133
Trd, 258924.567, 126
Trd, 258925.083, 136
Trd, 258925.600, 128
Trd, 258925.683, 126
Trd, 258926.250, 123
Trd, 258926.717, 118
Trd, 258927.167, 118
Trd, 258927.317, 119
Trd, 258927.600, 130
Trd, 258927.617, 118
Trd, 258927.667, 117
Trd, 258928.283, 125
Trd, 258928.567, 119
Trd, 258929.417, 127
Trd, 258929.667, 126
Trd, 258929.717, 139
Trd, 258929.967, 133
Trd, 258930.000, 127
Trd, 258930.050, 123
Trd, 258930.167, 125
Trd, 258930.517, 125
Trd, 258931.067, 115
Trd, 258931.717, 130
Trd, 258932.000, 123
Trd, 258932.200, 137
Trd, 258932.600, 133
Trd, 258932.933, 129
Trd, 258933.917, 134
Trd, 258934.583, 135
Trd, 258934.650, 128
Trd, 258934.983, 134
Trd, 258935.417, 127
Trd, 258935.467, 121
Trd, 258935.567, 120
Trd, 258936.250, 119
Trd, 258936.550, 117
Trd, 258936.617, 114
Trd, 258936.667, 122
Trd, 258937.100, 135
Trd, 258937.700, 139
Trd, 258937.800, 134
Trd, 258938.533, 131
Trd, 258939.083, 136
Trd, 258939.200, 121
Trd, 258939.217, 120
Trd, 258939.850, 139
Trd, 258940.317, 138
Trd, 258940.367, 133
Trd, 258940.750, 123
Trd, 258941.017, 138
Trd, 258941.417, 140
Trd, 258941.467, 134
Trd, 258941.917, 133
Trd, 258942.017, 132
Trd, 258942.633, 137
Trd, 258943.083, 132
Trd, 258943.783, 138
Trd, 258944.067, 134
Trd, 258944.217, 130
Trd, 258944.383, 137
Trd, 258946.017, 138
Trd, 258946.067, 136
Trd, 258946.283, 135
Trd, 258946.650, 136
Trd, 258946.783, 137
Trd, 258946.917, 126
Trd, 258946.983, 126
Trd, 258947.233, 128
Trd, 258947.800, 127
Trd, 258947.983, 122
Trd, 258948.667, 133
Trd, 258948.933, 120
Trd, 258948.967, 120
Trd, 258949.200, 136
Trd, 258949.550, 133
Trd, 258949.583, 114
Trd, 258949.700, 128
Trd, 258950.133, 139
Trd, 258950.867, 138
Trd, 258951.867, 139
Trd, 258952.367, 125
Trd, 258952.500, 135
Trd, 258952.683, 122
Trd, 258952.967, 120
Trd, 258953.033, 117
Trd, 258954.233, 136
Trd, 258954.617, 135
Trd, 258954.717, 131
Trd, 258955.667, 138
Trd, 258956.367, 131
Trd, 258956.767, 135
Trd, 258956.817, 130
Trd, 258958.100, 135
Trd, 258958.150, 134
Trd, 258958.400, 133
Trd, 258958.500, 131
Trd, 258958.550, 130
Trd, 258958.667, 124
Trd, 258958.767, 123
Trd, 258959.117, 127
Trd, 258959.350, 121
Trd, 258959.400, 116
Trd, 258959.450, 111
Trd, 258959.850, 129
Trd, 258960.417, 138
Trd, 258960.483, 136
Trd, 258960.600, 129
Trd, 258960.767, 135
Trd, 258961.217, 126
Trd, 258961.233, 126
Trd, 258962.083, 130
Trd, 258962.217, 128
Trd, 258962.650, 124
Trd, 258962.967, 140
Trd, 258963.033, 120
Trd, 258963.867, 111
Trd, 258964.367, 128
Trd, 258964.983, 125
Trd, 258965.317, 123
Trd, 258965.383, 116
Trd, 258965.500, 119
Trd, 258965.517, 126
Trd, 258966.117, 118
Trd, 258966.383, 113
Trd, 258967.000, 131
Trd, 258967.300, 134
Trd, 258967.783, 126
Trd, 258968.417, 128
Trd, 258968.567, 137
Trd, 258969.100, 125
Trd, 258969.283, 126
Trd, 258969.633, 125
Trd, 258969.733, 129
Trd, 258970.333, 121
Trd, 258970.633, 134
Trd, 258970.867, 118
Trd, 258970.933, 117
Trd, 258971.117, 122
Trd, 258971.650, 134
Trd, 258971.967, 133
Trd, 258972.250, 137
Trd, 258972.500, 113
Trd, 258973.117, 128
Trd, 258973.450, 139
Trd, 258973.717, 137
Trd, 258973.900, 126
Trd, 258974.383, 114
Trd, 258974.483, 111
Trd, 258974.783, 132
Trd, 258975.267, 124
Trd, 258975.600, 124
Trd, 258975.617, 114
Trd, 258976.750, 138
Trd, 258977.617, 133
Trd, 258977.700, 135
Trd, 258977.733, 136
Trd, 258978.117, 135
Trd, 258978.433, 131
Trd, 258978.583, 127
Trd, 258978.617, 122
Trd, 258978.817, 121
Trd, 258978.917, 116
Trd, 258979.350, 123
Trd, 258979.450, 121
Trd, 258979.683, 116
Trd, 258979.750, 115
Trd, 258980.200, 126
Trd, 258980.933, 133
Trd, 258981.000, 134
Trd, 258981.533, 135
Trd, 258982.550, 138
Trd, 258982.917, 137
Trd, 258983.567, 131
Trd, 258983.583, 126
Trd, 258983.917, 117
Trd, 258984.167, 126
Trd, 258984.467, 116
Trd, 258984.550, 115
Trd, 258985.050, 136
Trd, 258985.133, 132
Trd, 258985.167, 130
Trd, 258985.483, 129
Trd, 258985.800, 136
Trd, 258985.833, 128
Trd, 258986.100, 137
Trd, 258986.117, 114
Trd, 258986.550, 110
Trd, 258986.567, 109
Trd, 258986.683, 114
Trd, 258987.300, 117
Trd, 258987.317, 137
Trd, 258987.600, 137
Trd, 258988.117, 138
Trd, 258988.200, 135
Trd, 258988.233, 126
Trd, 258988.333, 125
Trd, 258988.617, 121
Trd, 258988.650, 118
Trd, 258988.800, 116
Trd, 258989.033, 134
Trd, 258989.117, 134
Trd, 258989.783, 126
Trd, 258989.817, 131
Trd, 258989.883, 125
Trd, 258990.333, 119
Trd, 258990.583, 119
Trd, 258990.933, 127
Trd, 258991.133, 132
Trd, 258991.450, 140
Trd, 258991.783, 138
Trd, 258991.883, 134
Trd, 258992.133, 129
Trd, 258992.783, 129
Trd, 258993.167, 127
Trd, 258993.317, 121
Trd, 258993.500, 117
Trd, 258993.833, 138
Trd, 258994.117, 125
Trd, 258994.667, 122
Trd, 258994.767, 127
Trd, 258994.917, 109
Trd, 258995.117, 115
Trd, 258995.300, 122
Trd, 258995.317, 131
Trd, 258995.533, 136
Trd, 258995.750, 113
Trd, 258995.983, 137
Trd, 258996.533, 137
Trd, 258996.733, 124
Trd, 258996.750, 116
Trd, 258997.017, 111
Trd, 258997.683, 133
Trd, 258998.150, 136
Trd, 258998.717, 132
Trd, 258998.983, 130
Trd, 258999.233, 127
Trd, 258999.333, 132
Trd, 258999.350, 119
Trd, 258999.483, 118
Trd, 258999.567, 125
Trd, 258999.667, 123
Trd, 258999.683, 126
Trd, 258999.750, 112
Trd, 259000.417, 100
Trd, 259000.533, 124
Trd, 259000.683, 132
Trd, 259001.317, 127
Trd, 259001.433, 119
Trd, 259001.483, 107
Trd, 259002.033, 135
Trd, 259002.100, 128
Trd, 259002.683, 120
Trd, 259003.317, 127
Trd, 259003.350, 107
Trd, 259003.683, 101
Trd, 259004.317, 127
Trd, 259004.333, 125
Trd, 259004.550, 130
Trd, 259004.767, 117
Trd, 259005.050, 107
Trd, 259005.167, 128
Trd, 259005.367, 128
Trd, 259005.433, 98
Trd, 259005.550, 97
Trd, 259005.800, 123
Trd, 259006.367, 105
Trd, 259006.833, 125
Trd, 259006.983, 123
Trd, 259007.300, 130
Trd, 259008.183, 123
Trd, 259008.250, 122
Trd, 259008.683, 118
Trd, 259008.833, 116
Trd, 259008.850, 122
Trd, 259008.900, 115
Trd, 259009.117, 131
Trd, 259009.583, 113
Trd, 259009.900, 124
Trd, 259010.083, 123
Trd, 259011.133, 140
Trd, 259011.350, 129
Trd, 259011.867, 128
Trd, 259012.017, 125
Trd, 259012.083, 126
Trd, 259012.117, 121
Trd, 259012.467, 129
Trd, 259012.983, 114
Trd, 259013.300, 112
Trd, 259013.717, 106
Trd, 259014.167, 123
Trd, 259015.033, 137
Trd, 259015.133, 136
Trd, 259015.250, 128
Trd, 259016.517, 128
Trd, 259016.733, 122
Trd, 259017.233, 120
Trd, 259017.850, 128
Trd, 259017.867, 124
Trd, 259017.900, 114
Trd, 259017.967, 111
Trd, 259018.667, 133
Trd, 259019.217, 133
Trd, 259019.533, 126
Trd, 259019.567, 121
Trd, 259019.817, 119
Trd, 259019.917, 123
Trd, 259019.967, 113
Trd, 259020.000, 111
Trd, 259020.817, 130
Trd, 259022.233, 136
Trd, 259022.300, 137
Trd, 259022.667, 133
Trd, 259022.783, 127
Trd, 259023.350, 132
Trd, 259023.667, 121
Trd, 259023.683, 117
Trd, 259024.033, 119
Trd, 259024.350, 131
Trd, 259024.400, 134
Trd, 259025.517, 122
Trd, 259025.900, 129
Trd, 259026.000, 138
Trd, 259026.367, 136
Trd, 259026.517, 130
Trd, 259027.433, 132
Trd, 259027.900, 138
Trd, 259027.917, 139
Trd, 259028.033, 128
Trd, 259028.100, 123
Trd, 259029.400, 138
Trd, 259029.467, 138
Trd, 259029.983, 135
Trd, 259030.267, 134
Trd, 259030.867, 131
Trd, 259030.950, 124
Trd, 259030.967, 123
Trd, 259031.117, 122
Trd, 259031.133, 117
Trd, 259031.283, 111
Trd, 259031.300, 109
Trd, 259031.433, 108
Trd, 259031.483, 103
Trd, 259031.800, 133
Trd, 259032.117, 122
Trd, 259032.333, 102
Trd, 259032.600, 102
Trd, 259033.217, 133
Trd, 259033.250, 134
Trd, 259033.400, 131
Trd, 259033.617, 111
Trd, 259033.667, 133
Trd, 259034.600, 139
Trd, 259034.933, 139
Trd, 259035.033, 124
Trd, 259035.167, 123
Trd, 259035.217, 122
Trd, 259035.617, 129
Trd, 259035.683, 119
Trd, 259036.083, 125
Trd, 259036.350, 129
Trd, 259036.833, 129
Trd, 259037.033, 124
Trd, 259037.450, 127
Trd, 259037.650, 130
Trd, 259037.767, 140
Trd, 259037.900, 137
Trd, 259038.250, 139
Trd, 259038.567, 138
Trd, 259038.750, 132
Trd, 259039.500, 124
Trd, 259039.717, 123
Trd, 259039.933, 118
Trd, 259040.067, 115
Trd, 259040.233, 114
Trd, 259040.567, 120
Trd, 259040.583, 122
Trd, 259040.833, 115
Trd, 259040.933, 125
Trd, 259041.633, 110
Trd, 259041.917, 128
Trd, 259042.783, 116
Trd, 259043.183, 138
Trd, 259043.433, 120
Trd, 259043.883, 114
Trd, 259044.617, 115
Trd, 259044.800, 134
Trd, 259044.933, 125
Trd, 259045.667, 124
Trd, 259045.917, 130
Trd, 259046.450, 123
Trd, 259046.783, 124
Trd, 259046.850, 125
Trd, 259046.950, 123
Trd, 259047.467, 130
Trd, 259047.717, 124
Trd, 259047.867, 132
Trd, 259048.117, 123
Trd, 259048.400, 137
Trd, 259048.633, 118
Trd, 259048.667, 118
Trd, 259048.700, 117
Trd, 259048.967, 126
Trd, 259050.183, 132
Trd, 259050.217, 128
Trd, 259050.367, 126
Trd, 259050.450, 129
Trd, 259051.500, 132
Trd, 259051.633, 128
Trd, 259052.183, 133
Trd, 259052.517, 123
Trd, 259052.650, 122
Trd, 259053.250, 125
Trd, 259053.533, 118
Trd, 259053.733, 113
Trd, 259055.017, 136
Trd, 259055.033, 135
Trd, 259055.083, 139
Trd, 259055.483, 118
Trd, 259055.800, 119
Trd, 259055.933, 119
Trd, 259055.950, 112
Trd, 259056.183, 124
Trd, 259056.450, 125
Trd, 259056.717, 136
Trd, 259056.750, 132
Trd, 259056.833, 119
Trd, 259057.083, 111
Trd, 259057.233, 106
Trd, 259057.417, 86
Trd, 259058.750, 135
Trd, 259059.250, 132
Trd, 259059.300, 126
Trd, 259059.533, 125
Trd, 259059.767, 121
Trd, 259059.867, 134
Trd, 259060.100, 125
Trd, 259060.350, 115
Trd, 259060.450, 110
Trd, 259060.467, 108
Trd, 259060.533, 104
Trd, 259060.750, 112
Trd, 259061.050, 119
Trd, 259061.200, 95
Trd, 259061.500, 130
Trd, 259061.817, 138
Trd, 259062.067, 140
Trd, 259062.667, 129
Trd, 259062.750, 120
Trd, 259062.967, 119
Trd, 259063.917, 136
Trd, 259064.150, 135
Trd, 259064.217, 127
Trd, 259065.100, 132
Trd, 259065.267, 134
Trd, 259065.383, 123
Trd, 259065.533, 126
Trd, 259065.650, 123
Trd, 259065.700, 121
Trd, 259066.117, 134
Trd, 259066.483, 135
Trd, 259066.517, 140
Trd, 259066.667, 132
Trd, 259066.917, 126
Trd, 259066.967, 125
Trd, 259067.917, 130
Trd, 259068.117, 122
Trd, 259069.017, 125
Trd, 259069.050, 121
Trd, 259069.100, 125
Trd, 259069.433, 128
Trd, 259069.617, 127
Trd, 259069.817, 124
Trd, 259069.933, 115
Trd, 259069.983, 112
Trd, 259070.400, 126
Trd, 259070.700, 138
Trd, 259071.267, 139
Trd, 259071.567, 133
Trd, 259071.800, 133
Trd, 259071.833, 138
Trd, 259072.417, 137
Trd, 259072.567, 128
Trd, 259072.850, 126
Trd, 259073.167, 126
Trd, 259073.917, 138
Trd, 259074.317, 126
Trd, 259074.817, 134
Trd, 259075.183, 126
Trd, 259075.450, 139
Trd, 259075.683, 135
Trd, 259075.983, 140
Trd, 259076.000, 124
Trd, 259076.167, 123
Trd, 259076.283, 125
Trd, 259076.400, 114
Trd, 259076.533, 114
Trd, 259077.217, 116
Trd, 259077.533, 115
Trd, 259077.767, 133
Trd, 259078.467, 124
Trd, 259078.933, 135
Trd, 259079.083, 134
Trd, 259079.283, 130
Trd, 259079.367, 130
Trd, 259079.633, 123
Trd, 259079.900, 137
Trd, 259080.250, 134
Trd, 259080.500, 121
Trd, 259080.517, 117
Trd, 259080.667, 116
Trd, 259081.750, 124
Trd, 259082.083, 134
Trd, 259082.167, 118
Trd, 259082.967, 137
Trd, 259083.217, 135
Trd, 259083.250, 128
Trd, 259083.300, 124
Trd, 259084.033, 117
Trd, 259084.183, 122
Trd, 259084.433, 119
Trd, 259084.467, 114
Trd, 259084.767, 130
Trd, 259084.867, 111
Trd, 259085.217, 103
Trd, 259085.417, 127
Trd, 259085.433, 115
Trd, 259085.617, 96
Trd, 259085.650, 110
Trd, 259085.800, 107
Trd, 259087.033, 128
Trd, 259087.167, 128
Trd, 259087.467, 123
Trd, 259088.450, 123
Trd, 259088.583, 113
Trd, 259088.950, 126
Trd, 259089.067, 131
Trd, 259089.650, 127
Trd, 259089.717, 135
Trd, 259089.817, 136
Trd, 259090.117, 127
Trd, 259090.233, 123
Trd, 259090.550, 135
Trd, 259090.600, 120
Trd, 259090.817, 120
Trd, 259091.017, 126
Trd, 259091.450, 123
Trd, 259091.517, 136
Trd, 259092.033, 137
Trd, 259092.183, 119
Trd, 259092.933, 115
Trd, 259093.167, 113
Trd, 259093.433, 113
Trd, 259093.517, 112
Trd, 259093.667, 119
Trd, 259093.867, 136
Trd, 259094.517, 114
Trd, 259094.650, 119
Trd, 259094.833, 122
Trd, 259095.317, 109
Trd, 259095.350, 105
Trd, 259095.733, 118
Trd, 259096.500, 128
Trd, 259096.817, 135
Trd, 259097.183, 129
Trd, 259097.250, 128
Trd, 259097.267, 114
Trd, 259097.567, 108
Trd, 259098.183, 128
Trd, 259098.283, 116
Trd, 259098.500, 109
Trd, 259098.717, 137
Trd, 259099.200, 138
Trd, 259099.583, 129
Trd, 259099.983, 139
Trd, 259100.600, 139
Trd, 259100.783, 139
Trd, 259100.917, 129
Trd, 259101.200, 125
Trd, 259101.400, 115
Trd, 259101.767, 113
Trd, 259101.883, 122
Trd, 259102.350, 121
Trd, 259102.667, 136
Trd, 259102.750, 121
Trd, 259103.150, 130
Trd, 259103.533, 138
Trd, 259104.083, 134
Trd, 259104.917, 127
Trd, 259104.983, 133
Trd, 259105.083, 134
Trd, 259105.117, 126
Trd, 259105.167, 125
Trd, 259105.683, 137
Trd, 259105.733, 133
Trd, 259106.233, 129
Trd, 259106.417, 127
Trd, 259106.517, 122
Trd, 259107.400, 139
Trd, 259107.600, 137
Trd, 259108.317, 126
Trd, 259108.350, 132
Trd, 259108.567, 124
Trd, 259108.700, 123
Trd, 259108.717, 123
Trd, 259109.250, 129
Trd, 259109.333, 121
Trd, 259109.567, 129
Trd, 259110.117, 135
Trd, 259110.500, 119
Trd, 259111.150, 118
Trd, 259111.167, 119
Trd, 259111.417, 112
Trd, 259111.783, 140
Trd, 259111.933, 133
Trd, 259112.583, 132
Trd, 259112.867, 120
Trd, 259113.283, 121
Trd, 259113.550, 124
Trd, 259113.600, 126
Trd, 259113.683, 127
Trd, 259113.883, 109
Trd, 259114.267, 119
Trd, 259114.517, 115
Trd, 259114.567, 132
Trd, 259115.200, 136
Trd, 259115.783, 124
Trd, 259116.283, 122
Trd, 259116.417, 122
Trd, 259116.550, 120
Trd, 259116.950, 116
Trd, 259117.417, 131
Trd, 259117.717, 131
Trd, 259118.683, 113
Trd, 259118.917, 135
Trd, 259119.017, 135
Trd, 259119.167, 139
Trd, 259120.533, 126
Trd, 259120.567, 120
Trd, 259120.900, 127
Trd, 259121.350, 118
Trd, 259121.767, 136
Trd, 259121.933, 134
Trd, 259122.650, 139
Trd, 259123.017, 135
Trd, 259123.167, 133
Trd, 259123.233, 127
Trd, 259123.517, 128
Trd, 259123.617, 124
Trd, 259123.650, 122
Trd, 259123.767, 122
Trd, 259124.450, 119
Trd, 259124.483, 118
Trd, 259124.517, 135
Trd, 259124.667, 138
Trd, 259124.750, 134
Trd, 259124.917, 124
Trd, 259125.900, 126
Trd, 259126.217, 120
Trd, 259126.250, 112
Trd, 259126.450, 113
Trd, 259126.933, 122
Trd, 259127.300, 139
Trd, 259128.633, 126
Trd, 259128.717, 135
Trd, 259129.100, 138
Trd, 259129.567, 134
Trd, 259130.467, 140
Trd, 259130.667, 136
Trd, 259131.067, 128
Trd, 259131.533, 129
Trd, 259131.650, 130
Trd, 259131.983, 132
Trd, 259132.117, 140
Trd, 259132.217, 124
Trd, 259132.367, 123
Trd, 259132.783, 140
Trd, 259135.033, 132
Trd, 259135.050, 131
Trd, 259135.367, 126
Trd, 259135.817, 122
Trd, 259135.917, 129
Trd, 259136.033, 121
Trd, 259136.100, 130
Trd, 259136.267, 117
Trd, 259136.383, 119
Trd, 259136.500, 117
Trd, 259136.800, 134
Trd, 259137.033, 134
Trd, 259138.867, 139
Trd, 259138.900, 129
Trd, 259139.133, 126
Trd, 259139.717, 137
Trd, 259139.833, 138
Trd, 259140.117, 138
Trd, 259140.617, 139
Trd, 259140.917, 134
Trd, 259141.433, 131
Trd, 259141.750, 139
Trd, 259141.783, 128
Trd, 259142.217, 128
Trd, 259142.317, 120
Trd, 259142.383, 117
Trd, 259142.800, 131
Trd, 259142.967, 121
Trd, 259143.533, 124
Trd, 259143.550, 127
Trd, 259143.817, 136
Trd, 259143.983, 125
Trd, 259144.133, 121
Trd, 259144.317, 137
Trd, 259145.317, 137
Trd, 259145.517, 130
Trd, 259145.667, 121
Trd, 259145.967, 121
Trd, 259146.233, 120
Trd, 259146.283, 140
Trd, 259146.783, 135
Trd, 259147.000, 129
Trd, 259147.183, 133
Trd, 259147.733, 125
Trd, 259147.783, 133
Trd, 259148.367, 121
Trd, 259148.417, 117
Trd, 259148.483, 129
Trd, 259149.083, 133
Trd, 259149.183, 132
Trd, 259149.783, 123
Trd, 259149.867, 122
Trd, 259150.067, 121
Trd, 259150.317, 129
Trd, 259150.850, 117
Trd, 259151.433, 140
Trd, 259152.450, 129
Trd, 259152.467, 127
Trd, 259152.650, 127
Trd, 259153.000, 110
Trd, 259153.550, 125
Trd, 259154.700, 134
Trd, 259155.033, 133
Trd, 259155.067, 132
Trd, 259155.233, 131
Trd, 259155.333, 131
Trd, 259155.433, 127
Trd, 259155.683, 131
Trd, 259156.333, 137
Trd, 259156.383, 130
Trd, 259156.400, 130
Trd, 259156.517, 125
Trd, 259156.633, 125
Trd, 259156.650, 126
Trd, 259157.383, 130
Trd, 259157.433, 122
Trd, 259157.567, 125
Trd, 259157.933, 138
Trd, 259159.267, 140
Trd, 259159.783, 136
Trd, 259160.383, 136
Trd, 259160.400, 129
Trd, 259160.550, 121
Trd, 259160.883, 116
Trd, 259161.000, 110
Trd, 259161.033, 132
Trd, 259161.583, 121
Trd, 259161.967, 125
Trd, 259161.983, 124
Trd, 259162.050, 120
Trd, 259162.133, 116
Trd, 259162.467, 126
Trd, 259162.833, 134
Trd, 259163.450, 129
Trd, 259163.617, 125
Trd, 259163.650, 122
Trd, 259163.867, 129
Trd, 259164.100, 122
Trd, 259164.317, 120
Trd, 259164.600, 122
Trd, 259164.683, 132
Trd, 259165.517, 138
Trd, 259165.700, 110
Trd, 259166.150, 138
Trd, 259167.050, 140
Trd, 259167.317, 138
Trd, 259167.333, 134
Trd, 259167.500, 132
Trd, 259167.767, 127
Trd, 259168.217, 119
Trd, 259168.583, 128
Trd, 259169.267, 105
Trd, 259169.967, 125
Trd, 259170.333, 124
Trd, 259170.433, 123
Trd, 259170.750, 123
Trd, 259170.817, 121
Trd, 259170.917, 114
Trd, 259171.450, 115
Trd, 259171.717, 126
Trd, 259171.950, 127
Trd, 259173.000, 127
Trd, 259173.117, 138
Trd, 259173.383, 127
Trd, 259173.583, 119
Trd, 259173.933, 123
Trd, 259174.383, 127
Trd, 259175.067, 119
Trd, 259175.233, 121
Trd, 259175.400, 118
Trd, 259175.500, 115
Trd, 259175.967, 116
Trd, 259176.183, 136
Trd, 259176.533, 135
Trd, 259177.083, 123
Trd, 259177.317, 134
Trd, 259177.417, 120
Trd, 259177.433, 116
Trd, 259177.700, 116
Trd, 259177.900, 114
Trd, 259177.983, 109
Trd, 259178.533, 135
Trd, 259178.583, 125
Trd, 259178.617, 113
Trd, 259179.017, 140
Trd, 259179.950, 139
Trd, 259180.283, 139
Trd, 259180.483, 138
Trd, 259180.583, 137
Trd, 259180.900, 136
Trd, 259181.167, 135
Trd, 259181.650, 131
Trd, 259181.767, 126
Trd, 259181.883, 136
Trd, 259181.950, 120
Trd, 259182.783, 134
Trd, 259183.383, 132
Trd, 259183.467, 136
Trd, 259184.050, 127
Trd, 259185.100, 139
Trd, 259185.617, 139
Trd, 259185.817, 140
Trd, 259186.200, 138
Trd, 259186.300, 137
Trd, 259186.533, 129
Trd, 259187.317, 136
Trd, 259187.383, 136
Trd, 259187.450, 140
Trd, 259187.667, 119
Trd, 259188.250, 139
Trd, 259188.417, 134
Trd, 259188.733, 130
Trd, 259188.917, 116
Trd, 259189.183, 116
Trd, 259189.483, 128
Trd, 259189.767, 136
Trd, 259189.850, 132
Trd, 259190.450, 133
Trd, 259191.917, 134
Trd, 259192.267, 139
Trd, 259192.417, 139
Trd, 259192.633, 135
Trd, 259192.767, 135
Trd, 259192.950, 135
Trd, 259193.117, 126
Trd, 259193.533, 126
Trd, 259193.567, 125
Trd, 259194.183, 130
Trd, 259194.317, 125
Trd, 259194.900, 139
Trd, 259195.233, 133
Trd, 259195.533, 130
Trd, 259196.133, 133
Trd, 259196.417, 133
Trd, 259197.033, 120
Trd, 259197.200, 111
Trd, 259197.700, 115
Trd, 259198.267, 115
Trd, 259198.300, 127
Trd, 259198.583, 118
Trd, 259198.733, 128
Trd, 259198.883, 117
Trd, 259199.333, 133
Trd, 259199.567, 132
Trd, 259200.000, 123
