Trd, 258564.167, 140
Trd, 258564.267, 140
Trd, 258564.350, 133
Trd, 258564.500, 140
Trd, 258564.933, 133
Trd, 258564.967, 118
Trd, 258565.367, 116
Trd, 258565.517, 122
Trd, 258565.867, 97
Trd, 258566.417, 114
Trd, 258566.467, 89
Trd, 258566.650, 87
Trd, 258566.917, 106
Trd, 258567.050, 110
Trd, 258567.200, 135
Trd, 258567.967, 100
Trd, 258568.033, 123
Trd, 258568.100, 100
Trd, 258568.550, 139
Trd, 258569.367, 130
Trd, 258569.450, 135
Trd, 258569.517, 126
Trd, 258569.867, 116
Trd, 258570.100, 120
Trd, 258570.600, 112
Trd, 258571.200, 127
Trd, 258571.233, 109
Trd, 258571.583, 105
Trd, 258571.967, 131
Trd, 258572.300, 108
Trd, 258572.333, 115
Trd, 258572.667, 137
Trd, 258572.800, 108
Trd, 258573.867, 140
Trd, 258574.333, 140
Trd, 258574.433, 140
Trd, 258574.517, 140
Trd, 258574.683, 140
Trd, 258574.717, 140
Trd, 258574.950, 139
Trd, 258575.067, 133
Trd, 258575.117, 122
Trd, 258575.283, 128
Trd, 258575.450, 121
Trd, 258575.867, 134
Trd, 258576.350, 127
Trd, 258576.433, 124
Trd, 258576.933, 118
Trd, 258577.017, 106
Trd, 258577.333, 135
Trd, 258577.433, 109
Trd, 258577.667, 123
Trd, 258578.233, 131
Trd, 258578.483, 123
Trd, 258578.550, 117
Trd, 258578.767, 114
Trd, 258578.933, 140
Trd, 258578.983, 118
Trd, 258579.267, 110
Trd, 258579.717, 108
Trd, 258579.950, 99
Trd, 258580.267, 107
Trd, 258580.367, 121
Trd, 258580.633, 92
Trd, 258581.350, 136
Trd, 258581.700, 138
Trd, 258582.183, 139
Trd, 258582.350, 137
Trd, 258582.450, 127
Trd, 258582.733, 140
Trd, 258582.833, 140
Trd, 258583.283, 137
Trd, 258583.500, 128
Trd, 258583.700, 128
Trd, 258584.767, 139
Trd, 258585.017, 124
Trd, 258585.217, 124
Trd, 258585.250, 113
Trd, 258585.283, 109
Trd, 258585.350, 131
Trd, 258586.383, 140
Trd, 258586.667, 140
Trd, 258586.783, 140
Trd, 258586.817, 140
Trd, 258586.983, 132
Trd, 258587.100, 127
Trd, 258587.667, 132
Trd, 258587.733, 127
Trd, 258587.750, 123
Trd, 258587.867, 121
Trd, 258587.933, 129
Trd, 258588.150, 130
Trd, 258588.317, 138
Trd, 258588.500, 119
Trd, 258588.767, 122
Trd, 258588.950, 119
Trd, 258589.000, 128
Trd, 258589.100, 129
Trd, 258589.483, 113
Trd, 258589.650, 109
Trd, 258589.667, 109
Trd, 258589.767, 104
Trd, 258589.983, 119
Trd, 258590.100, 103
Trd, 258590.600, 106
Trd, 258590.733, 118
Trd, 258590.817, 117
Trd, 258590.900, 128
Trd, 258591.500, 135
Trd, 258592.233, 140
Trd, 258592.433, 140
Trd, 258592.667, 140
Trd, 258592.717, 140
Trd, 258592.833, 139
Trd, 258593.633, 138
Trd, 258593.683, 137
Trd, 258593.850, 126
Trd, 258594.000, 140
Trd, 258594.517, 131
Trd, 258594.583, 121
Trd, 258595.267, 135
Trd, 258595.533, 127
Trd, 258595.717, 121
Trd, 258596.167, 120
Trd, 258596.250, 137
Trd, 258596.633, 132
Trd, 258597.317, 118
Trd, 258597.483, 122
Trd, 258597.683, 122
Trd, 258597.700, 115
Trd, 258597.750, 113
Trd, 258597.950, 130
Trd, 258598.017, 105
Trd, 258598.417, 100
Trd, 258598.633, 75
Trd, 258599.217, 125
Trd, 258599.300, 121
Trd, 258600.167, 111
Trd, 258600.367, 102
Trd, 258600.917, 115
Trd, 258601.017, 117
Trd, 258601.067, 108
Trd, 258601.133, 98
Trd, 258601.150, 121
Trd, 258601.283, 91
Trd, 258601.383, 85
Trd, 258601.700, 138
Trd, 258602.000, 140
Trd, 258602.650, 140
Trd, 258602.667, 139
Trd, 258602.717, 138
Trd, 258603.300, 140
Trd, 258603.317, 137
Trd, 258603.383, 130
Trd, 258604.367, 127
Trd, 258604.650, 126
Trd, 258604.733, 124
Trd, 258604.783, 123
Trd, 258604.850, 118
Trd, 258605.300, 128
Trd, 258605.333, 120
Trd, 258605.467, 129
Trd, 258605.617, 120
Trd, 258605.650, 105
Trd, 258606.100, 140
Trd, 258606.483, 138
Trd, 258606.733, 125
Trd, 258607.233, 140
Trd, 258607.600, 118
Trd, 258607.717, 139
Trd, 258607.767, 128
Trd, 258607.950, 135
Trd, 258608.017, 131
Trd, 258608.117, 118
Trd, 258608.183, 136
Trd, 258608.483, 131
Trd, 258608.550, 134
Trd, 258608.767, 106
Trd, 258608.783, 99
Trd, 258609.033, 98
Trd, 258609.533, 136
Trd, 258609.600, 127
Trd, 258609.683, 137
Trd, 258610.267, 111
Trd, 258610.350, 125
Trd, 258610.667, 109
Trd, 258610.883, 111
Trd, 258611.017, 139
Trd, 258611.483, 102
Trd, 258611.700, 98
Trd, 258612.350, 85
Trd, 258612.433, 84
Trd, 258612.467, 128
Trd, 258612.817, 121
Trd, 258612.917, 140
Trd, 258613.117, 128
Trd, 258613.133, 101
Trd, 258613.450, 117
Trd, 258613.667, 112
Trd, 258613.683, 107
Trd, 258613.867, 105
Trd, 258614.850, 101
Trd, 258615.083, 119
Trd, 258615.200, 121
Trd, 258615.267, 124
Trd, 258615.750, 125
Trd, 258615.867, 115
Trd, 258616.167, 107
Trd, 258616.400, 100
Trd, 258616.567, 110
Trd, 258616.717, 113
Trd, 258617.000, 110
Trd, 258617.083, 114
Trd, 258617.800, 119
Trd, 258617.900, 116
Trd, 258618.100, 116
Trd, 258618.867, 133
Trd, 258618.967, 137
Trd, 258618.983, 132
Trd, 258619.050, 125
Trd, 258619.867, 140
Trd, 258620.200, 131
Trd, 258620.250, 129
Trd, 258620.433, 113
Trd, 258620.683, 124
Trd, 258620.700, 137
Trd, 258620.933, 112
Trd, 258620.983, 107
Trd, 258621.267, 102
Trd, 258621.317, 118
Trd, 258621.400, 93
Trd, 258622.467, 117
Trd, 258622.817, 123
Trd, 258623.283, 110
Trd, 258624.117, 140
Trd, 258624.167, 138
Trd, 258624.367, 130
Trd, 258624.467, 130
Trd, 258624.917, 130
Trd, 258625.000, 106
Trd, 258625.550, 129
Trd, 258625.633, 116
Trd, 258625.900, 116
Trd, 258626.183, 109
Trd, 258626.217, 121
Trd, 258626.417, 123
Trd, 258626.483, 109
Trd, 258626.517, 108
Trd, 258626.683, 108
Trd, 258627.017, 105
Trd, 258627.383, 138
Trd, 258627.483, 140
Trd, 258627.700, 115
Trd, 258627.983, 140
Trd, 258628.000, 124
Trd, 258628.150, 97
Trd, 258628.383, 119
Trd, 258628.683, 137
Trd, 258628.967, 116
Trd, 258629.167, 113
Trd, 258629.783, 133
Trd, 258629.800, 133
Trd, 258630.250, 131
Trd, 258630.283, 114
Trd, 258630.767, 125
Trd, 258630.983, 98
Trd, 258631.000, 86
Trd, 258631.417, 139
Trd, 258632.517, 140
Trd, 258632.717, 130
Trd, 258632.817, 128
Trd, 258632.833, 127
Trd, 258633.650, 139
Trd, 258634.250, 139
Trd, 258634.517, 140
Trd, 258634.567, 139
Trd, 258634.617, 122
Trd, 258635.033, 140
Trd, 258635.267, 140
Trd, 258635.383, 140
Trd, 258635.550, 140
Trd, 258636.067, 140
Trd, 258636.300, 140
Trd, 258636.700, 128
Trd, 258636.900, 125
Trd, 258637.133, 132
Trd, 258637.217, 125
Trd, 258638.667, 136
Trd, 258639.200, 128
Trd, 258639.717, 104
Trd, 258639.867, 112
Trd, 258639.933, 98
Trd, 258641.500, 131
Trd, 258641.533, 134
Trd, 258641.767, 131
Trd, 258642.000, 137
Trd, 258642.500, 132
Trd, 258642.667, 140
Trd, 258642.783, 120
Trd, 258643.183, 120
Trd, 258643.417, 138
Trd, 258643.467, 137
Trd, 258643.617, 115
Trd, 258643.850, 114
Trd, 258643.900, 113
Trd, 258644.017, 111
Trd, 258644.683, 136
Trd, 258644.917, 140
Trd, 258644.933, 120
Trd, 258645.033, 83
Trd, 258645.083, 82
Trd, 258645.167, 115
Trd, 258645.250, 129
Trd, 258645.667, 127
Trd, 258646.133, 133
Trd, 258646.200, 116
Trd, 258646.300, 138
Trd, 258646.717, 120
Trd, 258647.433, 121
Trd, 258648.000, 111
Trd, 258648.100, 105
Trd, 258648.250, 96
Trd, 258648.600, 132
Trd, 258649.117, 114
Trd, 258649.567, 95
Trd, 258649.700, 103
Trd, 258649.817, 135
Trd, 258650.333, 124
Trd, 258650.350, 123
Trd, 258650.800, 135
Trd, 258651.017, 127
Trd, 258651.250, 113
Trd, 258651.333, 110
Trd, 258651.567, 114
Trd, 258651.783, 137
Trd, 258652.033, 136
Trd, 258652.333, 138
Trd, 258652.550, 127
Trd, 258653.150, 139
Trd, 258653.367, 138
Trd, 258653.517, 139
Trd, 258653.583, 128
Trd, 258653.850, 122
Trd, 258654.017, 114
Trd, 258654.133, 104
Trd, 258654.150, 98
Trd, 258655.667, 140
Trd, 258656.100, 140
Trd, 258656.250, 137
Trd, 258656.417, 139
Trd, 258657.100, 139
Trd, 258657.567, 131
Trd, 258658.067, 125
Trd, 258658.150, 124
Trd, 258658.233, 120
Trd, 258658.667, 131
Trd, 258658.783, 119
Trd, 258659.083, 113
Trd, 258659.567, 132
Trd, 258660.300, 130
Trd, 258660.567, 135
Trd, 258660.650, 113
Trd, 258660.867, 139
Trd, 258661.267, 121
Trd, 258661.567, 134
Trd, 258661.667, 122
Trd, 258661.800, 117
Trd, 258662.217, 124
Trd, 258662.367, 116
Trd, 258662.417, 127
Trd, 258662.983, 128
Trd, 258663.017, 114
Trd, 258663.083, 113
Trd, 258663.133, 109
Trd, 258663.250, 98
Trd, 258663.550, 112
Trd, 258663.567, 129
Trd, 258663.817, 140
Trd, 258664.367, 140
Trd, 258664.400, 139
Trd, 258665.017, 139
Trd, 258665.817, 137
Trd, 258666.150, 132
Trd, 258666.300, 136
Trd, 258666.800, 138
Trd, 258667.033, 135
Trd, 258667.367, 129
Trd, 258667.400, 122
Trd, 258667.500, 116
Trd, 258667.700, 111
Trd, 258668.000, 110
Trd, 258668.283, 109
Trd, 258668.300, 134
Trd, 258668.933, 109
Trd, 258670.033, 129
Trd, 258670.717, 131
Trd, 258670.917, 130
Trd, 258670.983, 126
Trd, 258671.133, 122
Trd, 258671.233, 126
Trd, 258672.233, 139
Trd, 258672.483, 140
Trd, 258672.550, 132
Trd, 258672.883, 138
Trd, 258672.933, 140
Trd, 258673.217, 134
Trd, 258673.283, 133
Trd, 258673.350, 125
Trd, 258673.400, 123
Trd, 258673.550, 116
Trd, 258674.333, 138
Trd, 258674.433, 116
Trd, 258674.483, 139
Trd, 258674.633, 139
Trd, 258674.750, 126
Trd, 258675.683, 138
Trd, 258675.867, 131
Trd, 258676.383, 109
Trd, 258676.417, 118
Trd, 258676.867, 131
Trd, 258676.983, 126
Trd, 258677.200, 125
Trd, 258677.317, 136
Trd, 258678.083, 138
Trd, 258678.133, 129
Trd, 258678.817, 140
Trd, 258678.883, 139
Trd, 258679.000, 136
Trd, 258679.067, 116
Trd, 258679.183, 114
Trd, 258679.350, 140
Trd, 258679.450, 112
Trd, 258679.533, 107
Trd, 258679.750, 124
Trd, 258680.000, 109
Trd, 258680.200, 139
Trd, 258680.733, 65
Trd, 258681.150, 106
Trd, 258681.250, 138
Trd, 258682.300, 113
Trd, 258682.767, 140
Trd, 258682.950, 140
Trd, 258684.100, 139
Trd, 258684.517, 140
Trd, 258684.850, 132
Trd, 258685.133, 132
Trd, 258685.283, 133
Trd, 258685.300, 129
Trd, 258685.483, 128
Trd, 258685.550, 125
Trd, 258685.783, 128
Trd, 258685.917, 123
Trd, 258686.183, 139
Trd, 258686.200, 118
Trd, 258686.633, 132
Trd, 258686.883, 133
Trd, 258687.117, 111
Trd, 258687.183, 105
Trd, 258687.433, 123
Trd, 258687.800, 135
Trd, 258688.217, 111
Trd, 258688.400, 125
Trd, 258688.533, 120
Trd, 258688.683, 132
Trd, 258689.333, 111
Trd, 258689.433, 121
Trd, 258690.433, 131
Trd, 258690.683, 139
Trd, 258690.767, 138
Trd, 258690.950, 140
Trd, 258690.967, 126
Trd, 258690.983, 125
Trd, 258691.317, 137
Trd, 258691.800, 127
Trd, 258691.933, 137
Trd, 258692.083, 128
Trd, 258692.133, 126
Trd, 258692.150, 124
Trd, 258692.467, 131
Trd, 258692.550, 130
Trd, 258692.817, 139
Trd, 258693.133, 128
Trd, 258693.333, 137
Trd, 258693.867, 139
Trd, 258693.967, 137
Trd, 258694.100, 136
Trd, 258694.350, 140
Trd, 258694.467, 140
Trd, 258694.533, 130
Trd, 258695.167, 130
Trd, 258695.600, 140
Trd, 258695.800, 139
Trd, 258695.950, 129
Trd, 258696.000, 131
Trd, 258696.100, 124
Trd, 258696.200, 112
Trd, 258696.717, 114
Trd, 258696.967, 129
Trd, 258697.083, 111
Trd, 258697.383, 116
Trd, 258697.733, 107
Trd, 258698.000, 133
Trd, 258698.850, 116
Trd, 258699.017, 123
Trd, 258699.550, 115
Trd, 258699.583, 122
Trd, 258699.683, 134
Trd, 258699.967, 114
Trd, 258700.083, 110
Trd, 258700.550, 119
Trd, 258701.050, 140
Trd, 258701.067, 126
Trd, 258701.267, 126
Trd, 258702.017, 115
Trd, 258702.217, 139
Trd, 258702.533, 132
Trd, 258702.667, 122
Trd, 258702.683, 115
Trd, 258702.900, 140
Trd, 258702.950, 139
Trd, 258703.000, 100
Trd, 258703.317, 96
Trd, 258703.633, 95
Trd, 258703.750, 91
Trd, 258704.000, 128
Trd, 258704.200, 113
Trd, 258704.633, 112
Trd, 258704.833, 106
Trd, 258705.017, 97
Trd, 258705.050, 128
Trd, 258705.133, 96
Trd, 258705.233, 93
Trd, 258705.433, 130
Trd, 258705.833, 132
Trd, 258706.550, 131
Trd, 258706.883, 115
Trd, 258707.217, 138
Trd, 258707.733, 120
Trd, 258707.833, 114
Trd, 258708.250, 107
Trd, 258708.567, 97
Trd, 258708.683, 127
Trd, 258708.867, 134
Trd, 258709.517, 139
Trd, 258710.117, 140
Trd, 258710.633, 138
Trd, 258711.033, 140
Trd, 258711.083, 121
Trd, 258711.283, 136
Trd, 258711.300, 119
Trd, 258711.617, 118
Trd, 258712.000, 138
Trd, 258712.117, 131
Trd, 258712.150, 116
Trd, 258712.417, 136
Trd, 258712.650, 140
Trd, 258713.167, 140
Trd, 258713.233, 140
Trd, 258713.250, 137
Trd, 258713.367, 123
Trd, 258713.433, 122
Trd, 258713.550, 122
Trd, 258714.017, 139
Trd, 258714.333, 119
Trd, 258714.533, 117
Trd, 258715.133, 137
Trd, 258715.233, 115
Trd, 258715.483, 140
Trd, 258715.533, 138
Trd, 258715.633, 111
Trd, 258717.200, 140
Trd, 258717.600, 140
Trd, 258718.483, 140
Trd, 258719.417, 140
Trd, 258719.733, 139
Trd, 258719.933, 139
Trd, 258720.133, 138
Trd, 258720.267, 137
Trd, 258720.383, 136
Trd, 258720.550, 125
Trd, 258721.100, 138
Trd, 258721.150, 138
Trd, 258721.183, 126
Trd, 258721.200, 122
Trd, 258721.450, 135
Trd, 258721.500, 133
Trd, 258721.917, 127
Trd, 258722.017, 127
Trd, 258722.383, 84
Trd, 258722.817, 85
Trd, 258723.150, 130
Trd, 258723.850, 127
Trd, 258723.967, 121
Trd, 258724.300, 140
Trd, 258724.833, 139
Trd, 258725.000, 127
Trd, 258725.050, 119
Trd, 258725.317, 138
Trd, 258725.650, 137
Trd, 258725.800, 139
Trd, 258725.867, 127
Trd, 258726.483, 124
Trd, 258726.783, 140
Trd, 258726.800, 122
Trd, 258727.050, 122
Trd, 258727.183, 121
Trd, 258727.517, 116
Trd, 258727.617, 136
Trd, 258727.683, 115
Trd, 258728.117, 119
Trd, 258728.600, 130
Trd, 258728.967, 118
Trd, 258729.317, 135
Trd, 258729.583, 114
Trd, 258729.750, 109
Trd, 258729.983, 131
Trd, 258730.200, 104
Trd, 258730.383, 95
Trd, 258730.433, 80
Trd, 258730.600, 126
Trd, 258731.133, 115
Trd, 258731.233, 127
Trd, 258731.517, 88
Trd, 258731.583, 112
Trd, 258732.200, 113
Trd, 258732.517, 104
Trd, 258732.883, 130
Trd, 258733.250, 140
Trd, 258733.367, 138
Trd, 258733.433, 137
Trd, 258733.550, 112
Trd, 258735.550, 131
Trd, 258735.650, 130
Trd, 258735.833, 120
Trd, 258736.050, 119
Trd, 258736.250, 120
Trd, 258736.317, 119
Trd, 258736.500, 121
Trd, 258736.550, 117
Trd, 258736.617, 119
Trd, 258737.033, 139
Trd, 258737.083, 119
Trd, 258737.133, 140
Trd, 258737.367, 137
Trd, 258737.817, 114
Trd, 258738.133, 138
Trd, 258738.533, 137
Trd, 258738.633, 134
Trd, 258738.967, 115
Trd, 258739.250, 120
Trd, 258739.267, 126
Trd, 258739.533, 119
Trd, 258739.600, 95
Trd, 258739.650, 92
Trd, 258739.717, 107
Trd, 258740.117, 80
Trd, 258740.150, 85
Trd, 258740.250, 89
Trd, 258740.350, 110
Trd, 258740.900, 103
Trd, 258741.133, 110
Trd, 258741.317, 131
Trd, 258741.733, 94
Trd, 258742.383, 118
Trd, 258742.900, 140
Trd, 258743.033, 140
Trd, 258743.183, 122
Trd, 258743.383, 124
Trd, 258743.483, 121
Trd, 258743.500, 120
Trd, 258743.667, 108
Trd, 258743.683, 103
Trd, 258743.817, 140
Trd, 258744.283, 134
Trd, 258745.033, 140
Trd, 258745.100, 140
Trd, 258745.433, 140
Trd, 258745.450, 139
Trd, 258745.667, 137
Trd, 258745.917, 140
Trd, 258746.217, 138
Trd, 258746.567, 137
Trd, 258747.033, 127
Trd, 258747.050, 114
Trd, 258747.283, 115
Trd, 258747.550, 139
Trd, 258747.667, 137
Trd, 258747.817, 116
Trd, 258748.017, 110
Trd, 258748.283, 105
Trd, 258748.300, 117
Trd, 258748.433, 118
Trd, 258748.833, 121
Trd, 258749.017, 123
Trd, 258749.933, 114
Trd, 258750.617, 140
Trd, 258750.867, 140
Trd, 258751.517, 127
Trd, 258751.867, 128
Trd, 258752.267, 119
Trd, 258752.617, 117
Trd, 258753.283, 120
Trd, 258753.600, 98
Trd, 258753.833, 94
Trd, 258753.883, 100
Trd, 258753.950, 113
Trd, 258753.967, 114
Trd, 258754.117, 123
Trd, 258754.250, 103
Trd, 258754.517, 117
Trd, 258754.733, 134
Trd, 258754.967, 90
Trd, 258755.000, 86
Trd, 258755.150, 110
Trd, 258755.467, 110
Trd, 258755.633, 104
Trd, 258755.800, 99
Trd, 258755.967, 103
Trd, 258756.367, 98
Trd, 258756.583, 109
Trd, 258756.750, 96
Trd, 258756.883, 106
Trd, 258757.150, 140
Trd, 258757.467, 122
Trd, 258758.583, 135
Trd, 258759.000, 139
Trd, 258759.167, 139
Trd, 258759.200, 140
Trd, 258759.517, 135
Trd, 258759.650, 137
Trd, 258759.767, 121
Trd, 258759.817, 114
Trd, 258759.867, 109
Trd, 258760.233, 103
Trd, 258760.950, 107
Trd, 258761.050, 137
Trd, 258761.733, 126
Trd, 258762.167, 135
Trd, 258762.367, 139
Trd, 258762.417, 134
Trd, 258762.433, 105
Trd, 258762.967, 139
Trd, 258762.983, 118
Trd, 258763.817, 104
Trd, 258763.850, 102
Trd, 258764.200, 127
Trd, 258764.483, 118
Trd, 258764.600, 101
Trd, 258764.733, 127
Trd, 258764.933, 113
Trd, 258765.017, 112
Trd, 258765.133, 111
Trd, 258765.367, 140
Trd, 258765.767, 140
Trd, 258765.867, 105
Trd, 258765.983, 100
Trd, 258766.217, 107
Trd, 258766.683, 135
Trd, 258766.700, 129
Trd, 258766.917, 138
Trd, 258767.633, 118
Trd, 258768.083, 139
Trd, 258768.300, 131
Trd, 258768.333, 113
Trd, 258768.500, 120
Trd, 258768.767, 112
Trd, 258768.833, 99
Trd, 258768.917, 88
Trd, 258769.417, 140
Trd, 258769.950, 104
Trd, 258770.000, 125
Trd, 258770.500, 139
Trd, 258770.533, 135
Trd, 258771.017, 112
Trd, 258771.167, 128
Trd, 258771.600, 128
Trd, 258771.983, 135
Trd, 258772.050, 127
Trd, 258772.067, 121
Trd, 258772.750, 134
Trd, 258772.967, 140
Trd, 258773.800, 136
Trd, 258773.817, 123
Trd, 258773.950, 139
Trd, 258774.100, 120
Trd, 258774.533, 140
Trd, 258775.100, 137
Trd, 258775.150, 123
Trd, 258775.767, 137
Trd, 258776.167, 130
Trd, 258776.283, 132
Trd, 258776.367, 122
Trd, 258776.433, 138
Trd, 258776.517, 119
Trd, 258777.017, 136
Trd, 258777.183, 129
Trd, 258777.250, 129
Trd, 258777.517, 121
Trd, 258777.633, 124
Trd, 258777.750, 99
Trd, 258777.817, 97
Trd, 258778.233, 93
Trd, 258778.350, 110
Trd, 258778.767, 129
Trd, 258778.900, 119
Trd, 258779.117, 126
Trd, 258779.133, 134
Trd, 258779.250, 111
Trd, 258779.450, 117
Trd, 258780.033, 130
Trd, 258780.350, 119
Trd, 258780.617, 115
Trd, 258781.400, 107
Trd, 258781.533, 116
Trd, 258781.550, 97
Trd, 258781.667, 96
Trd, 258781.950, 134
Trd, 258782.117, 99
Trd, 258782.250, 92
Trd, 258782.267, 91
Trd, 258782.750, 103
Trd, 258783.067, 133
Trd, 258783.333, 138
Trd, 258783.517, 131
Trd, 258783.733, 117
Trd, 258784.467, 140
Trd, 258785.050, 140
Trd, 258785.133, 139
Trd, 258785.150, 138
Trd, 258785.183, 130
Trd, 258785.233, 121
Trd, 258785.317, 121
Trd, 258785.800, 137
Trd, 258786.567, 136
Trd, 258786.617, 121
Trd, 258786.800, 120
Trd, 258786.917, 140
Trd, 258786.983, 116
Trd, 258787.517, 120
Trd, 258787.583, 112
Trd, 258787.667, 111
Trd, 258787.767, 109
Trd, 258788.983, 136
Trd, 258789.317, 129
Trd, 258789.333, 118
Trd, 258789.533, 139
Trd, 258790.233, 139
Trd, 258790.467, 136
Trd, 258790.567, 127
Trd, 258790.650, 139
Trd, 258790.667, 126
Trd, 258790.767, 120
Trd, 258791.283, 140
Trd, 258791.350, 140
Trd, 258791.700, 110
Trd, 258791.817, 120
Trd, 258791.900, 117
Trd, 258792.017, 112
Trd, 258792.400, 112
Trd, 258793.483, 138
Trd, 258793.733, 140
Trd, 258793.917, 102
Trd, 258794.517, 140
Trd, 258795.333, 140
Trd, 258795.433, 138
Trd, 258795.583, 133
Trd, 258795.750, 140
Trd, 258796.117, 139
Trd, 258796.750, 140
Trd, 258796.933, 133
Trd, 258797.033, 132
Trd, 258797.067, 131
Trd, 258797.917, 125
Trd, 258798.150, 139
Trd, 258798.183, 123
Trd, 258798.433, 125
Trd, 258798.450, 122
Trd, 258798.650, 112
Trd, 258798.850, 133
Trd, 258798.967, 138
Trd, 258799.067, 128
Trd, 258799.367, 135
Trd, 258799.517, 112
Trd, 258799.983, 137
Trd, 258800.217, 132
Trd, 258800.250, 130
Trd, 258800.500, 140
Trd, 258801.200, 130
Trd, 258801.583, 140
Trd, 258802.583, 140
Trd, 258802.750, 140
Trd, 258802.917, 140
Trd, 258803.267, 136
Trd, 258803.650, 120
Trd, 258803.750, 114
Trd, 258803.833, 125
Trd, 258803.900, 114
Trd, 258804.333, 113
Trd, 258804.750, 140
Trd, 258804.917, 140
Trd, 258805.933, 138
Trd, 258805.950, 135
Trd, 258806.250, 133
Trd, 258806.567, 132
Trd, 258806.783, 124
Trd, 258806.833, 118
Trd, 258807.000, 115
Trd, 258807.183, 108
Trd, 258807.283, 113
Trd, 258807.567, 137
Trd, 258807.750, 140
Trd, 258808.017, 112
Trd, 258808.333, 121
Trd, 258808.500, 136
Trd, 258808.617, 113
Trd, 258808.933, 128
Trd, 258809.333, 97
Trd, 258809.533, 94
Trd, 258809.867, 105
Trd, 258809.933, 111
Trd, 258810.050, 116
Trd, 258810.233, 101
Trd, 258810.300, 95
Trd, 258810.483, 109
Trd, 258810.583, 88
Trd, 258810.667, 77
Trd, 258810.833, 78
Trd, 258811.300, 135
Trd, 258811.383, 80
Trd, 258811.717, 106
Trd, 258811.950, 125
Trd, 258812.117, 129
Trd, 258812.433, 117
Trd, 258812.900, 92
Trd, 258813.317, 116
Trd, 258813.667, 140
Trd, 258813.883, 139
Trd, 258814.150, 137
Trd, 258814.167, 123
Trd, 258814.317, 122
Trd, 258814.600, 113
Trd, 258814.967, 133
Trd, 258815.500, 115
Trd, 258815.533, 119
Trd, 258815.650, 96
Trd, 258815.733, 125
Trd, 258816.050, 85
Trd, 258816.217, 133
Trd, 258817.433, 118
Trd, 258817.450, 112
Trd, 258817.567, 135
Trd, 258817.883, 140
Trd, 258817.933, 123
Trd, 258818.033, 120
Trd, 258818.133, 111
Trd, 258818.200, 98
Trd, 258818.400, 137
Trd, 258819.367, 125
Trd, 258819.667, 121
Trd, 258819.717, 124
Trd, 258819.850, 113
Trd, 258820.467, 127
Trd, 258821.083, 130
Trd, 258821.183, 129
Trd, 258821.667, 132
Trd, 258821.883, 128
Trd, 258822.033, 125
Trd, 258823.467, 130
Trd, 258823.650, 128
Trd, 258823.817, 136
Trd, 258823.917, 115
Trd, 258824.283, 140
Trd, 258824.317, 131
Trd, 258824.383, 116
Trd, 258824.483, 140
Trd, 258824.650, 140
Trd, 258825.083, 138
Trd, 258825.633, 132
Trd, 258825.700, 129
Trd, 258826.183, 139
Trd, 258826.300, 116
Trd, 258826.683, 133
Trd, 258827.067, 132
Trd, 258827.083, 123
Trd, 258827.417, 140
Trd, 258828.133, 127
Trd, 258828.317, 139
Trd, 258828.367, 138
Trd, 258828.383, 125
Trd, 258828.400, 122
Trd, 258828.550, 120
Trd, 258828.867, 114
Trd, 258828.883, 111
Trd, 258829.100, 108
Trd, 258829.317, 130
Trd, 258829.550, 139
Trd, 258830.000, 119
Trd, 258830.050, 107
Trd, 258830.383, 108
Trd, 258830.583, 107
Trd, 258830.650, 127
Trd, 258831.133, 107
Trd, 258831.600, 110
Trd, 258831.833, 100
Trd, 258832.050, 98
Trd, 258832.517, 123
Trd, 258833.033, 125
Trd, 258833.167, 133
Trd, 258833.317, 135
Trd, 258833.333, 120
Trd, 258833.400, 122
Trd, 258833.967, 140
Trd, 258833.983, 129
Trd, 258834.183, 140
Trd, 258834.350, 120
Trd, 258834.600, 113
Trd, 258834.733, 140
Trd, 258835.350, 104
Trd, 258835.417, 118
Trd, 258835.733, 140
Trd, 258835.900, 130
Trd, 258836.300, 136
Trd, 258836.317, 125
Trd, 258836.500, 136
Trd, 258836.567, 126
Trd, 258836.900, 132
Trd, 258837.050, 127
Trd, 258838.000, 133
Trd, 258838.100, 126
Trd, 258838.867, 135
Trd, 258839.150, 133
Trd, 258839.250, 133
Trd, 258839.383, 124
Trd, 258839.633, 112
Trd, 258840.267, 111
Trd, 258840.583, 136
Trd, 258840.650, 135
Trd, 258840.917, 134
Trd, 258840.967, 119
Trd, 258841.050, 115
Trd, 258841.433, 139
Trd, 258841.833, 118
Trd, 258843.067, 140
Trd, 258843.267, 140
Trd, 258843.283, 139
Trd, 258843.500, 136
Trd, 258843.983, 138
Trd, 258844.150, 140
Trd, 258844.483, 133
Trd, 258844.683, 121
Trd, 258844.717, 129
Trd, 258845.100, 140
Trd, 258845.183, 140
Trd, 258845.617, 139
Trd, 258845.850, 123
Trd, 258845.867, 119
Trd, 258846.300, 140
Trd, 258846.650, 138
Trd, 258847.050, 140
Trd, 258847.267, 135
Trd, 258847.400, 135
Trd, 258847.750, 127
Trd, 258848.883, 140
Trd, 258849.167, 136
Trd, 258849.250, 135
Trd, 258849.850, 139
Trd, 258850.200, 139
Trd, 258850.733, 140
Trd, 258850.800, 139
Trd, 258850.833, 138
Trd, 258850.967, 131
Trd, 258851.133, 129
Trd, 258851.583, 116
Trd, 258851.667, 115
Trd, 258851.717, 107
Trd, 258851.800, 118
Trd, 258851.817, 105
Trd, 258852.767, 94
Trd, 258852.867, 97
Trd, 258853.333, 140
Trd, 258853.900, 139
Trd, 258854.183, 137
Trd, 258854.283, 136
Trd, 258855.000, 131
Trd, 258855.817, 139
Trd, 258855.850, 127
Trd, 258856.067, 138
Trd, 258856.400, 123
Trd, 258856.750, 125
Trd, 258857.000, 119
Trd, 258857.317, 117
Trd, 258857.417, 107
Trd, 258857.617, 136
Trd, 258857.900, 131
Trd, 258858.117, 124
Trd, 258858.267, 122
Trd, 258858.350, 119
Trd, 258858.633, 137
Trd, 258858.850, 140
Trd, 258858.983, 111
Trd, 258859.200, 132
Trd, 258859.650, 139
Trd, 258859.700, 138
Trd, 258860.333, 134
Trd, 258860.800, 111
Trd, 258860.850, 98
Trd, 258861.150, 102
Trd, 258861.167, 99
Trd, 258861.367, 122
Trd, 258861.500, 119
Trd, 258861.600, 137
Trd, 258861.700, 105
Trd, 258861.817, 73
Trd, 258862.267, 123
Trd, 258863.033, 140
Trd, 258863.483, 140
Trd, 258863.533, 140
Trd, 258863.633, 125
Trd, 258863.717, 109
Trd, 258864.367, 140
Trd, 258864.533, 138
Trd, 258864.967, 139
Trd, 258865.333, 125
Trd, 258865.700, 120
Trd, 258866.183, 122
Trd, 258866.250, 123
Trd, 258866.317, 134
Trd, 258867.367, 115
Trd, 258867.433, 106
Trd, 258867.650, 122
Trd, 258867.800, 118
Trd, 258867.883, 120
Trd, 258868.150, 116
Trd, 258868.217, 106
Trd, 258868.333, 127
Trd, 258868.433, 130
Trd, 258868.500, 136
Trd, 258868.517, 105
Trd, 258868.617, 93
Trd, 258868.733, 91
Trd, 258868.900, 137
Trd, 258869.267, 139
Trd, 258869.733, 105
Trd, 258870.883, 135
Trd, 258871.050, 113
Trd, 258871.450, 140
Trd, 258872.083, 140
Trd, 258872.150, 140
Trd, 258872.650, 114
Trd, 258872.717, 111
Trd, 258873.083, 110
Trd, 258873.500, 137
Trd, 258873.700, 137
Trd, 258873.983, 136
Trd, 258874.150, 140
Trd, 258874.217, 124
Trd, 258874.283, 139
Trd, 258874.317, 122
Trd, 258874.817, 134
Trd, 258874.967, 122
Trd, 258875.467, 120
Trd, 258875.517, 119
Trd, 258875.717, 119
Trd, 258875.767, 119
Trd, 258876.367, 138
Trd, 258876.450, 139
Trd, 258876.617, 133
Trd, 258876.633, 132
Trd, 258876.900, 114
Trd, 258877.583, 138
Trd, 258877.817, 132
Trd, 258878.117, 133
Trd, 258878.167, 124
Trd, 258878.733, 138
Trd, 258878.800, 103
Trd, 258879.050, 102
Trd, 258879.067, 100
Trd, 258879.333, 120
Trd, 258879.650, 104
Trd, 258879.833, 124
Trd, 258879.900, 89
Trd, 258880.650, 119
Trd, 258881.083, 120
Trd, 258881.517, 118
Trd, 258881.683, 120
Trd, 258881.817, 124
Trd, 258882.367, 139
Trd, 258882.583, 129
Trd, 258882.850, 128
Trd, 258882.867, 119
Trd, 258883.083, 96
Trd, 258883.167, 139
Trd, 258883.467, 127
Trd, 258883.617, 111
Trd, 258883.733, 137
Trd, 258884.033, 116
Trd, 258884.200, 126
Trd, 258884.467, 109
Trd, 258884.500, 129
Trd, 258884.800, 113
Trd, 258885.583, 131
Trd, 258885.967, 138
Trd, 258886.083, 119
Trd, 258886.383, 125
Trd, 258886.617, 122
Trd, 258886.867, 130
Trd, 258887.167, 131
Trd, 258887.483, 116
Trd, 258887.867, 116
Trd, 258888.200, 139
Trd, 258888.433, 138
Trd, 258888.517, 129
Trd, 258888.650, 110
Trd, 258888.733, 105
Trd, 258889.233, 140
Trd, 258889.333, 140
Trd, 258889.733, 132
Trd, 258889.917, 128
Trd, 258890.033, 128
Trd, 258890.450, 127
Trd, 258890.500, 114
Trd, 258890.900, 119
Trd, 258890.917, 112
Trd, 258891.083, 127
Trd, 258891.100, 108
Trd, 258891.167, 117
Trd, 258891.217, 107
Trd, 258891.400, 104
Trd, 258891.433, 100
Trd, 258891.867, 134
Trd, 258892.000, 78
Trd, 258892.700, 140
Trd, 258892.900, 140
Trd, 258893.050, 139
Trd, 258893.417, 137
Trd, 258893.950, 136
Trd, 258894.050, 135
Trd, 258894.383, 134
Trd, 258894.833, 138
Trd, 258894.950, 137
Trd, 258895.267, 128
Trd, 258895.600, 121
Trd, 258895.617, 117
Trd, 258896.300, 140
Trd, 258896.350, 136
Trd, 258896.550, 136
Trd, 258896.567, 121
Trd, 258896.783, 139
Trd, 258897.367, 135
Trd, 258897.500, 129
Trd, 258897.667, 127
Trd, 258897.683, 118
Trd, 258897.867, 118
Trd, 258898.867, 137
Trd, 258898.983, 122
Trd, 258899.200, 138
Trd, 258899.450, 136
Trd, 258899.633, 120
Trd, 258899.700, 120
Trd, 258900.267, 120
Trd, 258900.517, 120
Trd, 258900.717, 119
Trd, 258900.850, 107
Trd, 258900.917, 107
Trd, 258901.050, 107
Trd, 258901.533, 127
Trd, 258901.683, 130
Trd, 258902.267, 138
Trd, 258902.417, 139
Trd, 258902.433, 135
Trd, 258902.517, 118
Trd, 258902.950, 139
Trd, 258903.633, 126
Trd, 258903.700, 125
Trd, 258903.883, 128
Trd, 258904.267, 113
Trd, 258904.600, 128
Trd, 258904.900, 131
Trd, 258905.100, 131
Trd, 258905.150, 123
Trd, 258905.850, 120
Trd, 258905.967, 116
Trd, 258906.467, 106
Trd, 258906.833, 100
Trd, 258906.917, 105
Trd, 258906.983, 94
Trd, 258907.417, 92
Trd, 258907.650, 133
Trd, 258907.717, 103
Trd, 258907.950, 95
Trd, 258907.967, 96
Trd, 258908.267, 93
Trd, 258908.650, 125
Trd, 258908.867, 138
Trd, 258909.133, 101
Trd, 258909.467, 118
Trd, 258909.533, 103
Trd, 258909.550, 134
Trd, 258909.667, 137
Trd, 258909.800, 122
Trd, 258910.133, 133
Trd, 258910.200, 110
Trd, 258910.550, 127
Trd, 258911.467, 121
Trd, 258911.917, 138
Trd, 258911.950, 137
Trd, 258912.067, 117
Trd, 258912.400, 116
Trd, 258912.450, 114
Trd, 258913.567, 116
Trd, 258913.583, 115
Trd, 258913.600, 112
Trd, 258913.667, 106
Trd, 258913.850, 118
Trd, 258914.317, 121
Trd, 258914.350, 128
Trd, 258914.400, 114
Trd, 258914.500, 110
Trd, 258914.567, 105
Trd, 258914.700, 119
Trd, 258914.950, 123
Trd, 258915.150, 116
Trd, 258915.350, 114
Trd, 258915.383, 100
Trd, 258915.400, 130
Trd, 258916.050, 139
Trd, 258916.383, 125
Trd, 258916.617, 129
Trd, 258916.667, 132
Trd, 258916.783, 127
Trd, 258916.883, 115
Trd, 258917.217, 140
Trd, 258918.233, 136
Trd, 258918.350, 126
Trd, 258918.517, 123
Trd, 258918.567, 121
Trd, 258918.883, 127
Trd, 258919.233, 129
Trd, 258919.767, 137
Trd, 258920.283, 119
Trd, 258920.450, 139
Trd, 258920.950, 135
Trd, 258921.183, 135
Trd, 258922.050, 140
Trd, 258922.083, 140
Trd, 258922.167, 136
Trd, 258922.233, 134
Trd, 258922.250, 131
Trd, 258922.300, 118
Trd, 258922.717, 137
Trd, 258922.833, 140
Trd, 258922.967, 137
Trd, 258923.233, 140
Trd, 258923.300, 140
Trd, 258923.317, 121
Trd, 258923.333, 117
Trd, 258924.383, 112
Trd, 258924.483, 110
Trd, 258924.500, 117
Trd, 258924.683, 117
Trd, 258925.000, 124
Trd, 258925.483, 137
Trd, 258925.950, 129
Trd, 258926.017, 125
Trd, 258926.333, 114
Trd, 258926.400, 129
Trd, 258926.567, 123
Trd, 258926.650, 113
Trd, 258926.867, 110
Trd, 258927.250, 120
Trd, 258927.300, 107
Trd, 258927.350, 127
Trd, 258927.567, 130
Trd, 258928.000, 137
Trd, 258928.567, 121
Trd, 258928.650, 116
Trd, 258928.700, 138
Trd, 258928.917, 109
Trd, 258928.967, 103
Trd, 258929.183, 100
Trd, 258929.483, 90
Trd, 258930.383, 104
Trd, 258930.517, 105
Trd, 258931.000, 106
Trd, 258931.200, 125
Trd, 258931.333, 107
Trd, 258931.450, 136
Trd, 258931.800, 111
Trd, 258932.150, 106
Trd, 258932.267, 107
Trd, 258932.500, 138
Trd, 258932.650, 131
Trd, 258933.133, 122
Trd, 258933.450, 138
Trd, 258933.617, 117
Trd, 258933.633, 113
Trd, 258934.067, 119
Trd, 258934.367, 111
Trd, 258934.833, 114
Trd, 258935.217, 106
Trd, 258935.300, 98
Trd, 258935.417, 120
Trd, 258935.433, 97
Trd, 258935.450, 85
Trd, 258935.717, 131
Trd, 258935.817, 133
Trd, 258936.683, 140
Trd, 258936.800, 139
Trd, 258937.433, 137
Trd, 258938.083, 133
Trd, 258938.450, 140
Trd, 258938.667, 133
Trd, 258938.867, 134
Trd, 258939.033, 131
Trd, 258939.083, 126
Trd, 258939.283, 133
Trd, 258939.417, 140
Trd, 258940.050, 137
Trd, 258940.183, 136
Trd, 258940.317, 136
Trd, 258940.750, 136
Trd, 258940.850, 140
Trd, 258941.183, 134
Trd, 258941.200, 134
Trd, 258941.233, 125
Trd, 258941.433, 125
Trd, 258941.917, 131
Trd, 258942.250, 138
Trd, 258942.283, 104
Trd, 258942.767, 78
Trd, 258943.300, 91
Trd, 258943.317, 67
Trd, 258943.483, 140
Trd, 258944.350, 139
Trd, 258944.500, 137
Trd, 258945.017, 137
Trd, 258945.350, 137
Trd, 258945.417, 136
Trd, 258946.133, 140
Trd, 258946.650, 135
Trd, 258946.667, 123
Trd, 258947.683, 140
Trd, 258947.750, 140
Trd, 258947.917, 138
Trd, 258948.150, 125
Trd, 258948.367, 132
Trd, 258948.583, 126
Trd, 258948.600, 117
Trd, 258948.750, 130
Trd, 258948.950, 112
Trd, 258949.017, 115
Trd, 258949.133, 111
Trd, 258949.650, 139
Trd, 258950.333, 136
Trd, 258950.350, 135
Trd, 258950.600, 137
Trd, 258950.733, 134
Trd, 258950.867, 121
Trd, 258951.083, 127
Trd, 258951.650, 140
Trd, 258951.750, 137
Trd, 258951.783, 127
Trd, 258951.850, 118
Trd, 258952.183, 140
Trd, 258952.217, 140
Trd, 258953.217, 117
Trd, 258953.317, 111
Trd, 258953.417, 110
Trd, 258953.550, 123
Trd, 258954.083, 101
Trd, 258954.133, 106
Trd, 258954.400, 98
Trd, 258954.417, 114
Trd, 258954.467, 123
Trd, 258954.600, 94
Trd, 258955.050, 139
Trd, 258955.533, 128
Trd, 258956.967, 140
Trd, 258957.133, 126
Trd, 258957.183, 126
Trd, 258957.283, 126
Trd, 258957.300, 118
Trd, 258957.400, 139
Trd, 258957.417, 120
Trd, 258958.050, 118
Trd, 258958.483, 138
Trd, 258958.817, 140
Trd, 258959.600, 135
Trd, 258959.633, 133
Trd, 258959.767, 119
Trd, 258960.250, 118
Trd, 258960.650, 137
Trd, 258960.833, 138
Trd, 258960.950, 122
Trd, 258961.217, 123
Trd, 258961.333, 116
Trd, 258961.500, 122
Trd, 258962.017, 136
Trd, 258962.483, 130
Trd, 258962.550, 129
Trd, 258962.733, 139
Trd, 258962.817, 140
Trd, 258962.900, 123
Trd, 258963.017, 110
Trd, 258963.583, 125
Trd, 258964.283, 133
Trd, 258964.317, 123
Trd, 258964.867, 139
Trd, 258965.150, 140
Trd, 258965.267, 137
Trd, 258965.350, 133
Trd, 258965.500, 129
Trd, 258966.017, 123
Trd, 258966.317, 116
Trd, 258966.583, 140
Trd, 258967.017, 120
Trd, 258967.100, 135
Trd, 258967.150, 118
Trd, 258967.233, 123
Trd, 258967.483, 140
Trd, 258968.300, 125
Trd, 258968.733, 140
Trd, 258968.767, 139
Trd, 258969.000, 139
Trd, 258969.050, 135
Trd, 258970.200, 139
Trd, 258970.267, 128
Trd, 258970.283, 113
Trd, 258970.367, 104
Trd, 258970.550, 104
Trd, 258970.917, 119
Trd, 258971.000, 96
Trd, 258971.067, 126
Trd, 258971.483, 122
Trd, 258971.583, 129
Trd, 258971.850, 114
Trd, 258972.133, 103
Trd, 258972.183, 130
Trd, 258972.667, 117
Trd, 258972.883, 133
Trd, 258973.517, 127
Trd, 258974.700, 140
Trd, 258974.833, 140
Trd, 258974.883, 140
Trd, 258974.933, 140
Trd, 258975.267, 140
Trd, 258975.600, 140
Trd, 258975.750, 139
Trd, 258976.750, 140
Trd, 258976.833, 138
Trd, 258976.983, 131
Trd, 258977.233, 140
Trd, 258977.250, 129
Trd, 258977.400, 127
Trd, 258977.517, 136
Trd, 258977.533, 124
Trd, 258978.217, 140
Trd, 258978.367, 139
Trd, 258978.950, 140
Trd, 258979.100, 139
Trd, 258979.833, 136
Trd, 258979.883, 129
Trd, 258979.900, 126
Trd, 258980.283, 127
Trd, 258981.083, 139
Trd, 258981.133, 138
Trd, 258981.517, 119
Trd, 258982.150, 140
Trd, 258982.333, 137
Trd, 258983.150, 140
Trd, 258983.333, 140
Trd, 258983.517, 140
Trd, 258983.767, 140
Trd, 258983.783, 139
Trd, 258984.667, 126
Trd, 258984.817, 118
Trd, 258985.550, 130
Trd, 258985.683, 127
Trd, 258985.733, 120
Trd, 258986.150, 138
Trd, 258986.317, 121
Trd, 258986.400, 138
Trd, 258987.517, 140
Trd, 258987.633, 137
Trd, 258987.800, 121
Trd, 258987.950, 120
Trd, 258988.400, 116
Trd, 258988.550, 120
Trd, 258988.617, 114
Trd, 258988.633, 109
Trd, 258988.783, 133
Trd, 258988.833, 124
Trd, 258989.167, 128
Trd, 258989.250, 114
Trd, 258989.567, 132
Trd, 258990.117, 122
Trd, 258990.633, 114
Trd, 258991.183, 134
Trd, 258991.367, 140
Trd, 258991.600, 140
Trd, 258992.033, 133
Trd, 258992.350, 123
Trd, 258992.550, 140
Trd, 258992.700, 118
Trd, 258993.050, 138
Trd, 258993.250, 137
Trd, 258993.483, 140
Trd, 258993.633, 133
Trd, 258993.683, 113
Trd, 258993.833, 112
Trd, 258993.983, 119
Trd, 258994.050, 100
Trd, 258994.283, 104
Trd, 258994.367, 125
Trd, 258994.950, 140
Trd, 258995.033, 122
Trd, 258995.267, 113
Trd, 258995.583, 107
Trd, 258996.117, 140
Trd, 258996.200, 129
Trd, 258996.300, 121
Trd, 258996.400, 121
Trd, 258996.433, 102
Trd, 258997.250, 127
Trd, 258997.283, 122
Trd, 258997.433, 121
Trd, 258997.517, 115
Trd, 258997.967, 105
Trd, 258998.000, 104
Trd, 258998.217, 98
Trd, 258998.250, 113
Trd, 258998.583, 134
Trd, 258998.933, 129
Trd, 258999.133, 121
Trd, 258999.250, 117
Trd, 258999.867, 105
Trd, 259000.083, 107
Trd, 259000.500, 99
Trd, 259000.533, 91
Trd, 259001.083, 118
Trd, 259001.383, 123
Trd, 259001.533, 140
Trd, 259001.733, 124
Trd, 259002.017, 136
Trd, 259002.100, 129
Trd, 259002.317, 119
Trd, 259002.400, 110
Trd, 259003.217, 137
Trd, 259003.417, 133
Trd, 259003.517, 132
Trd, 259003.750, 135
Trd, 259003.900, 134
Trd, 259003.983, 115
Trd, 259004.067, 107
Trd, 259004.233, 108
Trd, 259004.400, 93
Trd, 259004.550, 108
Trd, 259004.633, 89
Trd, 259004.983, 119
Trd, 259005.183, 106
Trd, 259005.233, 103
Trd, 259005.467, 92
Trd, 259005.567, 86
Trd, 259005.650, 103
Trd, 259005.667, 110
Trd, 259006.550, 71
Trd, 259006.983, 106
Trd, 259007.017, 95
Trd, 259007.800, 98
Trd, 259008.050, 99
Trd, 259008.200, 99
Trd, 259008.283, 106
Trd, 259008.350, 109
Trd, 259008.800, 71
Trd, 259009.183, 81
Trd, 259009.333, 98
Trd, 259009.683, 99
Trd, 259009.700, 114
Trd, 259009.800, 127
Trd, 259010.200, 134
Trd, 259010.317, 132
Trd, 259010.783, 136
Trd, 259010.833, 125
Trd, 259010.850, 140
Trd, 259011.067, 120
Trd, 259011.283, 128
Trd, 259011.483, 109
Trd, 259011.633, 116
Trd, 259011.833, 124
Trd, 259011.900, 109
Trd, 259012.167, 108
Trd, 259012.250, 135
Trd, 259012.500, 140
Trd, 259012.750, 139
Trd, 259012.950, 122
Trd, 259013.117, 118
Trd, 259013.167, 114
Trd, 259013.267, 108
Trd, 259013.600, 117
Trd, 259013.717, 101
Trd, 259014.050, 117
Trd, 259014.200, 105
Trd, 259014.800, 129
Trd, 259015.067, 111
Trd, 259015.500, 131
Trd, 259015.817, 119
Trd, 259016.150, 140
Trd, 259016.917, 139
Trd, 259016.933, 138
Trd, 259017.350, 140
Trd, 259017.400, 137
Trd, 259017.883, 138
Trd, 259018.100, 130
Trd, 259018.233, 129
Trd, 259018.850, 116
Trd, 259019.050, 118
Trd, 259019.100, 115
Trd, 259019.900, 118
Trd, 259020.267, 119
Trd, 259020.317, 129
Trd, 259020.550, 140
Trd, 259020.583, 138
Trd, 259020.817, 134
Trd, 259021.567, 135
Trd, 259021.783, 134
Trd, 259021.967, 133
Trd, 259022.550, 128
Trd, 259022.617, 119
Trd, 259022.833, 138
Trd, 259022.933, 117
Trd, 259023.200, 118
Trd, 259023.817, 130
Trd, 259023.933, 119
Trd, 259024.400, 122
Trd, 259024.550, 115
Trd, 259024.783, 107
Trd, 259024.933, 133
Trd, 259024.983, 99
Trd, 259025.350, 114
Trd, 259025.683, 140
Trd, 259025.717, 139
Trd, 259025.967, 127
Trd, 259027.017, 121
Trd, 259027.167, 109
Trd, 259027.233, 124
Trd, 259027.383, 112
Trd, 259027.467, 110
Trd, 259027.633, 119
Trd, 259028.083, 125
Trd, 259028.567, 140
Trd, 259028.750, 137
Trd, 259028.817, 122
Trd, 259029.250, 108
Trd, 259029.433, 127
Trd, 259029.717, 103
Trd, 259029.783, 111
Trd, 259029.833, 108
Trd, 259029.867, 133
Trd, 259030.050, 112
Trd, 259030.400, 106
Trd, 259030.433, 134
Trd, 259030.617, 113
Trd, 259030.800, 104
Trd, 259030.983, 94
Trd, 259031.767, 91
Trd, 259032.117, 90
Trd, 259032.150, 93
Trd, 259032.167, 101
Trd, 259032.283, 105
Trd, 259032.400, 103
Trd, 259032.600, 109
Trd, 259032.633, 99
Trd, 259032.800, 114
Trd, 259033.367, 102
Trd, 259033.417, 118
Trd, 259033.800, 139
Trd, 259034.033, 124
Trd, 259034.150, 123
Trd, 259034.317, 139
Trd, 259034.917, 110
Trd, 259035.200, 121
Trd, 259035.483, 124
Trd, 259035.583, 131
Trd, 259036.417, 139
Trd, 259036.650, 140
Trd, 259037.367, 140
Trd, 259037.883, 131
Trd, 259037.917, 130
Trd, 259038.483, 123
Trd, 259038.533, 113
Trd, 259038.667, 116
Trd, 259038.683, 112
Trd, 259039.000, 108
Trd, 259039.333, 121
Trd, 259039.533, 140
Trd, 259039.550, 119
Trd, 259039.617, 98
Trd, 259039.867, 140
Trd, 259040.450, 140
Trd, 259040.567, 138
Trd, 259040.717, 136
Trd, 259040.900, 120
Trd, 259040.983, 139
Trd, 259041.450, 140
Trd, 259041.650, 109
Trd, 259042.067, 103
Trd, 259042.183, 127
Trd, 259042.250, 97
Trd, 259042.367, 116
Trd, 259042.983, 111
Trd, 259043.550, 132
Trd, 259043.717, 130
Trd, 259044.283, 138
Trd, 259044.317, 137
Trd, 259044.483, 137
Trd, 259044.800, 139
Trd, 259044.967, 135
Trd, 259045.067, 123
Trd, 259045.083, 122
Trd, 259045.200, 115
Trd, 259045.817, 126
Trd, 259045.950, 105
Trd, 259046.600, 136
Trd, 259046.633, 129
Trd, 259046.950, 115
Trd, 259046.967, 113
Trd, 259047.000, 110
Trd, 259047.050, 102
Trd, 259047.350, 122
Trd, 259048.783, 140
Trd, 259049.017, 140
Trd, 259049.117, 138
Trd, 259049.183, 139
Trd, 259049.200, 138
Trd, 259049.950, 140
Trd, 259049.967, 137
Trd, 259051.017, 132
Trd, 259051.317, 128
Trd, 259051.433, 117
Trd, 259052.000, 100
Trd, 259052.317, 103
Trd, 259052.400, 115
Trd, 259052.683, 117
Trd, 259052.850, 125
Trd, 259053.383, 120
Trd, 259053.567, 118
Trd, 259053.667, 116
Trd, 259053.750, 126
Trd, 259054.283, 131
Trd, 259054.383, 123
Trd, 259054.483, 105
Trd, 259054.817, 128
Trd, 259054.850, 132
Trd, 259055.133, 123
Trd, 259055.183, 122
Trd, 259055.217, 104
Trd, 259055.583, 132
Trd, 259055.783, 111
Trd, 259056.083, 138
Trd, 259056.383, 138
Trd, 259057.333, 140
Trd, 259057.383, 138
Trd, 259058.017, 140
Trd, 259058.050, 139
Trd, 259058.483, 137
Trd, 259058.550, 121
Trd, 259058.633, 117
Trd, 259059.050, 139
Trd, 259059.483, 138
Trd, 259060.433, 140
Trd, 259060.483, 137
Trd, 259060.667, 133
Trd, 259061.150, 128
Trd, 259061.383, 132
Trd, 259061.817, 118
Trd, 259061.900, 107
Trd, 259061.917, 136
Trd, 259062.167, 99
Trd, 259062.250, 97
Trd, 259062.617, 131
Trd, 259062.717, 126
Trd, 259062.783, 119
Trd, 259062.900, 102
Trd, 259063.017, 112
Trd, 259063.900, 140
Trd, 259064.367, 140
Trd, 259064.700, 140
Trd, 259064.750, 140
Trd, 259064.917, 139
Trd, 259064.950, 136
Trd, 259065.333, 139
Trd, 259065.350, 131
Trd, 259065.783, 134
Trd, 259065.800, 130
Trd, 259065.817, 127
Trd, 259065.983, 119
Trd, 259066.067, 119
Trd, 259066.417, 119
Trd, 259067.083, 140
Trd, 259067.567, 140
Trd, 259067.617, 104
Trd, 259068.450, 113
Trd, 259068.467, 132
Trd, 259068.517, 110
Trd, 259068.567, 135
Trd, 259068.650, 140
Trd, 259068.933, 128
Trd, 259069.200, 138
Trd, 259069.483, 128
Trd, 259069.700, 125
Trd, 259069.967, 134
Trd, 259070.233, 122
Trd, 259070.633, 122
Trd, 259070.933, 118
Trd, 259071.050, 111
Trd, 259071.383, 128
Trd, 259071.500, 103
Trd, 259071.567, 101
Trd, 259071.750, 95
Trd, 259072.317, 111
Trd, 259072.650, 100
Trd, 259072.683, 116
Trd, 259072.767, 99
Trd, 259072.833, 99
Trd, 259073.467, 125
Trd, 259073.550, 126
Trd, 259073.683, 132
Trd, 259073.700, 137
Trd, 259074.317, 140
Trd, 259074.683, 140
Trd, 259074.733, 139
Trd, 259075.133, 139
Trd, 259075.183, 129
Trd, 259075.217, 129
Trd, 259075.833, 133
Trd, 259076.083, 139
Trd, 259076.100, 122
Trd, 259076.183, 112
Trd, 259076.867, 131
Trd, 259077.083, 136
Trd, 259077.817, 140
Trd, 259077.950, 140
Trd, 259078.000, 128
Trd, 259078.217, 128
Trd, 259078.283, 135
Trd, 259078.350, 127
Trd, 259078.883, 134
Trd, 259079.017, 126
Trd, 259079.100, 123
Trd, 259079.183, 119
Trd, 259079.483, 110
Trd, 259079.967, 140
Trd, 259080.033, 107
Trd, 259080.183, 97
Trd, 259080.250, 89
Trd, 259080.500, 103
Trd, 259080.767, 89
Trd, 259081.233, 116
Trd, 259081.467, 97
Trd, 259081.917, 109
Trd, 259081.983, 114
Trd, 259082.167, 140
Trd, 259082.317, 140
Trd, 259082.367, 137
Trd, 259082.400, 100
Trd, 259082.700, 94
Trd, 259083.117, 96
Trd, 259083.133, 102
Trd, 259084.033, 121
Trd, 259084.050, 125
Trd, 259084.250, 120
Trd, 259084.600, 110
Trd, 259084.733, 109
Trd, 259084.917, 106
Trd, 259085.417, 126
Trd, 259085.483, 93
Trd, 259085.500, 138
Trd, 259085.583, 100
Trd, 259085.867, 130
Trd, 259086.017, 121
Trd, 259086.033, 120
Trd, 259086.050, 119
Trd, 259086.617, 140
Trd, 259086.700, 138
Trd, 259086.767, 120
Trd, 259087.033, 140
Trd, 259087.750, 139
Trd, 259087.867, 139
Trd, 259088.067, 138
Trd, 259088.433, 132
Trd, 259088.533, 131
Trd, 259088.683, 123
Trd, 259088.883, 117
Trd, 259090.250, 137
Trd, 259090.667, 140
Trd, 259090.767, 140
Trd, 259091.133, 140
Trd, 259091.183, 129
Trd, 259091.517, 124
Trd, 259091.983, 134
Trd, 259092.017, 133
Trd, 259092.183, 132
Trd, 259092.533, 117
Trd, 259092.783, 127
Trd, 259092.800, 124
Trd, 259092.833, 131
Trd, 259093.017, 117
Trd, 259093.233, 132
Trd, 259093.433, 138
Trd, 259093.867, 120
Trd, 259093.983, 115
Trd, 259094.050, 136
Trd, 259094.217, 113
Trd, 259094.750, 127
Trd, 259094.817, 110
Trd, 259095.117, 111
Trd, 259096.717, 140
Trd, 259096.933, 140
Trd, 259097.733, 140
Trd, 259097.833, 140
Trd, 259098.200, 140
Trd, 259099.133, 140
Trd, 259099.650, 140
Trd, 259099.783, 137
Trd, 259100.033, 135
Trd, 259100.100, 130
Trd, 259100.150, 127
Trd, 259100.233, 127
Trd, 259100.500, 111
Trd, 259100.800, 104
Trd, 259100.817, 114
Trd, 259100.917, 134
Trd, 259101.167, 114
Trd, 259101.317, 102
Trd, 259101.550, 108
Trd, 259101.750, 126
Trd, 259101.817, 127
Trd, 259102.000, 100
Trd, 259102.200, 131
Trd, 259102.517, 95
Trd, 259102.783, 100
Trd, 259102.850, 111
Trd, 259103.267, 132
Trd, 259103.467, 133
Trd, 259103.600, 131
Trd, 259103.650, 126
Trd, 259104.650, 116
Trd, 259104.717, 115
Trd, 259105.283, 99
Trd, 259105.367, 102
Trd, 259105.450, 94
Trd, 259105.850, 102
Trd, 259106.250, 120
Trd, 259106.367, 95
Trd, 259106.517, 87
Trd, 259106.617, 86
Trd, 259107.000, 87
Trd, 259107.083, 129
Trd, 259107.233, 126
Trd, 259107.483, 129
Trd, 259107.533, 121
Trd, 259107.967, 135
Trd, 259108.000, 114
Trd, 259108.050, 103
Trd, 259108.617, 126
Trd, 259108.933, 140
Trd, 259108.983, 129
Trd, 259109.067, 119
Trd, 259109.167, 113
Trd, 259109.383, 104
Trd, 259109.600, 103
Trd, 259109.833, 104
Trd, 259110.200, 140
Trd, 259110.600, 115
Trd, 259110.833, 131
Trd, 259111.083, 136
Trd, 259111.583, 138
Trd, 259112.367, 134
Trd, 259112.417, 124
Trd, 259113.317, 128
Trd, 259113.333, 127
Trd, 259113.717, 138
Trd, 259113.750, 135
Trd, 259113.933, 121
Trd, 259114.050, 115
Trd, 259114.100, 108
Trd, 259114.200, 114
Trd, 259114.617, 136
Trd, 259114.800, 121
Trd, 259114.950, 128
Trd, 259115.500, 132
Trd, 259115.567, 114
Trd, 259116.000, 138
Trd, 259116.600, 140
Trd, 259116.717, 130
Trd, 259116.783, 109
Trd, 259117.033, 131
Trd, 259117.150, 132
Trd, 259117.267, 82
Trd, 259117.800, 116
Trd, 259117.917, 77
Trd, 259118.117, 86
Trd, 259118.417, 140
Trd, 259119.083, 127
Trd, 259119.333, 112
Trd, 259119.683, 114
Trd, 259119.983, 126
Trd, 259120.067, 113
Trd, 259120.133, 111
Trd, 259120.250, 118
Trd, 259120.483, 134
Trd, 259120.800, 129
Trd, 259121.300, 123
Trd, 259121.333, 122
Trd, 259121.650, 117
Trd, 259121.867, 124
Trd, 259121.950, 114
Trd, 259121.967, 112
Trd, 259122.867, 139
Trd, 259123.233, 120
Trd, 259123.400, 123
Trd, 259123.567, 139
Trd, 259123.950, 122
Trd, 259124.050, 117
Trd, 259124.167, 115
Trd, 259124.267, 128
Trd, 259124.650, 130
Trd, 259125.017, 139
Trd, 259125.233, 136
Trd, 259125.583, 118
Trd, 259125.717, 107
Trd, 259126.050, 120
Trd, 259126.100, 117
Trd, 259126.517, 132
Trd, 259126.850, 139
Trd, 259126.967, 140
Trd, 259127.100, 134
Trd, 259127.283, 115
Trd, 259127.533, 140
Trd, 259128.067, 140
Trd, 259128.167, 126
Trd, 259129.067, 140
Trd, 259130.367, 140
Trd, 259130.467, 140
Trd, 259130.500, 140
Trd, 259130.600, 140
Trd, 259131.167, 140
Trd, 259131.250, 140
Trd, 259131.367, 140
Trd, 259131.383, 138
Trd, 259131.500, 129
Trd, 259132.033, 139
Trd, 259132.083, 124
Trd, 259132.483, 119
Trd, 259132.533, 110
Trd, 259133.000, 140
Trd, 259133.017, 139
Trd, 259133.167, 119
Trd, 259133.350, 108
Trd, 259134.433, 116
Trd, 259134.450, 117
Trd, 259135.067, 140
Trd, 259135.550, 140
Trd, 259135.717, 140
Trd, 259136.017, 140
Trd, 259136.250, 139
Trd, 259136.783, 127
Trd, 259137.517, 120
Trd, 259137.633, 119
Trd, 259137.667, 118
Trd, 259137.933, 135
Trd, 259138.083, 134
Trd, 259138.550, 129
Trd, 259138.700, 119
Trd, 259139.600, 127
Trd, 259139.883, 140
Trd, 259139.950, 139
Trd, 259140.417, 140
Trd, 259140.583, 140
Trd, 259140.750, 134
Trd, 259141.000, 140
Trd, 259141.133, 138
Trd, 259141.250, 140
Trd, 259141.833, 126
Trd, 259141.933, 138
Trd, 259142.267, 128
Trd, 259143.033, 139
Trd, 259143.433, 137
Trd, 259143.833, 139
Trd, 259143.850, 128
Trd, 259144.083, 133
Trd, 259144.567, 128
Trd, 259144.667, 120
Trd, 259144.983, 139
Trd, 259145.050, 119
Trd, 259145.083, 116
Trd, 259145.667, 140
Trd, 259145.717, 110
Trd, 259145.800, 107
Trd, 259145.850, 129
Trd, 259146.033, 137
Trd, 259146.500, 117
Trd, 259146.650, 116
Trd, 259148.050, 135
Trd, 259148.350, 135
Trd, 259148.633, 134
Trd, 259148.767, 132
Trd, 259148.933, 136
Trd, 259149.267, 133
Trd, 259149.467, 116
Trd, 259149.517, 137
Trd, 259149.567, 108
Trd, 259149.833, 118
Trd, 259150.300, 140
Trd, 259150.667, 136
Trd, 259150.700, 112
Trd, 259151.117, 127
Trd, 259151.183, 122
Trd, 259151.367, 115
Trd, 259151.433, 132
Trd, 259151.600, 132
Trd, 259152.383, 110
Trd, 259152.533, 105
Trd, 259152.733, 98
Trd, 259152.850, 91
Trd, 259153.000, 129
Trd, 259153.100, 111
Trd, 259153.267, 89
Trd, 259153.650, 80
Trd, 259154.067, 86
Trd, 259154.133, 87
Trd, 259154.317, 88
Trd, 259154.633, 107
Trd, 259154.800, 104
Trd, 259154.917, 113
Trd, 259154.983, 79
Trd, 259155.017, 114
Trd, 259155.483, 104
Trd, 259155.600, 115
Trd, 259155.867, 119
Trd, 259156.100, 120
Trd, 259156.150, 123
Trd, 259156.333, 127
Trd, 259156.367, 116
Trd, 259156.383, 115
Trd, 259156.983, 125
Trd, 259157.350, 124
Trd, 259158.067, 139
Trd, 259158.183, 121
Trd, 259158.283, 120
Trd, 259158.450, 129
Trd, 259158.983, 132
Trd, 259159.267, 131
Trd, 259159.417, 119
Trd, 259159.717, 118
Trd, 259160.433, 135
Trd, 259160.550, 116
Trd, 259160.833, 113
Trd, 259161.433, 131
Trd, 259161.500, 127
Trd, 259161.833, 136
Trd, 259161.867, 124
Trd, 259162.000, 116
Trd, 259162.233, 124
Trd, 259162.650, 116
Trd, 259162.900, 113
Trd, 259163.300, 108
Trd, 259163.467, 116
Trd, 259163.483, 97
Trd, 259163.617, 117
Trd, 259163.750, 117
Trd, 259163.800, 95
Trd, 259163.867, 127
Trd, 259163.967, 104
Trd, 259164.300, 99
Trd, 259164.883, 106
Trd, 259165.050, 97
Trd, 259165.100, 110
Trd, 259165.800, 113
Trd, 259166.133, 139
Trd, 259166.200, 125
Trd, 259166.350, 125
Trd, 259166.400, 138
Trd, 259166.767, 137
Trd, 259166.800, 122
Trd, 259167.383, 140
Trd, 259167.567, 140
Trd, 259168.233, 140
Trd, 259168.283, 138
Trd, 259168.633, 139
Trd, 259168.883, 139
Trd, 259169.250, 137
Trd, 259169.317, 136
Trd, 259169.333, 128
Trd, 259169.917, 125
Trd, 259170.083, 133
Trd, 259170.600, 114
Trd, 259170.717, 114
Trd, 259170.817, 113
Trd, 259171.050, 109
Trd, 259171.283, 127
Trd, 259172.217, 131
Trd, 259172.483, 140
Trd, 259172.617, 124
Trd, 259172.850, 117
Trd, 259173.183, 140
Trd, 259173.383, 139
Trd, 259173.433, 125
Trd, 259173.483, 119
Trd, 259173.533, 111
Trd, 259173.667, 116
Trd, 259173.967, 140
Trd, 259174.067, 134
Trd, 259174.300, 122
Trd, 259174.717, 105
Trd, 259174.817, 85
Trd, 259174.883, 87
Trd, 259175.733, 127
Trd, 259175.817, 122
Trd, 259176.000, 138
Trd, 259176.300, 121
Trd, 259176.317, 120
Trd, 259176.650, 122
Trd, 259176.783, 137
Trd, 259176.883, 130
Trd, 259177.350, 124
Trd, 259177.500, 119
Trd, 259177.967, 140
Trd, 259178.417, 130
Trd, 259178.933, 135
Trd, 259179.350, 137
Trd, 259179.950, 131
Trd, 259180.217, 137
Trd, 259180.367, 131
Trd, 259180.483, 126
Trd, 259180.933, 140
Trd, 259181.167, 139
Trd, 259181.550, 138
Trd, 259181.800, 131
Trd, 259181.933, 122
Trd, 259181.983, 113
Trd, 259182.017, 112
Trd, 259182.300, 112
Trd, 259182.567, 113
Trd, 259182.783, 105
Trd, 259182.950, 104
Trd, 259183.400, 102
Trd, 259183.733, 124
Trd, 259184.133, 125
Trd, 259184.200, 106
Trd, 259184.450, 124
Trd, 259184.717, 110
Trd, 259184.750, 121
Trd, 259184.800, 125
Trd, 259185.000, 105
Trd, 259185.367, 136
Trd, 259185.650, 136
Trd, 259186.117, 117
Trd, 259186.433, 95
Trd, 259186.550, 109
Trd, 259186.567, 89
Trd, 259186.583, 88
Trd, 259187.067, 116
Trd, 259187.217, 130
Trd, 259187.767, 131
Trd, 259187.950, 133
Trd, 259188.000, 130
Trd, 259188.617, 127
Trd, 259188.650, 105
Trd, 259189.133, 122
Trd, 259189.400, 132
Trd, 259189.417, 123
Trd, 259189.783, 114
Trd, 259190.000, 105
Trd, 259190.467, 116
Trd, 259190.883, 133
Trd, 259190.933, 135
Trd, 259191.050, 114
Trd, 259191.450, 113
Trd, 259191.633, 130
Trd, 259191.883, 119
Trd, 259192.583, 114
Trd, 259192.650, 105
Trd, 259192.733, 131
Trd, 259192.783, 110
Trd, 259193.283, 119
Trd, 259193.583, 117
Trd, 259193.617, 135
Trd, 259193.633, 105
Trd, 259193.667, 89
Trd, 259194.483, 99
Trd, 259194.767, 132
Trd, 259194.833, 109
Trd, 259195.200, 135
Trd, 259195.400, 134
Trd, 259195.783, 102
Trd, 259196.083, 98
Trd, 259196.300, 118
Trd, 259196.433, 102
Trd, 259196.450, 121
Trd, 259196.533, 123
Trd, 259196.617, 125
Trd, 259197.033, 126
Trd, 259197.700, 122
Trd, 259197.733, 122
Trd, 259197.917, 122
Trd, 259198.567, 130
Trd, 259198.933, 123
Trd, 259199.133, 136
Trd, 259199.433, 140
