Trd, 258602.700, 110
Trd, 258602.750, 104
Trd, 258602.917, 102
Trd, 258602.950, 101
Trd, 258603.017, 88
Trd, 258603.683, 139
Trd, 258604.117, 139
Trd, 258604.133, 138
Trd, 258604.533, 138
Trd, 258604.583, 137
Trd, 258604.717, 123
Trd, 258604.767, 109
Trd, 258605.150, 105
Trd, 258605.267, 111
Trd, 258605.933, 140
Trd, 258606.083, 140
Trd, 258606.250, 140
Trd, 258606.500, 140
Trd, 258606.633, 140
Trd, 258606.900, 140
Trd, 258607.067, 140
Trd, 258607.517, 140
Trd, 258607.533, 140
Trd, 258607.583, 140
Trd, 258607.767, 137
Trd, 258608.000, 106
Trd, 258608.033, 105
Trd, 258608.100, 89
Trd, 258608.617, 140
Trd, 258608.650, 139
Trd, 258608.833, 112
Trd, 258608.883, 85
Trd, 258609.167, 93
Trd, 258609.283, 77
Trd, 258609.400, 135
Trd, 258609.600, 133
Trd, 258609.783, 117
Trd, 258610.050, 135
Trd, 258610.117, 93
Trd, 258610.150, 94
Trd, 258610.233, 138
Trd, 258610.500, 133
Trd, 258611.500, 140
Trd, 258611.883, 140
Trd, 258612.067, 140
Trd, 258612.433, 140
Trd, 258612.900, 139
Trd, 258612.917, 125
Trd, 258613.217, 125
Trd, 258613.233, 139
Trd, 258613.417, 140
Trd, 258613.467, 140
Trd, 258613.700, 130
Trd, 258613.800, 110
Trd, 258613.833, 109
Trd, 258613.950, 124
Trd, 258613.983, 109
Trd, 258614.100, 111
Trd, 258614.217, 110
Trd, 258614.383, 115
Trd, 258615.400, 140
Trd, 258615.833, 140
Trd, 258616.000, 140
Trd, 258616.033, 140
Trd, 258616.067, 140
Trd, 258616.183, 130
Trd, 258617.100, 136
Trd, 258617.200, 106
Trd, 258617.400, 102
Trd, 258617.483, 101
Trd, 258617.550, 94
Trd, 258617.567, 81
Trd, 258617.800, 79
Trd, 258618.183, 112
Trd, 258618.200, 77
Trd, 258618.317, 91
Trd, 258618.367, 66
Trd, 258618.583, 133
Trd, 258618.750, 131
Trd, 258618.967, 135
Trd, 258619.167, 122
Trd, 258619.617, 62
Trd, 258619.867, 64
Trd, 258620.517, 60
Trd, 258620.767, 61
Trd, 258620.800, 62
Trd, 258621.083, 62
Trd, 258621.333, 64
Trd, 258621.683, 66
Trd, 258622.067, 66
Trd, 258622.200, 66
Trd, 258622.217, 65
Trd, 258622.350, 62
Trd, 258622.417, 61
Trd, 258622.783, 68
Trd, 258622.833, 71
Trd, 258622.983, 63
Trd, 258623.200, 71
Trd, 258623.283, 72
Trd, 258623.350, 73
Trd, 258623.517, 105
Trd, 258623.550, 85
Trd, 258623.583, 84
Trd, 258623.967, 60
Trd, 258624.667, 61
Trd, 258624.683, 61
Trd, 258624.817, 61
Trd, 258625.317, 60
Trd, 258625.367, 61
Trd, 258625.517, 61
Trd, 258625.767, 66
Trd, 258625.867, 64
Trd, 258626.050, 87
Trd, 258626.467, 67
Trd, 258626.650, 84
Trd, 258626.683, 62
Trd, 258626.817, 137
Trd, 258626.933, 114
Trd, 258626.983, 97
Trd, 258627.050, 140
Trd, 258627.417, 65
Trd, 258627.600, 64
Trd, 258627.667, 64
Trd, 258627.917, 64
Trd, 258627.933, 63
Trd, 258627.967, 65
Trd, 258627.983, 61
Trd, 258628.283, 66
Trd, 258628.667, 87
Trd, 258629.217, 66
Trd, 258630.133, 134
Trd, 258630.150, 135
Trd, 258630.517, 140
Trd, 258630.583, 140
Trd, 258630.600, 140
Trd, 258630.650, 140
Trd, 258630.733, 140
Trd, 258630.767, 129
Trd, 258630.800, 110
Trd, 258630.900, 109
Trd, 258630.917, 72
Trd, 258631.233, 112
Trd, 258631.783, 61
Trd, 258631.817, 72
Trd, 258631.850, 60
Trd, 258632.483, 100
Trd, 258632.500, 99
Trd, 258632.750, 118
Trd, 258633.217, 139
Trd, 258633.417, 137
Trd, 258633.450, 105
Trd, 258633.700, 108
Trd, 258634.200, 94
Trd, 258634.350, 110
Trd, 258634.417, 139
Trd, 258634.467, 92
Trd, 258634.583, 80
Trd, 258634.900, 75
Trd, 258635.100, 140
Trd, 258635.300, 73
Trd, 258635.750, 63
Trd, 258635.783, 63
Trd, 258635.933, 64
Trd, 258636.017, 61
Trd, 258636.200, 70
Trd, 258636.383, 71
Trd, 258636.433, 66
Trd, 258636.483, 73
Trd, 258636.883, 80
Trd, 258637.067, 99
Trd, 258637.133, 80
Trd, 258637.150, 114
Trd, 258637.367, 68
Trd, 258637.450, 69
Trd, 258637.667, 97
Trd, 258637.950, 68
Trd, 258638.050, 95
Trd, 258638.183, 87
Trd, 258638.433, 87
Trd, 258638.783, 140
Trd, 258639.583, 139
Trd, 258639.633, 124
Trd, 258639.783, 89
Trd, 258640.267, 140
Trd, 258640.617, 140
Trd, 258641.150, 140
Trd, 258641.267, 140
Trd, 258641.600, 140
Trd, 258641.983, 140
Trd, 258642.133, 140
Trd, 258642.233, 115
Trd, 258642.467, 112
Trd, 258642.500, 111
Trd, 258642.933, 105
Trd, 258643.100, 140
Trd, 258643.283, 139
Trd, 258643.333, 138
Trd, 258643.600, 140
Trd, 258643.667, 106
Trd, 258643.967, 78
Trd, 258644.167, 73
Trd, 258644.183, 72
Trd, 258644.250, 70
Trd, 258644.783, 108
Trd, 258644.883, 107
Trd, 258645.017, 63
Trd, 258645.233, 140
Trd, 258645.283, 139
Trd, 258645.767, 129
Trd, 258646.050, 128
Trd, 258646.367, 116
Trd, 258646.650, 128
Trd, 258646.833, 117
Trd, 258646.983, 117
Trd, 258647.017, 116
Trd, 258647.283, 127
Trd, 258647.300, 129
Trd, 258647.800, 116
Trd, 258647.833, 107
Trd, 258648.000, 140
Trd, 258648.183, 140
Trd, 258648.217, 140
Trd, 258648.233, 140
Trd, 258648.317, 137
Trd, 258648.367, 123
Trd, 258648.483, 100
Trd, 258648.800, 97
Trd, 258648.867, 96
Trd, 258649.483, 140
Trd, 258649.717, 140
Trd, 258649.833, 140
Trd, 258650.350, 140
Trd, 258650.650, 134
Trd, 258650.700, 140
Trd, 258650.733, 124
Trd, 258651.333, 139
Trd, 258651.467, 140
Trd, 258651.550, 133
Trd, 258651.967, 133
Trd, 258652.133, 134
Trd, 258652.183, 133
Trd, 258652.200, 132
Trd, 258652.250, 130
Trd, 258652.317, 130
Trd, 258652.333, 124
Trd, 258652.650, 133
Trd, 258652.700, 119
Trd, 258652.750, 127
Trd, 258652.933, 134
Trd, 258653.267, 118
Trd, 258653.583, 109
Trd, 258653.600, 91
Trd, 258653.750, 107
Trd, 258654.783, 120
Trd, 258654.817, 108
Trd, 258654.883, 98
Trd, 258654.983, 75
Trd, 258655.083, 74
Trd, 258655.400, 72
Trd, 258655.483, 105
Trd, 258655.817, 109
Trd, 258656.283, 129
Trd, 258656.600, 91
Trd, 258656.717, 83
Trd, 258656.867, 140
Trd, 258657.067, 99
Trd, 258657.667, 100
Trd, 258657.800, 89
Trd, 258657.850, 88
Trd, 258658.000, 106
Trd, 258658.117, 94
Trd, 258658.133, 107
Trd, 258658.250, 108
Trd, 258658.300, 109
Trd, 258658.350, 87
Trd, 258658.550, 85
Trd, 258658.733, 104
Trd, 258658.750, 116
Trd, 258658.817, 82
Trd, 258659.133, 133
Trd, 258659.150, 101
Trd, 258659.283, 124
Trd, 258659.467, 140
Trd, 258659.533, 81
Trd, 258659.733, 80
Trd, 258659.867, 130
Trd, 258659.917, 117
Trd, 258659.967, 79
Trd, 258660.217, 140
Trd, 258660.350, 67
Trd, 258660.517, 61
Trd, 258660.567, 62
Trd, 258661.200, 89
Trd, 258661.700, 140
Trd, 258662.033, 140
Trd, 258662.317, 140
Trd, 258662.783, 140
Trd, 258662.867, 140
Trd, 258662.900, 139
Trd, 258663.317, 110
Trd, 258663.750, 140
Trd, 258664.267, 140
Trd, 258664.283, 139
Trd, 258664.800, 139
Trd, 258664.950, 140
Trd, 258664.983, 139
Trd, 258665.150, 124
Trd, 258665.233, 121
Trd, 258665.433, 117
Trd, 258665.817, 140
Trd, 258666.283, 140
Trd, 258666.367, 140
Trd, 258666.683, 140
Trd, 258666.750, 140
Trd, 258666.900, 140
Trd, 258666.917, 139
Trd, 258667.217, 139
Trd, 258667.433, 136
Trd, 258667.700, 132
Trd, 258667.867, 130
Trd, 258667.950, 128
Trd, 258668.000, 140
Trd, 258668.167, 111
Trd, 258668.283, 110
Trd, 258668.433, 117
Trd, 258668.683, 137
Trd, 258669.000, 140
Trd, 258669.367, 128
Trd, 258669.383, 106
Trd, 258669.833, 116
Trd, 258669.883, 102
Trd, 258669.917, 138
Trd, 258670.167, 138
Trd, 258670.283, 133
Trd, 258670.800, 139
Trd, 258670.883, 137
Trd, 258671.183, 135
Trd, 258671.350, 116
Trd, 258671.367, 114
Trd, 258671.933, 129
Trd, 258672.000, 138
Trd, 258672.133, 139
Trd, 258672.300, 119
Trd, 258672.400, 113
Trd, 258672.650, 112
Trd, 258672.667, 106
Trd, 258672.683, 99
Trd, 258672.967, 85
Trd, 258672.983, 84
Trd, 258673.067, 74
Trd, 258673.800, 140
Trd, 258673.867, 140
Trd, 258674.050, 140
Trd, 258674.350, 140
Trd, 258674.383, 139
Trd, 258674.450, 121
Trd, 258674.933, 105
Trd, 258675.300, 103
Trd, 258675.450, 100
Trd, 258675.667, 101
Trd, 258675.683, 102
Trd, 258675.950, 99
Trd, 258676.717, 140
Trd, 258676.783, 140
Trd, 258676.933, 140
Trd, 258676.950, 140
Trd, 258676.967, 140
Trd, 258677.050, 138
Trd, 258677.967, 140
Trd, 258678.033, 140
Trd, 258678.050, 139
Trd, 258678.167, 137
Trd, 258678.183, 135
Trd, 258678.850, 136
Trd, 258679.083, 136
Trd, 258679.233, 136
Trd, 258679.817, 139
Trd, 258679.833, 136
Trd, 258679.900, 124
Trd, 258680.067, 121
Trd, 258680.150, 118
Trd, 258680.367, 116
Trd, 258680.583, 140
Trd, 258681.283, 140
Trd, 258681.400, 140
Trd, 258681.467, 140
Trd, 258681.483, 139
Trd, 258681.500, 132
Trd, 258681.633, 131
Trd, 258681.667, 114
Trd, 258681.733, 138
Trd, 258682.050, 139
Trd, 258682.433, 129
Trd, 258682.600, 138
Trd, 258682.650, 116
Trd, 258682.833, 114
Trd, 258683.100, 115
Trd, 258683.250, 105
Trd, 258683.367, 105
Trd, 258683.717, 114
Trd, 258683.733, 95
Trd, 258683.750, 136
Trd, 258684.483, 106
Trd, 258684.617, 85
Trd, 258685.467, 85
Trd, 258685.483, 84
Trd, 258685.500, 80
Trd, 258686.050, 139
Trd, 258686.417, 140
Trd, 258686.633, 140
Trd, 258686.817, 111
Trd, 258686.883, 102
Trd, 258687.250, 137
Trd, 258687.283, 136
Trd, 258687.433, 136
Trd, 258687.617, 116
Trd, 258687.733, 115
Trd, 258687.900, 96
Trd, 258688.167, 85
Trd, 258688.200, 84
Trd, 258688.350, 129
Trd, 258688.417, 125
Trd, 258688.683, 80
Trd, 258688.867, 98
Trd, 258688.933, 128
Trd, 258689.100, 70
Trd, 258689.500, 65
Trd, 258689.700, 70
Trd, 258689.917, 71
Trd, 258689.933, 64
Trd, 258690.367, 74
Trd, 258690.383, 73
Trd, 258690.433, 131
Trd, 258690.900, 139
Trd, 258691.133, 139
Trd, 258691.200, 138
Trd, 258691.300, 122
Trd, 258691.417, 138
Trd, 258691.867, 116
Trd, 258691.900, 115
Trd, 258692.150, 117
Trd, 258692.333, 115
Trd, 258692.433, 107
Trd, 258693.250, 139
Trd, 258693.867, 140
Trd, 258693.917, 140
Trd, 258694.183, 114
Trd, 258694.233, 113
Trd, 258694.400, 140
Trd, 258694.500, 140
Trd, 258694.533, 139
Trd, 258694.717, 124
Trd, 258694.867, 138
Trd, 258695.267, 139
Trd, 258695.350, 138
Trd, 258695.533, 136
Trd, 258695.783, 135
Trd, 258696.133, 131
Trd, 258696.233, 126
Trd, 258696.283, 122
Trd, 258696.333, 106
Trd, 258697.000, 111
Trd, 258697.433, 107
Trd, 258697.517, 128
Trd, 258697.567, 106
Trd, 258697.633, 105
Trd, 258698.000, 101
Trd, 258698.017, 99
Trd, 258698.050, 127
Trd, 258698.300, 128
Trd, 258698.700, 124
Trd, 258698.767, 117
Trd, 258698.817, 131
Trd, 258698.983, 100
Trd, 258699.183, 97
Trd, 258699.467, 138
Trd, 258699.883, 101
Trd, 258700.367, 137
Trd, 258700.617, 112
Trd, 258700.633, 87
Trd, 258700.900, 138
Trd, 258701.217, 138
Trd, 258701.367, 126
Trd, 258701.633, 104
Trd, 258701.817, 137
Trd, 258702.250, 131
Trd, 258702.433, 140
Trd, 258703.150, 140
Trd, 258703.567, 140
Trd, 258703.600, 140
Trd, 258703.800, 140
Trd, 258703.883, 140
Trd, 258704.117, 140
Trd, 258704.233, 139
Trd, 258704.417, 130
Trd, 258704.633, 138
Trd, 258704.767, 128
Trd, 258704.900, 127
Trd, 258705.417, 138
Trd, 258705.517, 125
Trd, 258705.617, 109
Trd, 258705.650, 93
Trd, 258705.700, 82
Trd, 258705.783, 73
Trd, 258705.983, 65
Trd, 258706.217, 140
Trd, 258706.350, 140
Trd, 258706.383, 140
Trd, 258707.050, 140
Trd, 258707.167, 140
Trd, 258707.600, 136
Trd, 258707.850, 140
Trd, 258707.917, 123
Trd, 258708.100, 140
Trd, 258708.500, 140
Trd, 258708.817, 133
Trd, 258708.867, 140
Trd, 258709.133, 140
Trd, 258709.433, 140
Trd, 258709.450, 140
Trd, 258710.100, 131
Trd, 258710.433, 119
Trd, 258710.633, 120
Trd, 258710.833, 119
Trd, 258711.083, 106
Trd, 258711.200, 131
Trd, 258711.267, 110
Trd, 258711.417, 132
Trd, 258712.000, 130
Trd, 258712.017, 129
Trd, 258712.233, 116
Trd, 258712.267, 108
Trd, 258712.300, 99
Trd, 258712.700, 93
Trd, 258712.783, 92
Trd, 258712.933, 91
Trd, 258713.250, 90
Trd, 258713.550, 60
Trd, 258713.633, 61
Trd, 258714.183, 60
Trd, 258714.283, 62
Trd, 258714.550, 61
Trd, 258714.667, 62
Trd, 258714.683, 62
Trd, 258714.717, 62
Trd, 258714.950, 65
Trd, 258715.150, 66
Trd, 258715.300, 66
Trd, 258715.383, 64
Trd, 258715.567, 63
Trd, 258715.833, 66
Trd, 258716.233, 64
Trd, 258716.367, 63
Trd, 258716.500, 66
Trd, 258716.600, 71
Trd, 258716.617, 95
Trd, 258717.083, 97
Trd, 258717.200, 79
Trd, 258717.300, 78
Trd, 258717.550, 76
Trd, 258717.600, 72
Trd, 258717.817, 100
Trd, 258718.000, 121
Trd, 258718.267, 60
Trd, 258718.383, 69
Trd, 258718.833, 81
Trd, 258719.333, 60
Trd, 258719.533, 60
Trd, 258719.683, 60
Trd, 258719.900, 60
Trd, 258720.300, 61
Trd, 258720.317, 61
Trd, 258720.333, 62
Trd, 258720.383, 92
Trd, 258720.900, 62
Trd, 258720.967, 81
Trd, 258721.350, 140
Trd, 258721.433, 140
Trd, 258721.567, 139
Trd, 258722.367, 140
Trd, 258722.683, 140
Trd, 258722.867, 140
Trd, 258723.150, 140
Trd, 258723.367, 140
Trd, 258723.833, 140
Trd, 258723.900, 140
Trd, 258724.450, 140
Trd, 258724.483, 140
Trd, 258724.783, 139
Trd, 258724.967, 140
Trd, 258725.000, 139
Trd, 258725.017, 138
Trd, 258725.633, 137
Trd, 258725.900, 131
Trd, 258726.033, 121
Trd, 258726.150, 121
Trd, 258726.383, 140
Trd, 258726.850, 140
Trd, 258726.867, 140
Trd, 258727.283, 125
Trd, 258727.350, 103
Trd, 258727.433, 102
Trd, 258727.517, 93
Trd, 258727.600, 95
Trd, 258727.667, 91
Trd, 258727.933, 124
Trd, 258728.267, 82
Trd, 258728.400, 125
Trd, 258728.417, 113
Trd, 258728.867, 81
Trd, 258729.550, 140
Trd, 258729.850, 140
Trd, 258729.900, 139
Trd, 258730.017, 130
Trd, 258730.333, 140
Trd, 258730.450, 139
Trd, 258730.617, 133
Trd, 258730.767, 139
Trd, 258731.017, 137
Trd, 258731.367, 113
Trd, 258731.483, 139
Trd, 258731.533, 138
Trd, 258731.567, 137
Trd, 258732.000, 139
Trd, 258732.517, 114
Trd, 258732.550, 114
Trd, 258732.567, 109
Trd, 258732.667, 108
Trd, 258732.933, 99
Trd, 258733.117, 140
Trd, 258733.200, 139
Trd, 258733.317, 140
Trd, 258733.383, 96
Trd, 258734.283, 97
Trd, 258734.467, 137
Trd, 258734.500, 109
Trd, 258734.767, 112
Trd, 258734.967, 112
Trd, 258735.050, 111
Trd, 258735.317, 109
Trd, 258735.667, 109
Trd, 258735.717, 108
Trd, 258735.867, 105
Trd, 258736.483, 111
Trd, 258736.567, 105
Trd, 258737.267, 102
Trd, 258737.350, 99
Trd, 258737.517, 132
Trd, 258737.633, 133
Trd, 258737.667, 98
Trd, 258737.800, 108
Trd, 258738.167, 140
Trd, 258738.500, 140
Trd, 258738.800, 109
Trd, 258738.817, 108
Trd, 258738.983, 140
Trd, 258739.583, 102
Trd, 258739.667, 112
Trd, 258739.833, 105
Trd, 258740.283, 140
Trd, 258740.367, 140
Trd, 258740.650, 140
Trd, 258740.700, 140
Trd, 258741.250, 140
Trd, 258741.433, 140
Trd, 258741.567, 140
Trd, 258741.633, 140
Trd, 258741.917, 132
Trd, 258742.050, 136
Trd, 258742.133, 110
Trd, 258742.283, 104
Trd, 258742.683, 136
Trd, 258742.833, 127
Trd, 258742.900, 135
Trd, 258743.183, 100
Trd, 258743.383, 87
Trd, 258743.533, 104
Trd, 258743.667, 69
Trd, 258743.800, 78
Trd, 258743.817, 66
Trd, 258744.167, 62
Trd, 258744.483, 78
Trd, 258744.700, 62
Trd, 258745.150, 140
Trd, 258745.217, 140
Trd, 258745.367, 140
Trd, 258745.483, 138
Trd, 258745.750, 129
Trd, 258746.117, 139
Trd, 258746.233, 132
Trd, 258746.383, 121
Trd, 258746.600, 112
Trd, 258746.683, 102
Trd, 258746.750, 99
Trd, 258746.767, 98
Trd, 258746.783, 74
Trd, 258747.200, 107
Trd, 258747.333, 107
Trd, 258747.367, 136
Trd, 258747.400, 106
Trd, 258747.567, 139
Trd, 258747.817, 114
Trd, 258747.850, 102
Trd, 258747.967, 67
Trd, 258748.033, 117
Trd, 258748.133, 119
Trd, 258748.517, 60
Trd, 258748.900, 60
Trd, 258749.100, 60
Trd, 258749.183, 60
Trd, 258749.233, 61
Trd, 258749.367, 61
Trd, 258749.567, 62
Trd, 258749.800, 66
Trd, 258750.067, 67
Trd, 258750.083, 72
Trd, 258750.217, 73
Trd, 258750.300, 60
Trd, 258750.500, 61
Trd, 258750.717, 61
Trd, 258751.067, 61
Trd, 258751.417, 62
Trd, 258751.717, 91
Trd, 258752.317, 140
Trd, 258752.400, 140
Trd, 258752.967, 140
Trd, 258753.033, 140
Trd, 258753.100, 140
Trd, 258753.167, 140
Trd, 258753.367, 140
Trd, 258753.583, 139
Trd, 258753.750, 138
Trd, 258753.833, 137
Trd, 258753.883, 121
Trd, 258753.900, 113
Trd, 258753.933, 111
Trd, 258754.133, 110
Trd, 258754.550, 140
Trd, 258754.633, 140
Trd, 258755.300, 136
Trd, 258756.000, 140
Trd, 258756.267, 136
Trd, 258756.383, 135
Trd, 258756.617, 140
Trd, 258756.683, 117
Trd, 258756.850, 140
Trd, 258756.917, 139
Trd, 258757.233, 116
Trd, 258757.317, 92
Trd, 258757.333, 125
Trd, 258757.567, 86
Trd, 258757.583, 86
Trd, 258757.617, 139
Trd, 258757.867, 139
Trd, 258757.933, 82
Trd, 258758.133, 77
Trd, 258758.217, 139
Trd, 258758.700, 66
Trd, 258758.817, 66
Trd, 258759.050, 65
Trd, 258759.117, 64
Trd, 258759.350, 63
Trd, 258759.900, 139
Trd, 258759.950, 136
Trd, 258760.000, 140
Trd, 258760.033, 135
Trd, 258760.217, 113
Trd, 258760.650, 110
Trd, 258760.833, 112
Trd, 258761.283, 140
Trd, 258761.467, 140
Trd, 258761.750, 139
Trd, 258761.833, 140
Trd, 258761.967, 121
Trd, 258762.150, 114
Trd, 258762.417, 140
Trd, 258762.567, 135
Trd, 258762.683, 136
Trd, 258763.283, 137
Trd, 258763.433, 134
Trd, 258763.767, 133
Trd, 258763.933, 139
Trd, 258764.200, 126
Trd, 258764.367, 114
Trd, 258764.450, 105
Trd, 258764.483, 100
Trd, 258764.767, 135
Trd, 258764.850, 140
Trd, 258765.183, 93
Trd, 258765.617, 93
Trd, 258765.683, 91
Trd, 258765.817, 98
Trd, 258766.217, 78
Trd, 258766.400, 75
Trd, 258766.567, 78
Trd, 258767.317, 107
Trd, 258767.450, 102
Trd, 258767.600, 76
Trd, 258767.833, 108
Trd, 258767.917, 140
Trd, 258768.350, 95
Trd, 258768.450, 94
Trd, 258768.550, 87
Trd, 258768.683, 111
Trd, 258768.800, 114
Trd, 258768.950, 108
Trd, 258769.033, 113
Trd, 258769.117, 85
Trd, 258769.200, 84
Trd, 258769.217, 83
Trd, 258769.350, 78
Trd, 258769.383, 76
Trd, 258769.700, 83
Trd, 258769.833, 68
Trd, 258770.183, 69
Trd, 258770.333, 92
Trd, 258770.433, 92
Trd, 258770.567, 92
Trd, 258770.933, 66
Trd, 258771.083, 72
Trd, 258771.150, 73
Trd, 258771.633, 140
Trd, 258771.700, 140
Trd, 258771.850, 139
Trd, 258772.350, 138
Trd, 258772.467, 139
Trd, 258772.550, 138
Trd, 258773.000, 128
Trd, 258773.150, 132
Trd, 258773.467, 119
Trd, 258773.600, 133
Trd, 258773.733, 113
Trd, 258774.017, 113
Trd, 258774.117, 112
Trd, 258774.450, 81
Trd, 258774.517, 111
Trd, 258774.800, 86
Trd, 258775.183, 89
Trd, 258775.300, 90
Trd, 258775.317, 87
Trd, 258775.650, 87
Trd, 258775.750, 129
Trd, 258775.883, 75
Trd, 258776.017, 130
Trd, 258776.167, 98
Trd, 258776.667, 138
Trd, 258777.067, 138
Trd, 258777.250, 106
Trd, 258777.517, 105
Trd, 258777.950, 135
Trd, 258778.317, 140
Trd, 258778.367, 140
Trd, 258778.467, 103
Trd, 258778.617, 139
Trd, 258778.850, 138
Trd, 258778.967, 96
Trd, 258779.017, 91
Trd, 258779.333, 71
Trd, 258779.717, 140
Trd, 258779.850, 100
Trd, 258779.917, 99
Trd, 258780.183, 85
Trd, 258780.533, 74
Trd, 258780.683, 75
Trd, 258780.950, 61
Trd, 258781.550, 60
Trd, 258781.700, 60
Trd, 258781.767, 60
Trd, 258782.133, 60
Trd, 258782.233, 64
Trd, 258782.317, 60
Trd, 258782.600, 67
Trd, 258782.667, 68
Trd, 258782.900, 97
Trd, 258783.017, 98
Trd, 258783.050, 120
Trd, 258783.217, 91
Trd, 258783.350, 80
Trd, 258783.400, 130
Trd, 258783.433, 68
Trd, 258783.550, 68
Trd, 258783.633, 75
Trd, 258783.650, 132
Trd, 258783.783, 73
Trd, 258783.983, 60
Trd, 258784.150, 140
Trd, 258784.417, 132
Trd, 258784.767, 140
Trd, 258785.283, 140
Trd, 258785.583, 140
Trd, 258785.833, 140
Trd, 258786.050, 140
Trd, 258786.100, 140
Trd, 258786.417, 126
Trd, 258786.750, 125
Trd, 258786.833, 125
Trd, 258786.983, 136
Trd, 258787.067, 124
Trd, 258787.200, 105
Trd, 258787.467, 115
Trd, 258787.650, 140
Trd, 258787.817, 140
Trd, 258787.883, 140
Trd, 258788.550, 140
Trd, 258788.567, 131
Trd, 258788.683, 138
Trd, 258788.817, 126
Trd, 258788.900, 139
Trd, 258788.967, 126
Trd, 258789.333, 137
Trd, 258790.017, 109
Trd, 258790.433, 115
Trd, 258790.467, 128
Trd, 258790.600, 107
Trd, 258790.750, 100
Trd, 258790.833, 99
Trd, 258790.967, 97
Trd, 258791.150, 81
Trd, 258791.417, 73
Trd, 258791.583, 67
Trd, 258791.700, 75
Trd, 258791.750, 108
Trd, 258791.800, 110
Trd, 258792.200, 60
Trd, 258792.500, 60
Trd, 258792.517, 64
Trd, 258792.800, 84
Trd, 258793.017, 140
Trd, 258793.050, 140
Trd, 258793.167, 86
Trd, 258793.483, 90
Trd, 258794.150, 121
Trd, 258794.283, 120
Trd, 258794.550, 129
Trd, 258794.767, 140
Trd, 258794.833, 140
Trd, 258794.850, 105
Trd, 258794.933, 91
Trd, 258795.033, 89
Trd, 258795.550, 133
Trd, 258795.633, 97
Trd, 258795.700, 140
Trd, 258795.783, 75
Trd, 258797.133, 139
Trd, 258797.200, 110
Trd, 258797.300, 103
Trd, 258797.867, 140
Trd, 258798.100, 140
Trd, 258798.650, 140
Trd, 258798.667, 140
Trd, 258798.817, 140
Trd, 258798.850, 138
Trd, 258799.183, 131
Trd, 258799.367, 137
Trd, 258799.633, 137
Trd, 258799.750, 134
Trd, 258799.850, 134
Trd, 258799.950, 136
Trd, 258799.967, 130
Trd, 258800.033, 125
Trd, 258800.350, 120
Trd, 258800.867, 139
Trd, 258800.883, 120
Trd, 258801.067, 117
Trd, 258801.167, 116
Trd, 258801.533, 94
Trd, 258801.733, 138
Trd, 258802.167, 139
Trd, 258802.267, 123
Trd, 258802.333, 113
Trd, 258802.750, 110
Trd, 258803.233, 139
Trd, 258803.450, 138
Trd, 258803.467, 137
Trd, 258803.483, 130
Trd, 258803.500, 107
Trd, 258804.033, 140
Trd, 258804.050, 128
Trd, 258804.067, 118
Trd, 258804.117, 110
Trd, 258805.550, 140
Trd, 258805.733, 140
Trd, 258805.933, 140
Trd, 258806.017, 140
Trd, 258806.333, 140
Trd, 258807.217, 140
Trd, 258807.417, 140
Trd, 258807.433, 139
Trd, 258807.533, 139
Trd, 258807.567, 127
Trd, 258808.250, 140
Trd, 258808.467, 140
Trd, 258808.550, 140
Trd, 258808.700, 140
Trd, 258808.733, 140
Trd, 258808.767, 137
Trd, 258809.067, 107
Trd, 258809.083, 102
Trd, 258809.117, 84
Trd, 258809.217, 98
Trd, 258809.250, 139
Trd, 258809.417, 140
Trd, 258810.083, 95
Trd, 258810.200, 138
Trd, 258810.400, 83
Trd, 258810.483, 72
Trd, 258810.600, 63
Trd, 258811.067, 101
Trd, 258811.200, 71
Trd, 258811.283, 98
Trd, 258811.417, 99
Trd, 258811.700, 72
Trd, 258811.933, 70
Trd, 258812.017, 71
Trd, 258812.050, 69
Trd, 258812.150, 69
Trd, 258812.550, 63
Trd, 258812.767, 68
Trd, 258812.867, 79
Trd, 258813.000, 80
Trd, 258813.083, 87
Trd, 258813.300, 74
Trd, 258813.633, 124
Trd, 258813.850, 139
Trd, 258813.983, 104
Trd, 258814.450, 103
Trd, 258815.017, 140
Trd, 258815.250, 140
Trd, 258815.583, 140
Trd, 258815.683, 140
Trd, 258816.150, 140
Trd, 258816.400, 140
Trd, 258816.500, 140
Trd, 258816.600, 140
Trd, 258816.883, 140
Trd, 258817.300, 140
Trd, 258817.317, 140
Trd, 258817.433, 139
Trd, 258817.600, 124
Trd, 258818.050, 123
Trd, 258818.133, 108
Trd, 258818.217, 104
Trd, 258818.283, 135
Trd, 258818.317, 104
Trd, 258818.400, 101
Trd, 258818.650, 117
Trd, 258818.683, 93
Trd, 258818.783, 136
Trd, 258819.100, 140
Trd, 258819.650, 140
Trd, 258820.333, 140
Trd, 258820.633, 136
Trd, 258820.967, 130
Trd, 258821.417, 131
Trd, 258821.550, 131
Trd, 258821.567, 130
Trd, 258821.700, 130
Trd, 258821.750, 112
Trd, 258821.833, 140
Trd, 258821.850, 109
Trd, 258821.883, 105
Trd, 258822.050, 105
Trd, 258822.100, 132
Trd, 258822.117, 102
Trd, 258822.183, 99
Trd, 258822.767, 140
Trd, 258822.867, 138
Trd, 258823.150, 137
Trd, 258823.183, 132
Trd, 258823.617, 138
Trd, 258824.267, 140
Trd, 258824.317, 140
Trd, 258824.650, 140
Trd, 258824.800, 140
Trd, 258825.017, 140
Trd, 258825.100, 139
Trd, 258825.717, 140
Trd, 258825.933, 140
Trd, 258826.083, 140
Trd, 258826.317, 140
Trd, 258826.417, 140
Trd, 258826.483, 138
Trd, 258826.533, 123
Trd, 258826.633, 121
Trd, 258826.867, 106
Trd, 258827.117, 138
Trd, 258827.367, 126
Trd, 258827.567, 134
Trd, 258827.617, 117
Trd, 258828.083, 138
Trd, 258828.267, 137
Trd, 258828.417, 137
Trd, 258828.567, 136
Trd, 258828.683, 122
Trd, 258828.733, 87
Trd, 258829.100, 98
Trd, 258829.117, 79
Trd, 258829.167, 109
Trd, 258829.617, 85
Trd, 258829.700, 81
Trd, 258829.733, 110
Trd, 258829.917, 111
Trd, 258830.083, 139
Trd, 258830.400, 66
Trd, 258830.967, 82
Trd, 258831.200, 93
Trd, 258831.467, 106
Trd, 258831.483, 107
Trd, 258831.583, 108
Trd, 258831.833, 137
Trd, 258832.083, 116
Trd, 258832.217, 140
Trd, 258832.550, 140
Trd, 258832.717, 133
Trd, 258832.750, 132
Trd, 258833.000, 140
Trd, 258833.267, 112
Trd, 258833.317, 111
Trd, 258833.350, 110
Trd, 258833.383, 99
Trd, 258833.833, 138
Trd, 258834.117, 99
Trd, 258834.133, 98
Trd, 258834.617, 140
Trd, 258834.750, 131
Trd, 258835.083, 137
Trd, 258835.133, 106
Trd, 258835.233, 107
Trd, 258835.917, 140
Trd, 258836.067, 139
Trd, 258836.283, 122
Trd, 258836.433, 104
Trd, 258836.450, 99
Trd, 258836.833, 90
Trd, 258836.850, 88
Trd, 258837.667, 140
Trd, 258837.833, 140
Trd, 258838.233, 140
Trd, 258838.633, 140
Trd, 258838.767, 140
Trd, 258838.867, 140
Trd, 258839.183, 140
Trd, 258839.233, 140
Trd, 258839.417, 140
Trd, 258839.583, 140
Trd, 258839.600, 140
Trd, 258839.983, 138
Trd, 258840.183, 140
Trd, 258840.233, 137
Trd, 258840.333, 122
Trd, 258840.450, 111
Trd, 258840.467, 116
Trd, 258840.600, 109
Trd, 258841.200, 130
Trd, 258841.267, 132
Trd, 258841.700, 84
Trd, 258841.867, 128
Trd, 258842.000, 129
Trd, 258842.283, 121
Trd, 258843.050, 124
Trd, 258843.367, 97
Trd, 258843.433, 96
Trd, 258843.533, 100
Trd, 258843.783, 127
Trd, 258843.833, 125
Trd, 258843.950, 138
Trd, 258843.983, 124
Trd, 258844.000, 120
Trd, 258844.067, 89
Trd, 258844.483, 100
Trd, 258844.583, 100
Trd, 258844.600, 99
Trd, 258845.017, 89
Trd, 258845.300, 102
Trd, 258845.400, 90
Trd, 258845.700, 89
Trd, 258845.983, 139
Trd, 258846.550, 140
Trd, 258846.683, 140
Trd, 258846.750, 139
Trd, 258846.850, 139
Trd, 258846.983, 119
Trd, 258847.050, 118
Trd, 258847.100, 139
Trd, 258847.217, 102
Trd, 258847.317, 140
Trd, 258848.083, 65
Trd, 258848.250, 65
Trd, 258848.600, 88
Trd, 258848.767, 89
Trd, 258849.183, 140
Trd, 258849.283, 140
Trd, 258849.350, 122
Trd, 258849.450, 117
Trd, 258849.583, 111
Trd, 258849.617, 110
Trd, 258849.717, 101
Trd, 258850.050, 97
Trd, 258850.100, 96
Trd, 258850.717, 139
Trd, 258851.100, 139
Trd, 258851.350, 138
Trd, 258851.417, 137
Trd, 258851.733, 138
Trd, 258851.817, 116
Trd, 258852.133, 140
Trd, 258852.550, 111
Trd, 258852.733, 137
Trd, 258853.083, 137
Trd, 258853.183, 119
Trd, 258853.300, 118
Trd, 258853.400, 137
Trd, 258853.800, 116
Trd, 258853.867, 111
Trd, 258854.000, 134
Trd, 258854.017, 98
Trd, 258854.050, 92
Trd, 258854.417, 92
Trd, 258854.600, 106
Trd, 258854.700, 93
Trd, 258854.883, 92
Trd, 258855.100, 91
Trd, 258855.300, 126
Trd, 258855.317, 89
Trd, 258855.600, 101
Trd, 258855.700, 88
Trd, 258855.900, 90
Trd, 258856.733, 124
Trd, 258856.850, 123
Trd, 258857.150, 127
Trd, 258857.167, 126
Trd, 258857.267, 122
Trd, 258857.367, 137
Trd, 258857.500, 137
Trd, 258857.683, 139
Trd, 258857.733, 138
Trd, 258858.167, 122
Trd, 258858.217, 112
Trd, 258858.283, 107
Trd, 258858.467, 128
Trd, 258858.533, 103
Trd, 258859.417, 99
Trd, 258859.517, 96
Trd, 258859.750, 127
Trd, 258859.767, 126
Trd, 258859.917, 95
Trd, 258860.167, 95
Trd, 258860.200, 94
Trd, 258860.217, 88
Trd, 258860.233, 132
Trd, 258860.417, 86
Trd, 258860.717, 82
Trd, 258860.750, 70
Trd, 258860.867, 60
Trd, 258861.117, 60
Trd, 258861.733, 63
Trd, 258862.017, 63
Trd, 258862.967, 64
Trd, 258862.983, 77
Trd, 258863.017, 61
Trd, 258863.350, 60
Trd, 258863.367, 63
Trd, 258863.750, 62
Trd, 258863.967, 69
Trd, 258864.100, 90
Trd, 258864.233, 92
Trd, 258864.283, 94
Trd, 258864.467, 82
Trd, 258864.950, 140
Trd, 258865.350, 140
Trd, 258865.750, 140
Trd, 258866.033, 140
Trd, 258866.217, 140
Trd, 258866.500, 140
Trd, 258866.950, 140
Trd, 258866.983, 140
Trd, 258867.733, 140
Trd, 258867.750, 137
Trd, 258867.900, 120
Trd, 258868.150, 115
Trd, 258868.250, 126
Trd, 258868.567, 129
Trd, 258868.717, 119
Trd, 258868.733, 115
Trd, 258868.883, 115
Trd, 258869.000, 114
Trd, 258869.067, 109
Trd, 258869.200, 102
Trd, 258869.283, 98
Trd, 258869.317, 81
Trd, 258869.417, 68
Trd, 258869.667, 64
Trd, 258870.200, 62
Trd, 258870.450, 61
Trd, 258870.667, 61
Trd, 258870.900, 61
Trd, 258871.067, 62
Trd, 258871.100, 63
Trd, 258871.267, 61
Trd, 258871.350, 62
Trd, 258871.533, 66
Trd, 258871.700, 139
Trd, 258871.867, 120
Trd, 258872.017, 119
Trd, 258872.067, 118
Trd, 258872.333, 139
Trd, 258872.383, 106
Trd, 258872.567, 88
Trd, 258872.600, 140
Trd, 258872.717, 88
Trd, 258872.783, 139
Trd, 258874.233, 140
Trd, 258874.800, 140
Trd, 258874.817, 140
Trd, 258874.883, 140
Trd, 258874.983, 140
Trd, 258875.050, 139
Trd, 258875.183, 139
Trd, 258875.233, 124
Trd, 258875.300, 139
Trd, 258875.383, 123
Trd, 258875.550, 107
Trd, 258875.917, 119
Trd, 258876.033, 104
Trd, 258876.067, 90
Trd, 258876.283, 77
Trd, 258876.467, 78
Trd, 258876.850, 81
Trd, 258876.867, 86
Trd, 258877.467, 140
Trd, 258877.633, 140
Trd, 258877.817, 140
Trd, 258878.433, 140
Trd, 258878.550, 139
Trd, 258879.083, 140
Trd, 258879.200, 140
Trd, 258879.450, 140
Trd, 258879.617, 140
Trd, 258880.050, 140
Trd, 258880.117, 140
Trd, 258880.200, 140
Trd, 258880.450, 140
Trd, 258880.950, 140
Trd, 258881.000, 140
Trd, 258881.183, 140
Trd, 258881.333, 140
Trd, 258881.467, 121
Trd, 258881.733, 121
Trd, 258881.750, 115
Trd, 258881.833, 112
Trd, 258881.850, 110
Trd, 258881.983, 140
Trd, 258882.000, 102
Trd, 258882.517, 125
Trd, 258882.617, 135
Trd, 258882.767, 103
Trd, 258883.117, 101
Trd, 258883.217, 78
Trd, 258883.583, 136
Trd, 258884.083, 134
Trd, 258884.150, 119
Trd, 258884.200, 140
Trd, 258884.283, 140
Trd, 258884.817, 139
Trd, 258885.067, 123
Trd, 258885.217, 123
Trd, 258885.567, 131
Trd, 258885.833, 123
Trd, 258885.967, 122
Trd, 258886.250, 125
Trd, 258886.583, 140
Trd, 258886.683, 122
Trd, 258886.833, 140
Trd, 258886.900, 140
Trd, 258886.967, 123
Trd, 258887.017, 121
Trd, 258887.300, 121
Trd, 258887.617, 120
Trd, 258887.667, 115
Trd, 258887.733, 114
Trd, 258888.067, 108
Trd, 258888.167, 104
Trd, 258888.600, 135
Trd, 258888.800, 94
Trd, 258888.933, 136
Trd, 258889.117, 94
Trd, 258889.383, 135
Trd, 258889.800, 136
Trd, 258890.117, 125
Trd, 258890.183, 123
Trd, 258890.450, 115
Trd, 258890.617, 115
Trd, 258890.783, 114
Trd, 258891.017, 107
Trd, 258891.050, 98
Trd, 258891.133, 136
Trd, 258891.150, 133
Trd, 258891.550, 101
Trd, 258891.667, 71
Trd, 258892.217, 98
Trd, 258892.400, 84
Trd, 258892.617, 85
Trd, 258893.117, 60
Trd, 258893.800, 101
Trd, 258893.817, 66
Trd, 258893.950, 78
Trd, 258893.967, 66
Trd, 258894.183, 100
Trd, 258894.200, 104
Trd, 258894.400, 61
Trd, 258894.733, 62
Trd, 258894.900, 62
Trd, 258895.083, 77
Trd, 258895.183, 66
Trd, 258895.533, 76
Trd, 258895.583, 67
Trd, 258895.750, 69
Trd, 258895.833, 68
Trd, 258895.983, 105
Trd, 258896.083, 69
Trd, 258896.267, 70
Trd, 258896.450, 69
Trd, 258897.150, 129
Trd, 258897.167, 132
Trd, 258897.300, 126
Trd, 258897.367, 124
Trd, 258897.700, 92
Trd, 258897.783, 96
Trd, 258898.067, 69
Trd, 258898.183, 87
Trd, 258898.533, 107
Trd, 258898.750, 73
Trd, 258899.133, 111
Trd, 258899.833, 139
Trd, 258899.900, 139
Trd, 258900.000, 122
Trd, 258900.300, 126
Trd, 258900.550, 125
Trd, 258900.600, 110
Trd, 258900.717, 139
Trd, 258900.750, 102
Trd, 258900.900, 99
Trd, 258900.983, 136
Trd, 258901.117, 115
Trd, 258901.600, 140
Trd, 258901.717, 140
Trd, 258901.933, 121
Trd, 258902.017, 136
Trd, 258902.117, 116
Trd, 258902.300, 114
Trd, 258902.383, 104
Trd, 258902.717, 69
Trd, 258903.050, 128
Trd, 258903.483, 93
Trd, 258903.583, 68
Trd, 258904.017, 69
Trd, 258904.200, 68
Trd, 258904.267, 69
Trd, 258904.400, 69
Trd, 258904.483, 68
Trd, 258904.500, 70
Trd, 258904.717, 67
Trd, 258904.900, 61
Trd, 258905.233, 60
Trd, 258905.267, 69
Trd, 258905.483, 68
Trd, 258906.450, 60
Trd, 258906.500, 60
Trd, 258906.517, 63
Trd, 258906.700, 61
Trd, 258906.767, 61
Trd, 258906.833, 60
Trd, 258906.883, 62
Trd, 258907.117, 63
Trd, 258907.233, 63
Trd, 258907.317, 66
Trd, 258907.450, 75
Trd, 258907.717, 79
Trd, 258908.117, 75
Trd, 258908.400, 113
Trd, 258908.433, 120
Trd, 258909.133, 80
Trd, 258909.150, 133
Trd, 258909.450, 80
Trd, 258909.517, 137
Trd, 258909.617, 78
Trd, 258909.750, 67
Trd, 258910.133, 140
Trd, 258910.683, 140
Trd, 258910.700, 140
Trd, 258911.233, 140
Trd, 258911.433, 140
Trd, 258911.583, 140
Trd, 258911.667, 139
Trd, 258911.750, 140
Trd, 258912.083, 134
Trd, 258912.267, 140
Trd, 258912.400, 140
Trd, 258912.617, 140
Trd, 258912.950, 140
Trd, 258913.283, 140
Trd, 258913.317, 139
Trd, 258913.617, 137
Trd, 258913.750, 133
Trd, 258913.833, 125
Trd, 258914.117, 140
Trd, 258914.133, 125
Trd, 258914.150, 120
Trd, 258914.200, 104
Trd, 258914.483, 129
Trd, 258914.750, 103
Trd, 258914.883, 139
Trd, 258914.900, 100
Trd, 258914.917, 85
Trd, 258915.133, 136
Trd, 258915.967, 123
Trd, 258916.100, 140
Trd, 258916.150, 107
Trd, 258916.433, 98
Trd, 258916.517, 91
Trd, 258916.533, 89
Trd, 258916.700, 104
Trd, 258916.750, 102
Trd, 258916.767, 100
Trd, 258917.067, 60
Trd, 258917.567, 60
Trd, 258917.817, 60
Trd, 258918.350, 60
Trd, 258918.383, 62
Trd, 258918.633, 60
Trd, 258918.683, 64
Trd, 258918.783, 64
Trd, 258918.967, 63
Trd, 258919.067, 65
Trd, 258919.300, 64
Trd, 258919.950, 135
Trd, 258920.000, 133
Trd, 258920.117, 133
Trd, 258920.150, 132
Trd, 258920.167, 135
Trd, 258920.233, 138
Trd, 258920.883, 132
Trd, 258921.650, 136
Trd, 258921.717, 135
Trd, 258921.733, 134
Trd, 258921.917, 132
Trd, 258922.467, 111
Trd, 258922.550, 111
Trd, 258922.783, 110
Trd, 258922.833, 135
Trd, 258922.917, 89
Trd, 258923.000, 88
Trd, 258923.433, 66
Trd, 258923.750, 73
Trd, 258924.300, 140
Trd, 258924.333, 134
Trd, 258924.567, 140
Trd, 258924.933, 126
Trd, 258925.083, 125
Trd, 258925.150, 125
Trd, 258925.250, 124
Trd, 258925.317, 113
Trd, 258925.517, 130
Trd, 258925.583, 131
Trd, 258926.217, 140
Trd, 258926.633, 140
Trd, 258926.683, 140
Trd, 258926.700, 140
Trd, 258927.500, 139
Trd, 258927.733, 137
Trd, 258927.850, 113
Trd, 258928.067, 116
Trd, 258928.167, 114
Trd, 258928.217, 113
Trd, 258928.533, 139
Trd, 258928.600, 116
Trd, 258928.750, 115
Trd, 258928.850, 104
Trd, 258928.950, 140
Trd, 258929.150, 105
Trd, 258929.283, 104
Trd, 258929.333, 107
Trd, 258929.450, 103
Trd, 258929.667, 139
Trd, 258929.933, 95
Trd, 258930.250, 140
Trd, 258930.483, 140
Trd, 258930.600, 94
Trd, 258930.650, 93
Trd, 258931.250, 140
Trd, 258931.533, 140
Trd, 258931.567, 139
Trd, 258931.950, 140
Trd, 258932.000, 139
Trd, 258932.267, 139
Trd, 258932.633, 135
Trd, 258932.767, 134
Trd, 258933.250, 121
Trd, 258933.950, 140
Trd, 258934.483, 138
Trd, 258934.633, 136
Trd, 258934.783, 126
Trd, 258934.983, 137
Trd, 258935.067, 125
Trd, 258935.400, 125
Trd, 258935.467, 122
Trd, 258935.483, 121
Trd, 258935.700, 96
Trd, 258935.767, 95
Trd, 258935.850, 96
Trd, 258935.900, 95
Trd, 258935.967, 89
Trd, 258936.117, 122
Trd, 258936.400, 88
Trd, 258936.517, 103
Trd, 258936.567, 83
Trd, 258936.583, 82
Trd, 258936.733, 107
Trd, 258936.967, 123
Trd, 258937.117, 137
Trd, 258937.283, 110
Trd, 258937.367, 87
Trd, 258937.933, 138
Trd, 258938.050, 112
Trd, 258938.283, 111
Trd, 258938.833, 132
Trd, 258939.100, 131
Trd, 258939.533, 139
Trd, 258939.717, 131
Trd, 258939.833, 140
Trd, 258939.950, 129
Trd, 258940.067, 115
Trd, 258940.433, 120
Trd, 258940.950, 140
Trd, 258941.567, 140
Trd, 258941.583, 140
Trd, 258941.800, 140
Trd, 258942.017, 140
Trd, 258942.067, 140
Trd, 258942.533, 140
Trd, 258943.050, 140
Trd, 258943.467, 140
Trd, 258943.567, 140
Trd, 258943.600, 140
Trd, 258943.717, 137
Trd, 258943.883, 111
Trd, 258943.967, 107
Trd, 258944.117, 133
Trd, 258944.233, 120
Trd, 258944.533, 139
Trd, 258944.617, 138
Trd, 258945.383, 117
Trd, 258945.417, 117
Trd, 258945.533, 116
Trd, 258945.767, 116
Trd, 258946.117, 116
Trd, 258946.217, 116
Trd, 258946.250, 115
Trd, 258946.267, 119
Trd, 258946.367, 117
Trd, 258946.600, 114
Trd, 258946.800, 117
Trd, 258947.333, 99
Trd, 258947.400, 96
Trd, 258947.433, 90
Trd, 258947.650, 79
Trd, 258947.767, 70
Trd, 258948.067, 60
Trd, 258948.417, 60
Trd, 258948.600, 60
Trd, 258948.667, 61
Trd, 258949.183, 63
Trd, 258949.300, 64
Trd, 258949.333, 63
Trd, 258949.367, 87
Trd, 258949.433, 64
Trd, 258949.700, 140
Trd, 258949.900, 101
Trd, 258950.167, 95
Trd, 258950.283, 91
Trd, 258950.383, 112
Trd, 258950.867, 100
Trd, 258951.250, 100
Trd, 258951.317, 121
Trd, 258951.417, 78
Trd, 258951.783, 65
Trd, 258951.833, 63
Trd, 258952.217, 140
Trd, 258952.583, 140
Trd, 258952.633, 140
Trd, 258952.817, 137
Trd, 258952.983, 84
Trd, 258953.500, 140
Trd, 258953.750, 140
Trd, 258953.767, 139
Trd, 258954.050, 139
Trd, 258954.150, 139
Trd, 258954.917, 140
Trd, 258955.000, 140
Trd, 258955.067, 140
Trd, 258955.217, 140
Trd, 258955.250, 138
Trd, 258955.267, 134
Trd, 258955.483, 117
Trd, 258955.583, 129
Trd, 258956.783, 140
Trd, 258956.933, 140
Trd, 258957.217, 140
Trd, 258957.250, 140
Trd, 258957.300, 140
Trd, 258958.067, 137
Trd, 258958.167, 132
Trd, 258958.467, 138
Trd, 258958.500, 118
Trd, 258958.800, 138
Trd, 258958.850, 117
Trd, 258958.917, 111
Trd, 258958.933, 105
Trd, 258959.583, 139
Trd, 258960.167, 140
Trd, 258960.417, 140
Trd, 258960.583, 140
Trd, 258960.683, 137
Trd, 258960.783, 124
Trd, 258960.867, 115
Trd, 258960.967, 139
Trd, 258961.050, 105
Trd, 258961.400, 139
Trd, 258961.467, 104
Trd, 258961.600, 102
Trd, 258961.617, 101
Trd, 258961.633, 101
Trd, 258961.717, 140
Trd, 258961.783, 118
Trd, 258961.967, 127
Trd, 258962.017, 128
Trd, 258962.400, 95
Trd, 258962.583, 139
Trd, 258962.767, 140
Trd, 258963.000, 140
Trd, 258963.017, 94
Trd, 258963.367, 120
Trd, 258963.567, 135
Trd, 258963.600, 116
Trd, 258963.617, 101
Trd, 258964.867, 140
Trd, 258965.333, 99
Trd, 258965.467, 98
Trd, 258966.267, 115
Trd, 258966.383, 113
Trd, 258966.400, 96
Trd, 258966.533, 88
Trd, 258966.917, 129
Trd, 258966.967, 87
Trd, 258967.150, 130
Trd, 258967.217, 85
Trd, 258967.350, 74
Trd, 258967.867, 102
Trd, 258968.000, 103
Trd, 258968.200, 83
Trd, 258968.317, 77
Trd, 258968.333, 76
Trd, 258968.533, 72
Trd, 258968.567, 128
Trd, 258968.800, 63
Trd, 258969.233, 119
Trd, 258969.550, 128
Trd, 258969.850, 137
Trd, 258970.017, 138
Trd, 258970.067, 136
Trd, 258970.200, 102
Trd, 258970.300, 101
Trd, 258970.500, 121
Trd, 258971.050, 137
Trd, 258971.217, 137
Trd, 258971.233, 136
Trd, 258971.333, 136
Trd, 258971.650, 136
Trd, 258972.133, 136
Trd, 258972.683, 133
Trd, 258972.717, 130
Trd, 258972.917, 122
Trd, 258972.967, 113
Trd, 258973.067, 139
Trd, 258973.517, 121
Trd, 258973.883, 140
Trd, 258973.967, 137
Trd, 258974.150, 139
Trd, 258974.467, 121
Trd, 258974.483, 118
Trd, 258974.617, 104
Trd, 258975.117, 105
Trd, 258975.133, 124
Trd, 258975.167, 125
Trd, 258975.283, 140
Trd, 258975.333, 105
Trd, 258975.350, 104
Trd, 258976.200, 102
Trd, 258976.367, 137
Trd, 258976.717, 140
Trd, 258977.250, 136
Trd, 258977.600, 137
Trd, 258977.650, 134
Trd, 258977.667, 127
Trd, 258978.083, 139
Trd, 258978.100, 125
Trd, 258978.150, 124
Trd, 258978.167, 119
Trd, 258978.333, 112
Trd, 258978.917, 134
Trd, 258979.667, 138
Trd, 258979.767, 138
Trd, 258979.900, 137
Trd, 258980.050, 138
Trd, 258980.167, 137
Trd, 258980.217, 137
Trd, 258980.250, 136
Trd, 258980.283, 132
Trd, 258980.583, 135
Trd, 258980.600, 128
Trd, 258980.833, 117
Trd, 258980.950, 115
Trd, 258980.967, 112
Trd, 258981.367, 119
Trd, 258981.517, 108
Trd, 258981.550, 100
Trd, 258981.867, 125
Trd, 258981.917, 126
Trd, 258982.117, 118
Trd, 258982.733, 118
Trd, 258982.850, 117
Trd, 258982.967, 93
Trd, 258983.133, 89
Trd, 258983.400, 73
Trd, 258983.667, 124
Trd, 258983.767, 70
Trd, 258983.850, 65
Trd, 258984.050, 61
Trd, 258984.417, 66
Trd, 258984.767, 66
Trd, 258984.850, 68
Trd, 258984.883, 74
Trd, 258985.517, 62
Trd, 258985.650, 65
Trd, 258985.783, 113
Trd, 258986.000, 66
Trd, 258986.333, 60
Trd, 258986.900, 60
Trd, 258987.017, 61
Trd, 258987.133, 61
Trd, 258987.233, 62
Trd, 258987.383, 84
Trd, 258987.583, 66
Trd, 258987.717, 140
Trd, 258987.917, 139
Trd, 258988.033, 139
Trd, 258988.117, 140
Trd, 258988.650, 103
Trd, 258988.867, 140
Trd, 258988.917, 139
Trd, 258989.233, 140
Trd, 258989.550, 140
Trd, 258989.600, 140
Trd, 258989.733, 140
Trd, 258989.750, 125
Trd, 258990.217, 140
Trd, 258990.567, 140
Trd, 258990.683, 140
Trd, 258990.717, 108
Trd, 258990.817, 99
Trd, 258990.950, 93
Trd, 258991.100, 137
Trd, 258991.183, 99
Trd, 258991.417, 87
Trd, 258991.550, 68
Trd, 258992.367, 65
Trd, 258992.600, 66
Trd, 258992.950, 60
Trd, 258993.033, 60
Trd, 258993.183, 61
Trd, 258993.233, 63
Trd, 258993.533, 65
Trd, 258993.733, 61
Trd, 258993.750, 60
Trd, 258994.000, 61
Trd, 258994.133, 66
Trd, 258994.300, 64
Trd, 258994.417, 62
Trd, 258994.483, 63
Trd, 258994.600, 71
Trd, 258994.617, 102
Trd, 258995.017, 103
Trd, 258995.633, 104
Trd, 258995.700, 106
Trd, 258996.067, 100
Trd, 258996.367, 107
Trd, 258996.867, 128
Trd, 258996.900, 123
Trd, 258996.917, 122
Trd, 258996.983, 129
Trd, 258997.033, 103
Trd, 258997.167, 101
Trd, 258997.300, 134
Trd, 258997.467, 100
Trd, 258997.550, 97
Trd, 258998.050, 115
Trd, 258998.217, 123
Trd, 258998.350, 122
Trd, 258998.417, 101
Trd, 258998.733, 139
Trd, 258999.050, 118
Trd, 258999.150, 117
Trd, 258999.350, 120
Trd, 258999.467, 117
Trd, 258999.633, 116
Trd, 258999.750, 119
Trd, 258999.983, 105
Trd, 259000.100, 120
Trd, 259000.150, 95
Trd, 259000.167, 75
Trd, 259000.667, 60
Trd, 259000.933, 61
Trd, 259001.017, 62
Trd, 259001.050, 62
Trd, 259001.717, 138
Trd, 259002.300, 60
Trd, 259002.517, 60
Trd, 259003.033, 60
Trd, 259003.050, 60
Trd, 259003.250, 60
Trd, 259003.350, 61
Trd, 259003.533, 60
Trd, 259003.717, 60
Trd, 259004.400, 61
Trd, 259004.483, 60
Trd, 259004.500, 62
Trd, 259004.533, 62
Trd, 259004.667, 62
Trd, 259004.850, 63
Trd, 259004.900, 72
Trd, 259005.000, 62
Trd, 259005.033, 84
Trd, 259005.117, 109
Trd, 259005.800, 81
Trd, 259005.817, 87
Trd, 259006.100, 69
Trd, 259006.567, 140
Trd, 259006.850, 140
Trd, 259007.083, 140
Trd, 259007.317, 140
Trd, 259007.550, 140
Trd, 259007.733, 140
Trd, 259008.067, 139
Trd, 259008.483, 139
Trd, 259008.500, 135
Trd, 259008.600, 134
Trd, 259009.100, 140
Trd, 259009.150, 139
Trd, 259009.167, 139
Trd, 259009.350, 122
Trd, 259009.483, 140
Trd, 259009.600, 120
Trd, 259009.900, 140
Trd, 259009.950, 140
Trd, 259010.200, 111
Trd, 259010.317, 132
Trd, 259010.900, 105
Trd, 259011.233, 138
Trd, 259011.617, 113
Trd, 259011.650, 112
Trd, 259011.933, 106
Trd, 259012.000, 102
Trd, 259012.017, 101
Trd, 259012.217, 139
Trd, 259012.567, 97
Trd, 259013.033, 96
Trd, 259013.533, 84
Trd, 259013.800, 79
Trd, 259014.333, 76
Trd, 259014.367, 92
Trd, 259014.417, 127
Trd, 259014.567, 128
Trd, 259014.733, 79
Trd, 259014.817, 98
Trd, 259014.967, 131
Trd, 259015.017, 96
Trd, 259015.267, 87
Trd, 259015.467, 140
Trd, 259015.533, 139
Trd, 259015.633, 139
Trd, 259015.667, 122
Trd, 259016.017, 140
Trd, 259016.367, 139
Trd, 259016.400, 138
Trd, 259016.500, 137
Trd, 259016.567, 136
Trd, 259016.967, 140
Trd, 259017.067, 101
Trd, 259017.083, 98
Trd, 259017.250, 84
Trd, 259018.083, 133
Trd, 259018.900, 136
Trd, 259019.117, 139
Trd, 259019.400, 140
Trd, 259019.717, 136
Trd, 259019.917, 140
Trd, 259019.933, 140
Trd, 259019.967, 135
Trd, 259020.350, 123
Trd, 259020.467, 125
Trd, 259020.500, 118
Trd, 259020.617, 113
Trd, 259020.667, 123
Trd, 259020.767, 108
Trd, 259020.900, 115
Trd, 259021.100, 139
Trd, 259021.633, 135
Trd, 259021.800, 132
Trd, 259022.017, 129
Trd, 259022.033, 128
Trd, 259022.083, 111
Trd, 259022.283, 139
Trd, 259022.333, 101
Trd, 259022.467, 92
Trd, 259022.667, 140
Trd, 259022.833, 111
Trd, 259023.350, 139
Trd, 259023.500, 138
Trd, 259023.767, 124
Trd, 259023.850, 123
Trd, 259024.000, 93
Trd, 259024.033, 92
Trd, 259024.067, 140
Trd, 259024.283, 137
Trd, 259024.517, 96
Trd, 259024.633, 87
Trd, 259024.700, 78
Trd, 259024.933, 90
Trd, 259024.967, 68
Trd, 259025.300, 60
Trd, 259025.417, 69
Trd, 259025.700, 140
Trd, 259026.750, 140
Trd, 259026.817, 140
Trd, 259026.850, 137
Trd, 259027.117, 110
Trd, 259027.617, 140
Trd, 259027.833, 139
Trd, 259027.983, 135
Trd, 259028.250, 112
Trd, 259028.467, 112
Trd, 259028.500, 111
Trd, 259028.583, 110
Trd, 259028.633, 101
Trd, 259028.650, 112
Trd, 259028.750, 96
Trd, 259029.017, 71
Trd, 259029.150, 72
Trd, 259029.183, 78
Trd, 259029.317, 70
Trd, 259029.350, 94
Trd, 259029.667, 80
Trd, 259029.883, 62
Trd, 259030.217, 63
Trd, 259030.233, 122
Trd, 259030.800, 139
Trd, 259030.850, 122
Trd, 259031.200, 112
Trd, 259031.583, 125
Trd, 259031.700, 110
Trd, 259031.867, 109
Trd, 259032.117, 85
Trd, 259032.567, 60
Trd, 259033.017, 60
Trd, 259033.033, 62
Trd, 259033.350, 61
Trd, 259033.400, 66
Trd, 259033.583, 60
Trd, 259033.750, 71
Trd, 259033.917, 72
Trd, 259033.950, 71
Trd, 259034.117, 60
Trd, 259034.483, 73
Trd, 259034.533, 71
Trd, 259034.550, 69
Trd, 259034.617, 74
Trd, 259034.750, 62
Trd, 259034.900, 110
Trd, 259035.333, 71
Trd, 259035.350, 70
Trd, 259035.550, 111
Trd, 259035.683, 117
Trd, 259036.217, 140
Trd, 259036.583, 140
Trd, 259036.633, 140
Trd, 259037.100, 140
Trd, 259037.150, 139
Trd, 259037.300, 136
Trd, 259037.650, 129
Trd, 259037.983, 132
Trd, 259038.217, 128
Trd, 259038.267, 117
Trd, 259038.850, 120
Trd, 259039.050, 119
Trd, 259039.267, 132
Trd, 259039.283, 110
Trd, 259039.483, 138
Trd, 259039.567, 109
Trd, 259039.667, 108
Trd, 259040.000, 104
Trd, 259040.133, 95
Trd, 259040.183, 94
Trd, 259040.567, 86
Trd, 259040.817, 140
Trd, 259041.050, 123
Trd, 259041.283, 140
Trd, 259041.317, 123
Trd, 259041.333, 122
Trd, 259041.700, 139
Trd, 259042.450, 139
Trd, 259042.583, 140
Trd, 259042.883, 134
Trd, 259042.967, 133
Trd, 259043.317, 139
Trd, 259043.400, 132
Trd, 259043.550, 115
Trd, 259044.067, 85
Trd, 259044.550, 104
Trd, 259044.633, 100
Trd, 259044.783, 89
Trd, 259044.850, 104
Trd, 259044.967, 84
Trd, 259045.150, 104
Trd, 259045.167, 96
Trd, 259045.583, 96
Trd, 259045.600, 95
Trd, 259045.900, 78
Trd, 259045.950, 132
Trd, 259046.517, 88
Trd, 259046.533, 70
Trd, 259046.883, 98
Trd, 259047.133, 108
Trd, 259047.200, 106
Trd, 259047.300, 65
Trd, 259047.317, 61
Trd, 259047.567, 64
Trd, 259047.650, 66
Trd, 259047.667, 100
Trd, 259047.933, 108
Trd, 259048.050, 128
Trd, 259048.183, 129
Trd, 259048.400, 109
Trd, 259048.567, 109
Trd, 259048.617, 108
Trd, 259049.583, 139
Trd, 259050.083, 140
Trd, 259050.350, 140
Trd, 259050.467, 140
Trd, 259050.550, 140
Trd, 259050.717, 140
Trd, 259051.000, 140
Trd, 259051.117, 139
Trd, 259051.200, 128
Trd, 259051.483, 128
Trd, 259051.850, 138
Trd, 259051.917, 126
Trd, 259052.067, 125
Trd, 259052.083, 111
Trd, 259052.317, 97
Trd, 259052.350, 97
Trd, 259052.417, 95
Trd, 259052.533, 140
Trd, 259052.783, 126
Trd, 259052.883, 78
Trd, 259053.050, 133
Trd, 259053.183, 63
Trd, 259053.483, 137
Trd, 259054.100, 117
Trd, 259054.767, 119
Trd, 259054.800, 118
Trd, 259054.950, 140
Trd, 259055.050, 130
Trd, 259055.950, 140
Trd, 259056.167, 140
Trd, 259056.583, 139
Trd, 259056.850, 140
Trd, 259056.867, 138
Trd, 259057.167, 140
Trd, 259057.183, 140
Trd, 259057.217, 140
Trd, 259057.333, 140
Trd, 259057.500, 140
Trd, 259057.983, 140
Trd, 259058.117, 126
Trd, 259058.267, 108
Trd, 259058.417, 102
Trd, 259058.450, 98
Trd, 259058.517, 89
Trd, 259059.233, 102
Trd, 259059.250, 101
Trd, 259059.550, 65
Trd, 259059.667, 65
Trd, 259059.783, 64
Trd, 259059.833, 63
Trd, 259059.933, 65
Trd, 259060.167, 62
Trd, 259060.383, 61
Trd, 259060.583, 63
Trd, 259060.700, 75
Trd, 259061.017, 140
Trd, 259061.250, 101
Trd, 259061.867, 104
Trd, 259062.017, 140
Trd, 259062.183, 140
Trd, 259062.367, 140
Trd, 259062.483, 140
Trd, 259062.600, 139
Trd, 259062.783, 133
Trd, 259062.900, 123
Trd, 259063.217, 113
Trd, 259063.233, 103
Trd, 259063.933, 129
Trd, 259064.033, 128
Trd, 259064.067, 109
Trd, 259064.283, 110
Trd, 259064.300, 107
Trd, 259064.400, 107
Trd, 259064.633, 121
Trd, 259065.117, 108
Trd, 259065.217, 128
Trd, 259065.250, 129
Trd, 259065.300, 106
Trd, 259065.450, 101
Trd, 259065.733, 102
Trd, 259065.750, 73
Trd, 259065.850, 67
Trd, 259066.033, 98
Trd, 259066.517, 110
Trd, 259066.567, 111
Trd, 259066.617, 83
Trd, 259066.967, 129
Trd, 259066.983, 106
Trd, 259067.100, 131
Trd, 259067.367, 81
Trd, 259067.650, 89
Trd, 259067.783, 78
Trd, 259068.050, 90
Trd, 259068.817, 140
Trd, 259069.217, 140
Trd, 259069.867, 140
Trd, 259069.883, 140
Trd, 259069.950, 140
Trd, 259070.350, 140
Trd, 259070.417, 140
Trd, 259070.650, 140
Trd, 259070.750, 140
Trd, 259071.100, 140
Trd, 259071.383, 133
Trd, 259071.517, 132
Trd, 259071.717, 140
Trd, 259072.167, 140
Trd, 259072.300, 132
Trd, 259072.567, 136
Trd, 259072.667, 140
Trd, 259072.833, 134
Trd, 259073.000, 132
Trd, 259073.233, 140
Trd, 259073.250, 121
Trd, 259073.433, 108
Trd, 259073.567, 120
Trd, 259073.683, 106
Trd, 259073.817, 98
Trd, 259074.050, 88
Trd, 259074.217, 87
Trd, 259074.367, 86
Trd, 259074.433, 85
Trd, 259074.500, 81
Trd, 259075.450, 113
Trd, 259075.550, 114
Trd, 259075.583, 126
Trd, 259075.867, 101
Trd, 259076.067, 126
Trd, 259076.317, 127
Trd, 259076.400, 84
Trd, 259076.417, 83
Trd, 259076.650, 83
Trd, 259077.350, 81
Trd, 259077.483, 81
Trd, 259077.500, 80
Trd, 259077.517, 78
Trd, 259077.717, 124
Trd, 259077.750, 126
Trd, 259078.100, 80
Trd, 259078.317, 79
Trd, 259078.383, 98
Trd, 259078.583, 78
Trd, 259078.883, 60
Trd, 259079.217, 62
Trd, 259079.333, 69
Trd, 259079.350, 60
Trd, 259079.933, 61
Trd, 259079.983, 65
Trd, 259080.100, 69
Trd, 259080.317, 62
Trd, 259080.467, 63
Trd, 259080.583, 70
Trd, 259080.867, 82
Trd, 259080.883, 88
Trd, 259081.233, 81
Trd, 259081.350, 77
Trd, 259082.133, 140
Trd, 259082.183, 140
Trd, 259082.767, 139
Trd, 259083.150, 124
Trd, 259083.767, 113
Trd, 259083.800, 112
Trd, 259083.967, 102
Trd, 259083.983, 135
Trd, 259084.000, 101
Trd, 259084.117, 95
Trd, 259084.217, 92
Trd, 259084.333, 82
Trd, 259084.433, 71
Trd, 259084.450, 70
Trd, 259084.733, 60
Trd, 259084.783, 61
Trd, 259085.150, 61
Trd, 259085.217, 66
Trd, 259085.383, 63
Trd, 259085.450, 72
Trd, 259085.583, 112
Trd, 259085.700, 133
Trd, 259085.900, 137
Trd, 259086.067, 123
Trd, 259086.100, 96
Trd, 259086.667, 140
Trd, 259086.933, 140
Trd, 259087.783, 140
Trd, 259088.033, 140
Trd, 259088.383, 140
Trd, 259088.467, 140
Trd, 259088.683, 140
Trd, 259088.917, 140
Trd, 259088.967, 138
Trd, 259089.033, 137
Trd, 259089.083, 127
Trd, 259089.133, 123
Trd, 259089.183, 140
Trd, 259089.583, 110
Trd, 259089.783, 130
Trd, 259090.200, 140
Trd, 259090.450, 140
Trd, 259090.717, 140
Trd, 259091.233, 140
Trd, 259091.383, 140
Trd, 259091.467, 140
Trd, 259091.517, 140
Trd, 259091.700, 139
Trd, 259092.217, 125
Trd, 259092.250, 124
Trd, 259092.300, 140
Trd, 259092.633, 139
Trd, 259092.650, 119
Trd, 259092.917, 132
Trd, 259093.167, 120
Trd, 259093.233, 132
Trd, 259093.617, 112
Trd, 259093.633, 110
Trd, 259093.700, 125
Trd, 259094.150, 107
Trd, 259094.383, 123
Trd, 259094.450, 138
Trd, 259094.617, 114
Trd, 259094.650, 113
Trd, 259094.667, 104
Trd, 259094.700, 103
Trd, 259094.917, 136
Trd, 259095.017, 132
Trd, 259095.217, 133
Trd, 259095.500, 139
Trd, 259095.567, 140
Trd, 259095.650, 93
Trd, 259095.767, 85
Trd, 259096.467, 95
Trd, 259096.667, 139
Trd, 259096.700, 94
Trd, 259097.117, 131
Trd, 259097.450, 133
Trd, 259097.883, 137
Trd, 259098.300, 139
Trd, 259098.567, 140
Trd, 259098.867, 140
Trd, 259098.900, 139
Trd, 259099.017, 136
Trd, 259099.267, 131
Trd, 259099.417, 131
Trd, 259099.583, 140
Trd, 259099.783, 140
Trd, 259099.800, 139
Trd, 259100.100, 131
Trd, 259100.183, 130
Trd, 259100.333, 124
Trd, 259100.500, 135
Trd, 259100.633, 121
Trd, 259100.700, 136
Trd, 259100.767, 114
Trd, 259100.817, 136
Trd, 259100.917, 138
Trd, 259101.017, 105
Trd, 259101.533, 103
Trd, 259101.583, 100
Trd, 259101.817, 108
Trd, 259102.067, 126
Trd, 259102.367, 138
Trd, 259102.450, 98
Trd, 259102.483, 98
Trd, 259102.933, 119
Trd, 259102.950, 95
Trd, 259103.433, 140
Trd, 259103.683, 140
Trd, 259104.050, 140
Trd, 259104.183, 140
Trd, 259104.217, 140
Trd, 259104.233, 140
Trd, 259104.467, 121
Trd, 259104.483, 112
Trd, 259104.817, 95
Trd, 259105.267, 76
Trd, 259105.683, 124
Trd, 259105.700, 138
Trd, 259105.967, 135
Trd, 259106.717, 106
Trd, 259106.767, 136
Trd, 259106.933, 106
Trd, 259107.083, 137
Trd, 259107.383, 137
Trd, 259107.583, 139
Trd, 259107.833, 111
Trd, 259107.900, 111
Trd, 259108.033, 110
Trd, 259108.067, 99
Trd, 259108.400, 100
Trd, 259108.517, 139
Trd, 259108.600, 120
Trd, 259108.833, 120
Trd, 259108.850, 118
Trd, 259109.700, 122
Trd, 259109.867, 122
Trd, 259110.033, 133
Trd, 259110.050, 121
Trd, 259110.400, 122
Trd, 259110.467, 121
Trd, 259110.850, 130
Trd, 259111.100, 100
Trd, 259111.417, 139
Trd, 259111.650, 116
Trd, 259112.167, 140
Trd, 259112.317, 140
Trd, 259112.683, 140
Trd, 259113.317, 135
Trd, 259113.583, 137
Trd, 259113.633, 135
Trd, 259114.017, 137
Trd, 259114.067, 135
Trd, 259114.117, 134
Trd, 259114.167, 134
Trd, 259114.183, 126
Trd, 259114.300, 139
Trd, 259114.433, 119
Trd, 259114.583, 115
Trd, 259114.700, 118
Trd, 259114.833, 107
Trd, 259115.017, 118
Trd, 259115.150, 97
Trd, 259115.200, 95
Trd, 259115.467, 86
Trd, 259115.683, 140
Trd, 259115.867, 140
Trd, 259116.367, 139
Trd, 259116.467, 138
Trd, 259116.667, 132
Trd, 259116.883, 131
Trd, 259117.017, 121
Trd, 259117.217, 110
Trd, 259117.300, 109
Trd, 259117.633, 106
Trd, 259117.750, 91
Trd, 259118.050, 115
Trd, 259118.067, 91
Trd, 259118.167, 115
Trd, 259118.283, 116
Trd, 259118.600, 128
Trd, 259118.633, 119
Trd, 259118.983, 87
Trd, 259119.183, 98
Trd, 259119.350, 82
Trd, 259119.433, 140
Trd, 259119.567, 138
Trd, 259119.733, 134
Trd, 259119.867, 84
Trd, 259120.083, 85
Trd, 259120.217, 129
Trd, 259120.550, 82
Trd, 259120.750, 81
Trd, 259120.850, 130
Trd, 259121.067, 65
Trd, 259121.483, 140
Trd, 259121.733, 140
Trd, 259122.150, 140
Trd, 259122.167, 140
Trd, 259122.200, 130
Trd, 259122.267, 113
Trd, 259122.550, 110
Trd, 259122.650, 108
Trd, 259122.733, 67
Trd, 259123.567, 61
Trd, 259123.633, 62
Trd, 259123.850, 62
Trd, 259123.883, 63
Trd, 259125.167, 60
Trd, 259125.217, 60
Trd, 259125.267, 60
Trd, 259125.350, 60
Trd, 259125.400, 61
Trd, 259125.617, 61
Trd, 259125.650, 62
Trd, 259125.683, 63
Trd, 259125.883, 66
Trd, 259125.933, 68
Trd, 259126.167, 63
Trd, 259126.467, 62
Trd, 259126.483, 65
Trd, 259126.633, 70
Trd, 259127.433, 76
Trd, 259127.583, 73
Trd, 259127.850, 76
Trd, 259127.983, 77
Trd, 259128.417, 75
Trd, 259128.717, 74
Trd, 259129.350, 77
Trd, 259129.433, 78
Trd, 259129.467, 112
Trd, 259129.700, 134
Trd, 259129.917, 80
Trd, 259130.083, 80
Trd, 259130.383, 89
Trd, 259130.483, 80
Trd, 259130.533, 79
Trd, 259130.733, 85
Trd, 259130.900, 89
Trd, 259131.000, 86
Trd, 259131.133, 116
Trd, 259131.167, 102
Trd, 259131.350, 80
Trd, 259131.450, 140
Trd, 259131.533, 140
Trd, 259131.733, 140
Trd, 259131.750, 140
Trd, 259132.100, 131
Trd, 259132.150, 130
Trd, 259132.400, 130
Trd, 259132.533, 103
Trd, 259132.700, 139
Trd, 259132.900, 111
Trd, 259133.217, 140
Trd, 259133.333, 140
Trd, 259133.367, 140
Trd, 259133.633, 140
Trd, 259134.200, 140
Trd, 259134.500, 140
Trd, 259134.617, 140
Trd, 259134.833, 140
Trd, 259135.183, 140
Trd, 259135.200, 140
Trd, 259135.250, 136
Trd, 259135.733, 125
Trd, 259135.967, 126
Trd, 259136.117, 125
Trd, 259136.217, 134
Trd, 259136.333, 116
Trd, 259136.417, 114
Trd, 259136.883, 124
Trd, 259136.900, 122
Trd, 259137.000, 100
Trd, 259137.183, 93
Trd, 259137.433, 139
Trd, 259137.500, 107
Trd, 259138.050, 121
Trd, 259138.333, 138
Trd, 259138.817, 140
Trd, 259139.200, 114
Trd, 259139.567, 122
Trd, 259139.833, 121
Trd, 259140.067, 123
Trd, 259140.367, 140
Trd, 259140.450, 140
Trd, 259141.017, 140
Trd, 259141.167, 140
Trd, 259141.217, 140
Trd, 259141.267, 135
Trd, 259141.650, 140
Trd, 259141.683, 140
Trd, 259141.883, 125
Trd, 259141.933, 124
Trd, 259141.950, 123
Trd, 259142.183, 115
Trd, 259142.233, 114
Trd, 259142.433, 140
Trd, 259142.817, 140
Trd, 259142.900, 115
Trd, 259143.133, 115
Trd, 259143.650, 121
Trd, 259143.750, 120
Trd, 259143.883, 119
Trd, 259144.450, 138
Trd, 259144.500, 128
Trd, 259144.800, 130
Trd, 259145.033, 140
Trd, 259145.117, 119
Trd, 259145.483, 129
Trd, 259145.517, 110
Trd, 259145.883, 103
Trd, 259145.983, 125
Trd, 259146.183, 132
Trd, 259146.433, 116
Trd, 259146.867, 139
Trd, 259146.917, 138
Trd, 259146.983, 124
Trd, 259147.300, 118
Trd, 259147.317, 113
Trd, 259147.367, 112
Trd, 259147.500, 105
Trd, 259147.567, 98
Trd, 259147.667, 87
Trd, 259148.367, 140
Trd, 259148.450, 140
Trd, 259148.467, 140
Trd, 259148.950, 132
Trd, 259149.333, 135
Trd, 259149.500, 137
Trd, 259149.650, 132
Trd, 259149.783, 128
Trd, 259149.850, 127
Trd, 259150.017, 99
Trd, 259150.217, 98
Trd, 259150.583, 127
Trd, 259150.600, 95
Trd, 259150.617, 93
Trd, 259150.767, 103
Trd, 259150.967, 116
Trd, 259151.050, 84
Trd, 259151.250, 80
Trd, 259151.367, 125
Trd, 259151.533, 79
Trd, 259151.583, 78
Trd, 259151.783, 61
Trd, 259152.250, 61
Trd, 259152.617, 60
Trd, 259152.833, 62
Trd, 259152.983, 62
Trd, 259153.567, 60
Trd, 259154.117, 60
Trd, 259154.150, 60
Trd, 259154.350, 61
Trd, 259154.417, 64
Trd, 259154.517, 86
Trd, 259154.667, 69
Trd, 259154.733, 73
Trd, 259155.183, 87
Trd, 259155.617, 140
Trd, 259155.667, 140
Trd, 259155.717, 130
Trd, 259155.767, 139
Trd, 259155.833, 94
Trd, 259155.867, 80
Trd, 259156.233, 131
Trd, 259156.883, 126
Trd, 259157.000, 125
Trd, 259157.083, 116
Trd, 259157.350, 135
Trd, 259157.583, 124
Trd, 259157.633, 137
Trd, 259157.700, 106
Trd, 259157.850, 87
Trd, 259158.600, 140
Trd, 259158.617, 140
Trd, 259158.700, 140
Trd, 259158.783, 140
Trd, 259158.850, 140
Trd, 259158.883, 140
Trd, 259159.000, 140
Trd, 259159.517, 135
Trd, 259159.650, 129
Trd, 259160.150, 114
Trd, 259160.200, 113
Trd, 259160.733, 107
Trd, 259160.867, 107
Trd, 259161.250, 140
Trd, 259161.383, 138
Trd, 259161.783, 114
Trd, 259161.833, 114
Trd, 259161.900, 112
Trd, 259161.983, 98
Trd, 259162.233, 134
Trd, 259163.083, 140
Trd, 259163.200, 140
Trd, 259163.417, 139
Trd, 259163.517, 139
Trd, 259163.750, 138
Trd, 259164.000, 111
Trd, 259164.550, 107
Trd, 259164.700, 104
Trd, 259165.100, 114
Trd, 259165.183, 111
Trd, 259165.433, 111
Trd, 259165.650, 113
Trd, 259165.833, 112
Trd, 259165.883, 99
Trd, 259166.017, 114
Trd, 259166.350, 103
Trd, 259166.467, 102
Trd, 259166.600, 133
Trd, 259166.683, 119
Trd, 259166.933, 135
Trd, 259166.983, 127
Trd, 259167.183, 108
Trd, 259167.200, 136
Trd, 259167.433, 105
Trd, 259167.600, 113
Trd, 259167.733, 137
Trd, 259167.950, 135
Trd, 259168.000, 134
Trd, 259168.150, 103
Trd, 259168.383, 102
Trd, 259169.033, 95
Trd, 259169.183, 93
Trd, 259169.900, 140
Trd, 259169.933, 140
Trd, 259170.117, 140
Trd, 259170.183, 140
Trd, 259170.217, 132
Trd, 259170.500, 139
Trd, 259170.683, 140
Trd, 259170.850, 135
Trd, 259170.967, 134
Trd, 259171.017, 132
Trd, 259171.100, 124
Trd, 259171.167, 117
Trd, 259171.733, 112
Trd, 259172.000, 139
Trd, 259172.217, 140
Trd, 259172.733, 138
Trd, 259172.783, 127
Trd, 259172.850, 117
Trd, 259172.900, 117
Trd, 259173.000, 86
Trd, 259173.567, 80
Trd, 259173.583, 79
Trd, 259174.633, 60
Trd, 259174.700, 60
Trd, 259175.067, 60
Trd, 259175.283, 61
Trd, 259175.300, 61
Trd, 259175.583, 61
Trd, 259175.600, 63
Trd, 259175.750, 67
Trd, 259175.867, 68
Trd, 259176.117, 140
Trd, 259176.183, 139
Trd, 259176.317, 137
Trd, 259176.400, 136
Trd, 259176.500, 135
Trd, 259176.583, 115
Trd, 259177.183, 65
Trd, 259177.650, 96
Trd, 259177.917, 95
Trd, 259178.100, 140
Trd, 259178.117, 138
Trd, 259178.167, 107
Trd, 259178.200, 92
Trd, 259178.650, 81
Trd, 259178.717, 78
Trd, 259178.783, 74
Trd, 259178.950, 140
Trd, 259179.083, 140
Trd, 259179.217, 140
Trd, 259179.600, 140
Trd, 259179.683, 140
Trd, 259179.700, 140
Trd, 259179.983, 137
Trd, 259180.050, 126
Trd, 259180.833, 121
Trd, 259180.900, 115
Trd, 259181.100, 95
Trd, 259181.200, 131
Trd, 259181.250, 104
Trd, 259181.717, 90
Trd, 259181.967, 90
Trd, 259182.167, 113
Trd, 259182.283, 113
Trd, 259182.600, 94
Trd, 259182.633, 90
Trd, 259182.800, 84
Trd, 259182.833, 79
Trd, 259183.067, 73
Trd, 259183.633, 115
Trd, 259183.883, 117
Trd, 259184.067, 88
Trd, 259184.283, 116
Trd, 259184.300, 128
Trd, 259184.450, 115
Trd, 259184.733, 139
Trd, 259185.333, 139
Trd, 259185.683, 140
Trd, 259185.700, 140
Trd, 259185.917, 140
Trd, 259186.267, 140
Trd, 259186.283, 138
Trd, 259186.550, 139
Trd, 259186.650, 138
Trd, 259187.067, 140
Trd, 259187.467, 140
Trd, 259187.933, 140
Trd, 259188.017, 140
Trd, 259188.067, 129
Trd, 259188.233, 128
Trd, 259188.767, 124
Trd, 259189.217, 140
Trd, 259189.350, 140
Trd, 259189.733, 140
Trd, 259189.817, 140
Trd, 259189.933, 139
Trd, 259190.150, 102
Trd, 259190.400, 121
Trd, 259190.600, 140
Trd, 259190.633, 139
Trd, 259190.733, 126
Trd, 259190.817, 121
Trd, 259191.167, 140
Trd, 259191.250, 125
Trd, 259191.367, 120
Trd, 259191.733, 135
Trd, 259191.833, 120
Trd, 259191.883, 119
Trd, 259192.150, 114
Trd, 259192.167, 113
Trd, 259192.583, 140
Trd, 259192.817, 135
Trd, 259192.883, 117
Trd, 259192.983, 102
Trd, 259193.117, 133
Trd, 259193.850, 102
Trd, 259193.867, 104
Trd, 259194.100, 137
Trd, 259194.267, 112
Trd, 259194.400, 100
Trd, 259195.000, 98
Trd, 259195.167, 97
Trd, 259195.350, 131
Trd, 259195.450, 123
Trd, 259195.600, 95
Trd, 259195.750, 91
Trd, 259195.800, 92
Trd, 259195.900, 126
Trd, 259196.133, 80
Trd, 259196.300, 114
Trd, 259196.533, 114
Trd, 259196.633, 91
Trd, 259196.717, 119
Trd, 259196.917, 90
Trd, 259197.050, 79
Trd, 259197.200, 139
Trd, 259197.300, 63
Trd, 259197.433, 65
Trd, 259197.717, 60
Trd, 259198.017, 62
Trd, 259198.433, 110
Trd, 259198.783, 140
Trd, 259198.967, 140
Trd, 259199.117, 140
Trd, 259199.283, 140
Trd, 259199.483, 140
Trd, 259199.600, 140
Trd, 259199.900, 123
