Trd, 258597.150, 138
Trd, 258597.250, 119
Trd, 258597.950, 140
Trd, 258598.000, 79
Trd, 258598.183, 135
Trd, 258598.483, 138
Trd, 258598.500, 79
Trd, 258598.750, 74
Trd, 258599.283, 60
Trd, 258599.600, 60
Trd, 258599.983, 62
Trd, 258600.100, 62
Trd, 258600.267, 63
Trd, 258600.567, 65
Trd, 258600.583, 113
Trd, 258601.050, 111
Trd, 258601.200, 129
Trd, 258601.300, 129
Trd, 258601.400, 80
Trd, 258601.467, 81
Trd, 258601.483, 64
Trd, 258602.300, 60
Trd, 258602.500, 60
Trd, 258602.650, 60
Trd, 258603.250, 60
Trd, 258603.300, 60
Trd, 258603.367, 61
Trd, 258603.517, 61
Trd, 258603.583, 65
Trd, 258604.083, 65
Trd, 258604.150, 66
Trd, 258604.183, 66
Trd, 258604.200, 67
Trd, 258604.417, 64
Trd, 258604.467, 62
Trd, 258604.667, 68
Trd, 258604.983, 72
Trd, 258605.067, 68
Trd, 258605.317, 84
Trd, 258605.333, 69
Trd, 258605.467, 85
Trd, 258605.617, 138
Trd, 258605.683, 69
Trd, 258605.750, 68
Trd, 258605.983, 140
Trd, 258606.000, 139
Trd, 258607.233, 94
Trd, 258607.567, 94
Trd, 258607.650, 119
Trd, 258607.783, 121
Trd, 258607.883, 121
Trd, 258607.983, 93
Trd, 258608.067, 90
Trd, 258608.283, 86
Trd, 258608.417, 106
Trd, 258608.617, 87
Trd, 258609.400, 121
Trd, 258609.900, 133
Trd, 258610.083, 101
Trd, 258610.133, 100
Trd, 258610.417, 129
Trd, 258610.467, 97
Trd, 258610.750, 111
Trd, 258610.867, 97
Trd, 258610.883, 96
Trd, 258611.167, 130
Trd, 258611.233, 113
Trd, 258611.400, 127
Trd, 258611.783, 111
Trd, 258611.917, 127
Trd, 258612.133, 124
Trd, 258612.233, 109
Trd, 258612.317, 125
Trd, 258612.483, 128
Trd, 258612.750, 129
Trd, 258613.050, 113
Trd, 258613.433, 114
Trd, 258613.483, 115
Trd, 258614.283, 114
Trd, 258614.317, 113
Trd, 258614.367, 115
Trd, 258614.400, 124
Trd, 258614.750, 136
Trd, 258614.883, 92
Trd, 258615.300, 70
Trd, 258615.417, 86
Trd, 258615.433, 69
Trd, 258615.550, 138
Trd, 258615.733, 111
Trd, 258616.333, 101
Trd, 258616.917, 140
Trd, 258617.183, 140
Trd, 258617.233, 140
Trd, 258617.850, 140
Trd, 258617.950, 140
Trd, 258618.000, 140
Trd, 258618.117, 140
Trd, 258618.183, 140
Trd, 258618.217, 122
Trd, 258618.233, 121
Trd, 258618.417, 135
Trd, 258619.000, 126
Trd, 258619.217, 125
Trd, 258619.317, 121
Trd, 258619.333, 106
Trd, 258619.417, 137
Trd, 258620.150, 133
Trd, 258620.367, 118
Trd, 258620.500, 117
Trd, 258620.600, 126
Trd, 258620.617, 116
Trd, 258620.800, 126
Trd, 258620.817, 101
Trd, 258620.833, 127
Trd, 258621.283, 115
Trd, 258621.500, 115
Trd, 258621.817, 114
Trd, 258622.267, 128
Trd, 258622.500, 130
Trd, 258623.283, 119
Trd, 258623.550, 128
Trd, 258623.833, 128
Trd, 258623.883, 127
Trd, 258624.117, 126
Trd, 258624.167, 114
Trd, 258624.750, 126
Trd, 258624.800, 121
Trd, 258624.900, 115
Trd, 258624.917, 125
Trd, 258625.083, 124
Trd, 258625.133, 125
Trd, 258625.200, 114
Trd, 258625.550, 134
Trd, 258625.633, 113
Trd, 258625.650, 102
Trd, 258626.350, 68
Trd, 258626.367, 134
Trd, 258626.483, 67
Trd, 258626.650, 121
Trd, 258626.800, 75
Trd, 258627.117, 134
Trd, 258627.150, 93
Trd, 258627.217, 80
Trd, 258627.567, 139
Trd, 258628.150, 140
Trd, 258628.750, 140
Trd, 258628.867, 140
Trd, 258629.283, 140
Trd, 258629.550, 140
Trd, 258630.217, 140
Trd, 258630.267, 140
Trd, 258630.800, 140
Trd, 258630.900, 140
Trd, 258631.400, 140
Trd, 258631.433, 140
Trd, 258631.450, 140
Trd, 258631.517, 140
Trd, 258632.267, 140
Trd, 258632.600, 140
Trd, 258632.783, 140
Trd, 258632.833, 140
Trd, 258632.883, 140
Trd, 258633.350, 140
Trd, 258633.400, 140
Trd, 258633.550, 140
Trd, 258633.633, 139
Trd, 258633.667, 138
Trd, 258633.717, 138
Trd, 258633.733, 137
Trd, 258634.317, 137
Trd, 258634.600, 136
Trd, 258634.617, 138
Trd, 258634.917, 129
Trd, 258635.017, 129
Trd, 258635.033, 127
Trd, 258635.050, 137
Trd, 258635.600, 133
Trd, 258635.783, 131
Trd, 258635.817, 130
Trd, 258635.933, 132
Trd, 258636.217, 134
Trd, 258636.450, 130
Trd, 258636.750, 134
Trd, 258637.033, 133
Trd, 258637.100, 131
Trd, 258637.283, 134
Trd, 258637.367, 129
Trd, 258637.400, 135
Trd, 258637.600, 128
Trd, 258637.900, 70
Trd, 258638.433, 136
Trd, 258638.583, 130
Trd, 258638.633, 129
Trd, 258638.683, 113
Trd, 258639.100, 140
Trd, 258639.433, 140
Trd, 258639.517, 140
Trd, 258639.633, 127
Trd, 258640.033, 121
Trd, 258640.367, 139
Trd, 258640.550, 139
Trd, 258641.400, 133
Trd, 258641.550, 132
Trd, 258641.583, 130
Trd, 258641.750, 119
Trd, 258641.867, 118
Trd, 258642.183, 113
Trd, 258642.300, 112
Trd, 258642.433, 108
Trd, 258642.583, 106
Trd, 258642.650, 132
Trd, 258642.717, 106
Trd, 258642.750, 99
Trd, 258642.817, 134
Trd, 258643.333, 132
Trd, 258643.383, 133
Trd, 258643.450, 134
Trd, 258643.483, 133
Trd, 258643.500, 140
Trd, 258643.967, 139
Trd, 258644.150, 133
Trd, 258644.533, 140
Trd, 258644.933, 139
Trd, 258645.200, 140
Trd, 258645.233, 112
Trd, 258646.033, 126
Trd, 258646.133, 125
Trd, 258646.150, 122
Trd, 258646.200, 103
Trd, 258646.417, 128
Trd, 258646.467, 125
Trd, 258646.533, 106
Trd, 258647.133, 122
Trd, 258647.250, 119
Trd, 258647.267, 107
Trd, 258647.667, 119
Trd, 258647.883, 125
Trd, 258648.167, 125
Trd, 258648.200, 112
Trd, 258648.250, 111
Trd, 258648.267, 130
Trd, 258648.483, 108
Trd, 258648.683, 108
Trd, 258648.700, 134
Trd, 258648.767, 103
Trd, 258649.167, 102
Trd, 258649.917, 113
Trd, 258650.250, 129
Trd, 258650.450, 117
Trd, 258650.467, 131
Trd, 258650.533, 116
Trd, 258650.717, 115
Trd, 258650.867, 126
Trd, 258650.917, 113
Trd, 258651.117, 105
Trd, 258651.333, 92
Trd, 258651.633, 65
Trd, 258651.733, 61
Trd, 258651.767, 124
Trd, 258652.017, 109
Trd, 258652.367, 122
Trd, 258652.400, 123
Trd, 258652.583, 95
Trd, 258652.750, 126
Trd, 258653.017, 128
Trd, 258653.517, 115
Trd, 258653.700, 140
Trd, 258654.317, 140
Trd, 258654.667, 140
Trd, 258654.850, 140
Trd, 258655.100, 140
Trd, 258655.150, 139
Trd, 258655.383, 140
Trd, 258655.550, 140
Trd, 258655.683, 139
Trd, 258656.267, 140
Trd, 258656.333, 140
Trd, 258656.500, 138
Trd, 258656.633, 139
Trd, 258656.950, 140
Trd, 258657.467, 140
Trd, 258657.900, 140
Trd, 258658.017, 139
Trd, 258658.500, 140
Trd, 258658.600, 140
Trd, 258658.850, 139
Trd, 258658.883, 139
Trd, 258659.017, 129
Trd, 258659.217, 136
Trd, 258659.733, 129
Trd, 258659.767, 131
Trd, 258659.867, 128
Trd, 258660.000, 132
Trd, 258660.183, 131
Trd, 258660.217, 125
Trd, 258660.717, 133
Trd, 258660.800, 140
Trd, 258660.833, 123
Trd, 258661.400, 126
Trd, 258661.767, 140
Trd, 258661.967, 140
Trd, 258662.750, 140
Trd, 258663.033, 140
Trd, 258663.100, 140
Trd, 258663.250, 140
Trd, 258663.367, 140
Trd, 258664.183, 140
Trd, 258664.550, 140
Trd, 258664.900, 137
Trd, 258664.950, 127
Trd, 258665.283, 135
Trd, 258665.317, 110
Trd, 258665.367, 110
Trd, 258665.433, 102
Trd, 258665.733, 91
Trd, 258665.767, 88
Trd, 258666.083, 81
Trd, 258666.117, 124
Trd, 258666.350, 132
Trd, 258666.683, 64
Trd, 258666.817, 60
Trd, 258666.900, 64
Trd, 258667.217, 133
Trd, 258667.417, 133
Trd, 258667.900, 103
Trd, 258667.933, 104
Trd, 258668.267, 116
Trd, 258668.350, 131
Trd, 258668.550, 115
Trd, 258668.833, 114
Trd, 258668.983, 128
Trd, 258669.067, 89
Trd, 258669.133, 131
Trd, 258669.283, 87
Trd, 258669.817, 140
Trd, 258669.833, 139
Trd, 258669.950, 138
Trd, 258670.000, 121
Trd, 258670.033, 118
Trd, 258670.567, 116
Trd, 258670.683, 116
Trd, 258671.483, 119
Trd, 258671.617, 131
Trd, 258671.750, 120
Trd, 258671.917, 119
Trd, 258672.217, 127
Trd, 258672.233, 122
Trd, 258672.300, 128
Trd, 258672.367, 133
Trd, 258672.483, 134
Trd, 258672.617, 119
Trd, 258673.733, 140
Trd, 258674.317, 140
Trd, 258674.683, 140
Trd, 258674.767, 140
Trd, 258674.900, 140
Trd, 258675.317, 140
Trd, 258675.450, 140
Trd, 258675.600, 140
Trd, 258675.733, 140
Trd, 258675.867, 140
Trd, 258676.033, 140
Trd, 258676.083, 140
Trd, 258676.200, 139
Trd, 258676.667, 140
Trd, 258676.883, 140
Trd, 258677.067, 140
Trd, 258677.083, 138
Trd, 258677.183, 138
Trd, 258677.300, 140
Trd, 258677.600, 120
Trd, 258677.650, 140
Trd, 258677.717, 119
Trd, 258677.950, 116
Trd, 258677.967, 139
Trd, 258678.167, 109
Trd, 258678.617, 140
Trd, 258678.783, 140
Trd, 258678.883, 140
Trd, 258679.267, 140
Trd, 258679.483, 88
Trd, 258679.750, 118
Trd, 258680.300, 71
Trd, 258680.383, 102
Trd, 258680.433, 63
Trd, 258680.517, 61
Trd, 258680.600, 96
Trd, 258680.967, 96
Trd, 258681.033, 96
Trd, 258681.250, 97
Trd, 258681.350, 96
Trd, 258681.400, 97
Trd, 258681.550, 103
Trd, 258682.150, 109
Trd, 258682.367, 127
Trd, 258682.583, 96
Trd, 258682.717, 113
Trd, 258682.883, 94
Trd, 258683.000, 94
Trd, 258683.833, 96
Trd, 258683.883, 95
Trd, 258684.050, 106
Trd, 258684.183, 128
Trd, 258684.517, 97
Trd, 258684.717, 116
Trd, 258685.017, 97
Trd, 258685.167, 100
Trd, 258685.183, 95
Trd, 258685.383, 126
Trd, 258685.483, 109
Trd, 258685.533, 134
Trd, 258685.733, 134
Trd, 258685.767, 135
Trd, 258686.033, 136
Trd, 258686.550, 140
Trd, 258686.750, 89
Trd, 258687.067, 88
Trd, 258687.100, 88
Trd, 258687.850, 118
Trd, 258687.933, 117
Trd, 258688.317, 106
Trd, 258688.567, 105
Trd, 258688.933, 99
Trd, 258689.050, 125
Trd, 258689.250, 125
Trd, 258689.433, 124
Trd, 258689.667, 60
Trd, 258689.967, 61
Trd, 258690.417, 62
Trd, 258690.800, 61
Trd, 258690.933, 62
Trd, 258690.950, 66
Trd, 258690.983, 79
Trd, 258691.067, 61
Trd, 258691.450, 63
Trd, 258691.550, 64
Trd, 258691.683, 62
Trd, 258691.850, 70
Trd, 258692.033, 63
Trd, 258692.167, 62
Trd, 258692.300, 63
Trd, 258692.467, 63
Trd, 258692.550, 64
Trd, 258692.783, 64
Trd, 258693.033, 85
Trd, 258693.083, 97
Trd, 258693.133, 98
Trd, 258693.150, 98
Trd, 258693.317, 114
Trd, 258693.583, 90
Trd, 258693.833, 83
Trd, 258694.150, 98
Trd, 258694.317, 97
Trd, 258694.850, 101
Trd, 258694.983, 102
Trd, 258695.017, 129
Trd, 258695.100, 137
Trd, 258696.383, 140
Trd, 258696.650, 140
Trd, 258696.783, 140
Trd, 258696.917, 140
Trd, 258697.600, 140
Trd, 258697.950, 140
Trd, 258697.983, 140
Trd, 258698.333, 138
Trd, 258698.483, 137
Trd, 258698.550, 138
Trd, 258698.750, 137
Trd, 258699.083, 130
Trd, 258699.133, 132
Trd, 258699.250, 133
Trd, 258699.350, 134
Trd, 258699.383, 129
Trd, 258699.417, 136
Trd, 258699.433, 120
Trd, 258699.483, 139
Trd, 258700.467, 140
Trd, 258700.950, 140
Trd, 258701.283, 132
Trd, 258701.333, 132
Trd, 258701.350, 131
Trd, 258701.733, 128
Trd, 258701.783, 97
Trd, 258701.800, 128
Trd, 258701.833, 91
Trd, 258701.867, 90
Trd, 258702.083, 127
Trd, 258702.633, 125
Trd, 258702.867, 90
Trd, 258702.900, 105
Trd, 258702.950, 104
Trd, 258703.367, 90
Trd, 258703.533, 90
Trd, 258703.600, 88
Trd, 258703.683, 103
Trd, 258703.783, 73
Trd, 258703.817, 104
Trd, 258704.083, 73
Trd, 258704.117, 73
Trd, 258704.300, 104
Trd, 258704.817, 94
Trd, 258704.933, 93
Trd, 258705.800, 104
Trd, 258706.067, 80
Trd, 258706.250, 94
Trd, 258706.317, 104
Trd, 258706.500, 105
Trd, 258706.633, 117
Trd, 258706.817, 89
Trd, 258706.950, 89
Trd, 258707.017, 132
Trd, 258707.133, 96
Trd, 258707.217, 88
Trd, 258707.933, 140
Trd, 258708.317, 140
Trd, 258708.467, 140
Trd, 258708.817, 140
Trd, 258709.483, 140
Trd, 258709.550, 140
Trd, 258710.017, 140
Trd, 258710.150, 140
Trd, 258710.633, 140
Trd, 258710.767, 140
Trd, 258710.800, 139
Trd, 258710.867, 139
Trd, 258711.300, 140
Trd, 258711.383, 140
Trd, 258712.017, 140
Trd, 258712.083, 140
Trd, 258712.300, 140
Trd, 258712.650, 140
Trd, 258712.717, 140
Trd, 258713.417, 140
Trd, 258713.950, 140
Trd, 258713.983, 140
Trd, 258714.017, 140
Trd, 258714.167, 140
Trd, 258714.217, 138
Trd, 258714.250, 137
Trd, 258714.517, 138
Trd, 258714.550, 135
Trd, 258714.900, 139
Trd, 258714.917, 118
Trd, 258715.050, 117
Trd, 258715.150, 118
Trd, 258715.550, 135
Trd, 258715.567, 118
Trd, 258715.850, 118
Trd, 258716.200, 105
Trd, 258716.350, 105
Trd, 258716.533, 104
Trd, 258717.250, 120
Trd, 258717.283, 121
Trd, 258717.367, 116
Trd, 258717.550, 121
Trd, 258717.867, 119
Trd, 258718.000, 120
Trd, 258718.017, 118
Trd, 258718.117, 120
Trd, 258718.200, 116
Trd, 258718.267, 121
Trd, 258718.350, 115
Trd, 258718.467, 101
Trd, 258718.517, 122
Trd, 258718.617, 72
Trd, 258718.933, 60
Trd, 258719.167, 60
Trd, 258719.300, 108
Trd, 258719.450, 90
Trd, 258719.683, 108
Trd, 258719.767, 110
Trd, 258720.217, 94
Trd, 258720.333, 94
Trd, 258720.550, 93
Trd, 258720.667, 92
Trd, 258720.717, 92
Trd, 258720.783, 109
Trd, 258720.983, 91
Trd, 258721.333, 69
Trd, 258721.367, 109
Trd, 258721.567, 60
Trd, 258721.767, 61
Trd, 258721.850, 73
Trd, 258721.883, 110
Trd, 258722.950, 105
Trd, 258723.000, 100
Trd, 258723.233, 103
Trd, 258723.300, 102
Trd, 258723.400, 102
Trd, 258723.417, 103
Trd, 258723.483, 101
Trd, 258724.000, 90
Trd, 258724.250, 104
Trd, 258724.833, 132
Trd, 258724.950, 128
Trd, 258724.967, 133
Trd, 258725.367, 108
Trd, 258725.483, 109
Trd, 258725.517, 136
Trd, 258725.767, 140
Trd, 258725.850, 129
Trd, 258725.917, 107
Trd, 258726.500, 140
Trd, 258726.867, 116
Trd, 258727.033, 140
Trd, 258727.067, 139
Trd, 258727.083, 115
Trd, 258727.183, 109
Trd, 258727.383, 139
Trd, 258727.683, 118
Trd, 258728.050, 120
Trd, 258728.250, 134
Trd, 258728.700, 132
Trd, 258728.883, 127
Trd, 258728.967, 126
Trd, 258728.983, 134
Trd, 258729.183, 133
Trd, 258729.333, 134
Trd, 258729.383, 130
Trd, 258729.400, 126
Trd, 258729.683, 119
Trd, 258730.300, 140
Trd, 258730.500, 139
Trd, 258730.567, 140
Trd, 258730.800, 140
Trd, 258730.900, 140
Trd, 258731.033, 140
Trd, 258731.317, 140
Trd, 258731.400, 140
Trd, 258731.450, 140
Trd, 258731.700, 140
Trd, 258731.750, 140
Trd, 258731.917, 138
Trd, 258732.567, 93
Trd, 258732.583, 92
Trd, 258732.900, 136
Trd, 258733.550, 106
Trd, 258733.850, 118
Trd, 258733.917, 117
Trd, 258734.050, 130
Trd, 258734.117, 116
Trd, 258734.350, 125
Trd, 258734.700, 131
Trd, 258734.933, 115
Trd, 258734.983, 91
Trd, 258735.033, 82
Trd, 258735.400, 84
Trd, 258735.650, 123
Trd, 258736.117, 87
Trd, 258736.167, 104
Trd, 258736.267, 120
Trd, 258736.283, 84
Trd, 258736.650, 97
Trd, 258736.717, 78
Trd, 258736.933, 69
Trd, 258737.250, 130
Trd, 258737.583, 92
Trd, 258737.950, 111
Trd, 258738.100, 74
Trd, 258738.333, 76
Trd, 258738.367, 106
Trd, 258738.417, 107
Trd, 258738.683, 80
Trd, 258738.833, 106
Trd, 258739.350, 108
Trd, 258739.450, 111
Trd, 258739.500, 107
Trd, 258739.700, 129
Trd, 258739.717, 107
Trd, 258739.867, 129
Trd, 258739.950, 105
Trd, 258740.267, 126
Trd, 258740.383, 126
Trd, 258740.600, 106
Trd, 258740.750, 104
Trd, 258741.033, 73
Trd, 258741.067, 105
Trd, 258741.300, 66
Trd, 258741.400, 106
Trd, 258741.867, 96
Trd, 258742.283, 94
Trd, 258742.300, 98
Trd, 258742.617, 69
Trd, 258742.700, 87
Trd, 258742.867, 87
Trd, 258742.917, 88
Trd, 258743.117, 74
Trd, 258743.217, 71
Trd, 258743.283, 91
Trd, 258743.300, 92
Trd, 258743.467, 95
Trd, 258743.800, 78
Trd, 258744.100, 77
Trd, 258744.200, 82
Trd, 258744.267, 82
Trd, 258744.633, 97
Trd, 258744.700, 117
Trd, 258744.983, 78
Trd, 258745.117, 125
Trd, 258745.583, 76
Trd, 258745.867, 76
Trd, 258746.217, 93
Trd, 258746.267, 94
Trd, 258746.400, 95
Trd, 258746.483, 139
Trd, 258746.833, 140
Trd, 258747.483, 140
Trd, 258747.617, 140
Trd, 258747.733, 140
Trd, 258748.083, 140
Trd, 258748.283, 140
Trd, 258748.317, 140
Trd, 258748.733, 138
Trd, 258748.950, 137
Trd, 258749.017, 140
Trd, 258749.333, 138
Trd, 258749.400, 140
Trd, 258749.583, 136
Trd, 258749.750, 128
Trd, 258751.050, 82
Trd, 258751.167, 82
Trd, 258751.483, 118
Trd, 258751.550, 121
Trd, 258751.850, 120
Trd, 258751.867, 96
Trd, 258751.900, 121
Trd, 258751.917, 96
Trd, 258751.983, 122
Trd, 258752.617, 101
Trd, 258752.667, 121
Trd, 258752.683, 122
Trd, 258752.733, 103
Trd, 258752.767, 126
Trd, 258753.300, 129
Trd, 258753.400, 130
Trd, 258753.617, 110
Trd, 258754.083, 118
Trd, 258754.233, 129
Trd, 258754.700, 129
Trd, 258754.950, 129
Trd, 258755.050, 128
Trd, 258755.067, 117
Trd, 258755.167, 130
Trd, 258755.350, 138
Trd, 258755.833, 131
Trd, 258755.950, 135
Trd, 258756.083, 131
Trd, 258756.117, 130
Trd, 258756.317, 135
Trd, 258756.417, 138
Trd, 258756.667, 120
Trd, 258756.717, 119
Trd, 258756.917, 119
Trd, 258757.317, 134
Trd, 258757.567, 138
Trd, 258757.667, 139
Trd, 258757.817, 123
Trd, 258758.600, 140
Trd, 258759.150, 140
Trd, 258759.167, 140
Trd, 258759.183, 140
Trd, 258759.300, 140
Trd, 258759.367, 140
Trd, 258759.383, 140
Trd, 258759.750, 118
Trd, 258759.817, 116
Trd, 258760.217, 140
Trd, 258760.317, 137
Trd, 258760.383, 115
Trd, 258760.500, 107
Trd, 258760.817, 106
Trd, 258760.917, 75
Trd, 258760.933, 71
Trd, 258761.267, 60
Trd, 258761.433, 62
Trd, 258761.867, 60
Trd, 258762.133, 60
Trd, 258762.367, 60
Trd, 258762.650, 60
Trd, 258762.933, 60
Trd, 258763.150, 60
Trd, 258763.300, 60
Trd, 258763.483, 63
Trd, 258763.617, 79
Trd, 258763.983, 74
Trd, 258764.100, 73
Trd, 258764.367, 139
Trd, 258764.717, 139
Trd, 258765.033, 102
Trd, 258765.317, 73
Trd, 258765.650, 72
Trd, 258765.683, 107
Trd, 258766.117, 74
Trd, 258766.233, 72
Trd, 258766.383, 75
Trd, 258766.417, 81
Trd, 258766.983, 100
Trd, 258767.100, 102
Trd, 258767.250, 103
Trd, 258767.717, 103
Trd, 258767.783, 102
Trd, 258767.850, 101
Trd, 258768.217, 102
Trd, 258768.250, 100
Trd, 258768.267, 91
Trd, 258768.650, 102
Trd, 258768.883, 102
Trd, 258769.617, 123
Trd, 258769.767, 137
Trd, 258770.333, 122
Trd, 258770.583, 121
Trd, 258770.650, 119
Trd, 258770.750, 133
Trd, 258771.217, 124
Trd, 258771.433, 129
Trd, 258771.467, 120
Trd, 258771.517, 119
Trd, 258771.550, 129
Trd, 258771.583, 100
Trd, 258771.700, 91
Trd, 258772.417, 68
Trd, 258772.633, 110
Trd, 258773.000, 85
Trd, 258773.100, 115
Trd, 258773.117, 116
Trd, 258773.150, 121
Trd, 258773.200, 85
Trd, 258773.433, 119
Trd, 258773.467, 83
Trd, 258774.533, 104
Trd, 258774.550, 85
Trd, 258774.567, 105
Trd, 258775.000, 103
Trd, 258775.033, 98
Trd, 258775.217, 96
Trd, 258775.233, 94
Trd, 258775.367, 102
Trd, 258775.383, 93
Trd, 258775.867, 60
Trd, 258775.883, 61
Trd, 258776.067, 65
Trd, 258776.200, 66
Trd, 258776.667, 61
Trd, 258777.183, 101
Trd, 258777.300, 103
Trd, 258777.317, 92
Trd, 258777.783, 114
Trd, 258777.867, 112
Trd, 258778.083, 110
Trd, 258778.233, 110
Trd, 258778.417, 109
Trd, 258778.533, 111
Trd, 258778.783, 122
Trd, 258778.850, 109
Trd, 258779.083, 135
Trd, 258779.283, 111
Trd, 258779.333, 109
Trd, 258779.950, 140
Trd, 258780.583, 140
Trd, 258780.767, 140
Trd, 258781.083, 140
Trd, 258781.683, 140
Trd, 258782.133, 140
Trd, 258782.517, 140
Trd, 258782.533, 140
Trd, 258782.583, 140
Trd, 258782.700, 140
Trd, 258783.367, 140
Trd, 258783.517, 140
Trd, 258783.533, 140
Trd, 258783.583, 140
Trd, 258783.650, 139
Trd, 258783.700, 140
Trd, 258783.767, 139
Trd, 258783.833, 139
Trd, 258783.883, 126
Trd, 258784.017, 139
Trd, 258784.167, 140
Trd, 258784.200, 101
Trd, 258784.683, 112
Trd, 258784.767, 135
Trd, 258784.867, 117
Trd, 258784.900, 116
Trd, 258785.683, 130
Trd, 258785.800, 131
Trd, 258786.250, 128
Trd, 258786.417, 128
Trd, 258786.483, 127
Trd, 258786.567, 130
Trd, 258786.600, 103
Trd, 258786.667, 131
Trd, 258786.750, 132
Trd, 258786.867, 133
Trd, 258787.167, 120
Trd, 258787.183, 118
Trd, 258788.300, 140
Trd, 258788.483, 140
Trd, 258788.717, 138
Trd, 258788.800, 136
Trd, 258788.983, 121
Trd, 258789.133, 140
Trd, 258789.983, 140
Trd, 258790.000, 140
Trd, 258790.067, 139
Trd, 258790.300, 140
Trd, 258790.967, 138
Trd, 258791.050, 138
Trd, 258791.083, 137
Trd, 258791.183, 138
Trd, 258791.400, 138
Trd, 258791.533, 138
Trd, 258791.650, 137
Trd, 258791.700, 136
Trd, 258791.717, 134
Trd, 258792.067, 139
Trd, 258792.533, 127
Trd, 258792.633, 127
Trd, 258792.833, 127
Trd, 258793.067, 139
Trd, 258793.267, 126
Trd, 258793.633, 124
Trd, 258793.850, 138
Trd, 258793.967, 124
Trd, 258793.983, 102
Trd, 258794.000, 91
Trd, 258794.483, 113
Trd, 258794.617, 102
Trd, 258794.633, 76
Trd, 258794.717, 77
Trd, 258795.083, 80
Trd, 258795.283, 129
Trd, 258796.017, 112
Trd, 258796.150, 108
Trd, 258796.317, 110
Trd, 258796.467, 107
Trd, 258796.700, 90
Trd, 258796.850, 120
Trd, 258796.933, 121
Trd, 258796.983, 90
Trd, 258797.083, 101
Trd, 258797.183, 102
Trd, 258797.417, 124
Trd, 258797.433, 89
Trd, 258797.700, 124
Trd, 258797.833, 90
Trd, 258797.917, 89
Trd, 258798.150, 87
Trd, 258798.217, 123
Trd, 258798.450, 124
Trd, 258798.750, 138
Trd, 258798.817, 137
Trd, 258799.033, 140
Trd, 258800.067, 140
Trd, 258800.633, 140
Trd, 258801.050, 140
Trd, 258801.133, 140
Trd, 258801.967, 140
Trd, 258802.217, 140
Trd, 258803.033, 140
Trd, 258803.350, 140
Trd, 258803.433, 140
Trd, 258803.683, 140
Trd, 258803.750, 140
Trd, 258803.833, 140
Trd, 258804.117, 140
Trd, 258804.567, 140
Trd, 258804.650, 140
Trd, 258804.683, 139
Trd, 258804.733, 140
Trd, 258804.767, 139
Trd, 258804.967, 137
Trd, 258805.267, 140
Trd, 258805.283, 140
Trd, 258805.367, 135
Trd, 258805.600, 135
Trd, 258805.717, 117
Trd, 258806.450, 138
Trd, 258806.650, 138
Trd, 258806.917, 122
Trd, 258806.983, 121
Trd, 258807.183, 121
Trd, 258807.583, 134
Trd, 258807.600, 136
Trd, 258807.917, 123
Trd, 258808.200, 124
Trd, 258808.350, 131
Trd, 258808.717, 126
Trd, 258809.083, 125
Trd, 258809.567, 128
Trd, 258809.750, 131
Trd, 258809.817, 128
Trd, 258809.850, 128
Trd, 258810.217, 126
Trd, 258810.483, 121
Trd, 258810.517, 117
Trd, 258810.583, 101
Trd, 258810.633, 139
Trd, 258810.833, 125
Trd, 258811.233, 139
Trd, 258811.367, 140
Trd, 258811.517, 139
Trd, 258811.533, 139
Trd, 258811.883, 139
Trd, 258812.017, 140
Trd, 258812.250, 140
Trd, 258812.333, 140
Trd, 258812.433, 140
Trd, 258813.100, 140
Trd, 258813.283, 139
Trd, 258813.500, 138
Trd, 258813.533, 136
Trd, 258814.183, 131
Trd, 258814.217, 132
Trd, 258814.300, 126
Trd, 258814.800, 111
Trd, 258815.000, 111
Trd, 258815.150, 110
Trd, 258815.433, 109
Trd, 258815.833, 122
Trd, 258815.850, 112
Trd, 258815.917, 123
Trd, 258816.017, 125
Trd, 258816.100, 104
Trd, 258816.200, 126
Trd, 258816.233, 103
Trd, 258816.400, 133
Trd, 258816.983, 128
Trd, 258817.033, 117
Trd, 258817.467, 131
Trd, 258817.483, 133
Trd, 258817.733, 139
Trd, 258818.517, 129
Trd, 258818.550, 128
Trd, 258818.633, 125
Trd, 258818.900, 124
Trd, 258818.983, 136
Trd, 258819.183, 139
Trd, 258819.217, 119
Trd, 258819.350, 118
Trd, 258819.933, 120
Trd, 258820.083, 139
Trd, 258820.917, 128
Trd, 258821.033, 127
Trd, 258821.233, 125
Trd, 258821.733, 128
Trd, 258821.833, 131
Trd, 258822.433, 128
Trd, 258822.533, 130
Trd, 258822.633, 127
Trd, 258822.683, 131
Trd, 258822.717, 126
Trd, 258822.800, 137
Trd, 258823.400, 140
Trd, 258823.467, 139
Trd, 258823.533, 139
Trd, 258823.767, 140
Trd, 258823.983, 133
Trd, 258824.117, 124
Trd, 258824.350, 140
Trd, 258824.850, 140
Trd, 258825.533, 140
Trd, 258825.550, 140
Trd, 258825.767, 140
Trd, 258825.983, 140
Trd, 258826.050, 140
Trd, 258826.300, 140
Trd, 258826.383, 140
Trd, 258826.483, 139
Trd, 258826.517, 136
Trd, 258826.533, 135
Trd, 258827.083, 140
Trd, 258827.300, 122
Trd, 258827.467, 101
Trd, 258827.617, 100
Trd, 258827.900, 140
Trd, 258828.167, 131
Trd, 258828.250, 130
Trd, 258828.633, 139
Trd, 258828.783, 116
Trd, 258829.000, 98
Trd, 258829.333, 97
Trd, 258830.517, 119
Trd, 258830.783, 121
Trd, 258831.117, 122
Trd, 258831.267, 121
Trd, 258831.300, 122
Trd, 258831.333, 120
Trd, 258831.350, 123
Trd, 258831.400, 118
Trd, 258831.517, 120
Trd, 258831.850, 138
Trd, 258832.100, 110
Trd, 258832.350, 121
Trd, 258832.517, 135
Trd, 258832.600, 107
Trd, 258832.850, 140
Trd, 258833.217, 139
Trd, 258833.317, 128
Trd, 258833.333, 97
Trd, 258833.383, 94
Trd, 258833.733, 132
Trd, 258833.783, 134
Trd, 258833.933, 134
Trd, 258834.050, 135
Trd, 258834.233, 108
Trd, 258834.583, 137
Trd, 258834.800, 121
Trd, 258834.933, 137
Trd, 258834.967, 138
Trd, 258836.033, 120
Trd, 258836.167, 119
Trd, 258836.517, 140
Trd, 258836.667, 140
Trd, 258837.350, 140
Trd, 258837.367, 140
Trd, 258837.483, 140
Trd, 258837.500, 140
Trd, 258837.533, 139
Trd, 258837.850, 128
Trd, 258837.933, 112
Trd, 258837.950, 89
Trd, 258838.050, 74
Trd, 258838.183, 100
Trd, 258838.700, 129
Trd, 258838.917, 130
Trd, 258839.050, 132
Trd, 258839.267, 132
Trd, 258839.350, 129
Trd, 258839.367, 133
Trd, 258839.550, 133
Trd, 258839.817, 138
Trd, 258839.917, 128
Trd, 258839.983, 127
Trd, 258840.467, 140
Trd, 258840.733, 140
Trd, 258841.033, 140
Trd, 258841.950, 140
Trd, 258842.550, 140
Trd, 258842.650, 140
Trd, 258842.950, 140
Trd, 258843.083, 140
Trd, 258843.350, 140
Trd, 258843.400, 140
Trd, 258843.467, 140
Trd, 258843.750, 140
Trd, 258843.883, 140
Trd, 258843.967, 140
Trd, 258844.050, 140
Trd, 258844.583, 124
Trd, 258844.717, 124
Trd, 258844.817, 123
Trd, 258845.050, 133
Trd, 258845.083, 134
Trd, 258845.300, 138
Trd, 258845.333, 139
Trd, 258845.400, 122
Trd, 258845.900, 140
Trd, 258846.133, 122
Trd, 258846.433, 123
Trd, 258846.633, 123
Trd, 258846.950, 122
Trd, 258847.100, 137
Trd, 258847.383, 136
Trd, 258847.550, 100
Trd, 258847.567, 97
Trd, 258847.633, 96
Trd, 258847.650, 92
Trd, 258848.600, 60
Trd, 258848.833, 60
Trd, 258849.050, 60
Trd, 258849.283, 60
Trd, 258849.500, 60
Trd, 258849.633, 60
Trd, 258849.817, 60
Trd, 258849.833, 64
Trd, 258849.950, 60
Trd, 258850.250, 61
Trd, 258850.517, 62
Trd, 258850.567, 62
Trd, 258850.783, 62
Trd, 258850.983, 86
Trd, 258851.433, 85
Trd, 258851.567, 75
Trd, 258851.600, 62
Trd, 258852.083, 67
Trd, 258852.300, 84
Trd, 258852.317, 111
Trd, 258852.350, 112
Trd, 258852.467, 140
Trd, 258852.650, 139
Trd, 258852.717, 129
Trd, 258853.717, 122
Trd, 258853.850, 117
Trd, 258854.000, 116
Trd, 258854.033, 139
Trd, 258854.517, 133
Trd, 258854.733, 130
Trd, 258854.783, 115
Trd, 258855.100, 131
Trd, 258855.317, 131
Trd, 258855.517, 121
Trd, 258855.667, 131
Trd, 258855.717, 115
Trd, 258855.800, 92
Trd, 258855.883, 117
Trd, 258856.017, 134
Trd, 258856.650, 138
Trd, 258856.850, 140
Trd, 258857.517, 140
Trd, 258857.583, 140
Trd, 258857.617, 140
Trd, 258857.917, 140
Trd, 258857.967, 137
Trd, 258858.067, 124
Trd, 258858.083, 68
Trd, 258858.267, 60
Trd, 258858.300, 66
Trd, 258858.650, 140
Trd, 258858.767, 140
Trd, 258859.133, 76
Trd, 258859.267, 140
Trd, 258860.117, 140
Trd, 258860.350, 140
Trd, 258860.750, 140
Trd, 258860.950, 140
Trd, 258861.267, 140
Trd, 258861.350, 139
Trd, 258861.583, 137
Trd, 258861.617, 129
Trd, 258861.650, 128
Trd, 258862.050, 107
Trd, 258862.150, 129
Trd, 258862.333, 88
Trd, 258862.417, 80
Trd, 258863.117, 107
Trd, 258863.233, 77
Trd, 258863.333, 76
Trd, 258863.433, 108
Trd, 258863.617, 60
Trd, 258863.650, 60
Trd, 258864.033, 66
Trd, 258864.317, 64
Trd, 258864.383, 80
Trd, 258864.400, 81
Trd, 258864.900, 96
Trd, 258865.083, 69
Trd, 258865.567, 98
Trd, 258865.767, 140
Trd, 258865.783, 140
Trd, 258866.617, 140
Trd, 258866.850, 140
Trd, 258866.950, 140
Trd, 258867.050, 140
Trd, 258867.083, 140
Trd, 258867.300, 140
Trd, 258867.717, 140
Trd, 258867.750, 139
Trd, 258867.950, 138
Trd, 258868.083, 109
Trd, 258868.767, 140
Trd, 258868.883, 139
Trd, 258868.917, 139
Trd, 258869.300, 140
Trd, 258869.317, 140
Trd, 258869.400, 140
Trd, 258869.650, 140
Trd, 258869.767, 113
Trd, 258869.933, 136
Trd, 258870.167, 135
Trd, 258870.233, 138
Trd, 258870.617, 138
Trd, 258870.717, 137
Trd, 258870.800, 138
Trd, 258870.817, 134
Trd, 258871.033, 73
Trd, 258871.050, 72
Trd, 258871.750, 131
Trd, 258871.800, 130
Trd, 258871.967, 126
Trd, 258872.350, 129
Trd, 258872.500, 120
Trd, 258872.717, 118
Trd, 258872.850, 124
Trd, 258872.900, 126
Trd, 258873.300, 123
Trd, 258873.483, 112
Trd, 258873.633, 122
Trd, 258873.967, 124
Trd, 258873.983, 120
Trd, 258874.717, 124
Trd, 258874.800, 109
Trd, 258874.850, 120
Trd, 258875.100, 108
Trd, 258875.150, 107
Trd, 258875.317, 108
Trd, 258875.367, 107
Trd, 258875.533, 133
Trd, 258875.550, 106
Trd, 258875.850, 104
Trd, 258876.067, 139
Trd, 258876.300, 137
Trd, 258876.900, 136
Trd, 258877.133, 103
Trd, 258877.217, 84
Trd, 258877.450, 140
Trd, 258878.033, 138
Trd, 258878.283, 105
Trd, 258878.800, 110
Trd, 258878.967, 111
Trd, 258879.183, 116
Trd, 258879.217, 104
Trd, 258879.283, 116
Trd, 258879.783, 100
Trd, 258879.983, 99
Trd, 258880.067, 112
Trd, 258880.083, 113
Trd, 258880.233, 114
Trd, 258880.500, 112
Trd, 258880.617, 111
Trd, 258880.867, 112
Trd, 258880.967, 99
Trd, 258880.983, 81
Trd, 258881.117, 114
Trd, 258881.783, 107
Trd, 258881.967, 129
Trd, 258882.017, 130
Trd, 258882.700, 127
Trd, 258882.983, 113
Trd, 258883.067, 127
Trd, 258883.150, 128
Trd, 258883.167, 132
Trd, 258883.383, 125
Trd, 258883.500, 126
Trd, 258883.850, 134
Trd, 258883.917, 125
Trd, 258884.083, 137
Trd, 258884.650, 111
Trd, 258884.817, 140
Trd, 258884.950, 140
Trd, 258884.967, 140
Trd, 258885.350, 139
Trd, 258885.533, 124
Trd, 258885.783, 122
Trd, 258885.917, 114
Trd, 258885.967, 113
Trd, 258886.000, 104
Trd, 258886.167, 98
Trd, 258886.350, 140
Trd, 258886.600, 137
Trd, 258886.750, 134
Trd, 258887.033, 133
Trd, 258887.083, 138
Trd, 258888.000, 113
Trd, 258888.083, 112
Trd, 258888.250, 114
Trd, 258888.417, 112
Trd, 258888.800, 122
Trd, 258888.967, 110
Trd, 258889.050, 100
Trd, 258889.183, 121
Trd, 258889.217, 98
Trd, 258889.450, 120
Trd, 258889.483, 121
Trd, 258889.750, 121
Trd, 258889.917, 106
Trd, 258890.333, 116
Trd, 258890.350, 115
Trd, 258890.483, 98
Trd, 258891.100, 104
Trd, 258891.417, 109
Trd, 258891.517, 104
Trd, 258891.633, 110
Trd, 258891.667, 103
Trd, 258891.750, 96
Trd, 258892.167, 97
Trd, 258892.333, 109
Trd, 258892.550, 110
Trd, 258892.717, 112
Trd, 258892.733, 99
Trd, 258892.767, 98
Trd, 258893.133, 139
Trd, 258893.600, 129
Trd, 258893.617, 128
Trd, 258894.100, 95
Trd, 258894.150, 96
Trd, 258894.217, 83
Trd, 258894.300, 61
Trd, 258894.533, 96
Trd, 258894.550, 97
Trd, 258895.167, 140
Trd, 258895.283, 140
Trd, 258895.733, 60
Trd, 258895.950, 110
Trd, 258895.983, 61
Trd, 258896.600, 140
Trd, 258896.700, 140
Trd, 258897.050, 140
Trd, 258897.867, 140
Trd, 258897.967, 140
Trd, 258898.467, 140
Trd, 258898.650, 140
Trd, 258898.683, 140
Trd, 258899.467, 140
Trd, 258899.483, 140
Trd, 258899.617, 140
Trd, 258899.750, 140
Trd, 258899.983, 140
Trd, 258900.017, 140
Trd, 258900.067, 138
Trd, 258900.267, 130
Trd, 258900.300, 128
Trd, 258900.967, 119
Trd, 258901.017, 114
Trd, 258901.383, 89
Trd, 258901.450, 86
Trd, 258901.467, 85
Trd, 258901.583, 97
Trd, 258901.717, 136
Trd, 258901.800, 137
Trd, 258902.117, 97
Trd, 258902.167, 84
Trd, 258902.283, 138
Trd, 258902.900, 135
Trd, 258903.250, 129
Trd, 258903.483, 130
Trd, 258903.533, 124
Trd, 258903.700, 94
Trd, 258904.367, 100
Trd, 258904.517, 119
Trd, 258904.983, 118
Trd, 258905.000, 119
Trd, 258905.033, 115
Trd, 258905.050, 114
Trd, 258905.150, 119
Trd, 258905.383, 113
Trd, 258905.450, 117
Trd, 258905.700, 112
Trd, 258905.817, 112
Trd, 258906.083, 111
Trd, 258906.150, 113
Trd, 258906.317, 112
Trd, 258906.367, 99
Trd, 258906.400, 113
Trd, 258906.817, 109
Trd, 258907.117, 103
Trd, 258907.300, 102
Trd, 258907.483, 107
Trd, 258907.617, 108
Trd, 258907.633, 110
Trd, 258908.000, 103
Trd, 258908.200, 101
Trd, 258908.317, 87
Trd, 258908.467, 77
Trd, 258908.950, 96
Trd, 258909.517, 94
Trd, 258909.700, 96
Trd, 258909.767, 101
Trd, 258909.783, 121
Trd, 258909.900, 71
Trd, 258910.117, 72
Trd, 258910.467, 71
Trd, 258910.733, 74
Trd, 258911.100, 134
Trd, 258911.417, 130
Trd, 258911.483, 137
Trd, 258911.617, 127
Trd, 258911.633, 81
Trd, 258911.683, 72
Trd, 258911.800, 69
Trd, 258911.850, 68
Trd, 258911.867, 115
Trd, 258912.417, 60
Trd, 258912.600, 60
Trd, 258912.700, 60
Trd, 258912.967, 60
Trd, 258913.133, 60
Trd, 258913.533, 60
Trd, 258914.167, 60
Trd, 258914.183, 60
Trd, 258914.217, 61
Trd, 258914.267, 60
Trd, 258914.400, 61
Trd, 258914.417, 61
Trd, 258914.517, 65
Trd, 258915.067, 140
Trd, 258915.450, 140
Trd, 258915.767, 140
Trd, 258916.050, 140
Trd, 258916.367, 140
Trd, 258916.567, 140
Trd, 258916.783, 140
Trd, 258916.800, 140
Trd, 258917.117, 140
Trd, 258917.517, 140
Trd, 258917.533, 140
Trd, 258917.833, 140
Trd, 258917.867, 140
Trd, 258917.933, 139
Trd, 258918.133, 139
Trd, 258918.383, 138
Trd, 258918.633, 138
Trd, 258918.733, 138
Trd, 258919.050, 108
Trd, 258919.233, 116
Trd, 258919.317, 93
Trd, 258919.350, 137
Trd, 258919.383, 139
Trd, 258919.983, 140
Trd, 258920.183, 94
Trd, 258920.883, 140
Trd, 258920.950, 138
Trd, 258921.517, 138
Trd, 258921.917, 139
Trd, 258922.083, 140
Trd, 258922.267, 140
Trd, 258922.283, 138
Trd, 258922.350, 140
Trd, 258922.467, 140
Trd, 258922.483, 136
Trd, 258922.683, 121
Trd, 258923.000, 129
Trd, 258923.100, 139
Trd, 258923.117, 97
Trd, 258923.133, 95
Trd, 258923.183, 90
Trd, 258923.250, 81
Trd, 258923.483, 123
Trd, 258923.800, 75
Trd, 258924.317, 123
Trd, 258924.500, 131
Trd, 258924.817, 137
Trd, 258924.933, 60
Trd, 258925.200, 60
Trd, 258926.183, 66
Trd, 258926.533, 68
Trd, 258926.783, 68
Trd, 258926.867, 69
Trd, 258926.883, 67
Trd, 258926.900, 70
Trd, 258926.967, 67
Trd, 258927.000, 72
Trd, 258927.133, 81
Trd, 258927.183, 98
Trd, 258927.333, 121
Trd, 258927.417, 94
Trd, 258928.150, 98
Trd, 258928.233, 96
Trd, 258928.383, 96
Trd, 258928.550, 97
Trd, 258928.700, 138
Trd, 258929.267, 140
Trd, 258929.567, 140
Trd, 258929.983, 140
Trd, 258930.017, 140
Trd, 258930.467, 140
Trd, 258931.317, 140
Trd, 258931.500, 140
Trd, 258931.767, 140
Trd, 258932.467, 140
Trd, 258932.667, 140
Trd, 258932.767, 140
Trd, 258932.783, 140
Trd, 258932.833, 140
Trd, 258932.867, 140
Trd, 258932.983, 140
Trd, 258933.050, 140
Trd, 258933.067, 140
Trd, 258933.200, 140
Trd, 258933.300, 140
Trd, 258933.317, 140
Trd, 258933.383, 138
Trd, 258933.400, 138
Trd, 258933.483, 138
Trd, 258934.300, 119
Trd, 258934.400, 118
Trd, 258934.433, 138
Trd, 258934.717, 140
Trd, 258935.467, 104
Trd, 258935.517, 103
Trd, 258935.917, 140
Trd, 258936.433, 140
Trd, 258936.467, 140
Trd, 258936.717, 140
Trd, 258936.933, 140
Trd, 258937.000, 140
Trd, 258937.083, 140
Trd, 258937.367, 124
Trd, 258937.383, 92
Trd, 258937.683, 137
Trd, 258937.733, 137
Trd, 258938.400, 76
Trd, 258938.467, 131
Trd, 258938.833, 130
Trd, 258939.083, 128
Trd, 258939.183, 129
Trd, 258939.200, 101
Trd, 258939.467, 129
Trd, 258939.600, 102
Trd, 258939.867, 118
Trd, 258940.117, 130
Trd, 258940.383, 131
Trd, 258940.483, 140
Trd, 258940.800, 130
Trd, 258941.033, 129
Trd, 258942.017, 130
Trd, 258942.033, 105
Trd, 258942.050, 103
Trd, 258942.250, 82
Trd, 258942.300, 112
Trd, 258942.400, 81
Trd, 258942.833, 96
Trd, 258943.000, 132
Trd, 258943.150, 99
Trd, 258943.200, 103
Trd, 258943.333, 101
Trd, 258943.483, 96
Trd, 258943.917, 130
Trd, 258944.033, 128
Trd, 258944.083, 131
Trd, 258944.350, 130
Trd, 258944.383, 127
Trd, 258944.583, 95
Trd, 258944.717, 126
Trd, 258944.867, 94
Trd, 258944.950, 102
Trd, 258945.250, 100
Trd, 258945.517, 98
Trd, 258945.833, 99
Trd, 258946.117, 112
Trd, 258946.533, 140
Trd, 258947.133, 140
Trd, 258947.200, 140
Trd, 258947.233, 140
Trd, 258947.383, 102
Trd, 258947.500, 72
Trd, 258947.817, 140
Trd, 258948.050, 138
Trd, 258948.200, 137
Trd, 258948.683, 128
Trd, 258948.700, 127
Trd, 258948.767, 136
Trd, 258949.233, 132
Trd, 258949.317, 134
Trd, 258949.567, 135
Trd, 258949.667, 133
Trd, 258949.717, 136
Trd, 258949.783, 130
Trd, 258950.033, 126
Trd, 258950.100, 132
Trd, 258950.183, 132
Trd, 258950.217, 133
Trd, 258950.333, 134
Trd, 258950.850, 138
Trd, 258950.967, 110
Trd, 258951.433, 140
Trd, 258951.917, 140
Trd, 258952.200, 140
Trd, 258952.217, 140
Trd, 258952.750, 140
Trd, 258952.950, 140
Trd, 258953.017, 140
Trd, 258953.150, 140
Trd, 258953.283, 140
Trd, 258953.433, 136
Trd, 258953.767, 128
Trd, 258953.783, 111
Trd, 258954.283, 128
Trd, 258954.683, 112
Trd, 258954.750, 110
Trd, 258954.817, 110
Trd, 258955.467, 115
Trd, 258955.517, 116
Trd, 258955.683, 99
Trd, 258955.700, 91
Trd, 258955.883, 89
Trd, 258955.983, 88
Trd, 258956.117, 77
Trd, 258956.200, 109
Trd, 258956.483, 110
Trd, 258956.500, 131
Trd, 258956.567, 104
Trd, 258956.600, 103
Trd, 258956.783, 102
Trd, 258956.933, 129
Trd, 258957.083, 107
Trd, 258957.167, 85
Trd, 258957.267, 81
Trd, 258957.283, 109
Trd, 258957.383, 130
Trd, 258957.633, 63
Trd, 258958.167, 60
Trd, 258958.333, 60
Trd, 258959.583, 60
Trd, 258959.750, 60
Trd, 258959.817, 60
Trd, 258960.233, 60
Trd, 258960.517, 60
Trd, 258960.717, 60
Trd, 258960.900, 60
Trd, 258960.967, 61
Trd, 258961.200, 63
Trd, 258961.367, 77
Trd, 258961.533, 60
Trd, 258961.850, 78
Trd, 258961.933, 62
Trd, 258962.567, 78
Trd, 258962.667, 64
Trd, 258962.800, 76
Trd, 258962.850, 77
Trd, 258962.967, 70
Trd, 258963.267, 78
Trd, 258963.350, 72
Trd, 258963.383, 84
Trd, 258963.617, 94
Trd, 258963.717, 73
Trd, 258963.750, 95
Trd, 258964.267, 140
Trd, 258964.417, 76
Trd, 258965.283, 140
Trd, 258965.333, 140
Trd, 258965.500, 140
Trd, 258965.750, 140
Trd, 258965.783, 140
Trd, 258966.550, 140
Trd, 258966.633, 140
Trd, 258966.783, 140
Trd, 258966.817, 140
Trd, 258967.350, 140
Trd, 258967.383, 140
Trd, 258967.433, 140
Trd, 258967.533, 140
Trd, 258968.033, 140
Trd, 258968.050, 140
Trd, 258968.067, 140
Trd, 258968.767, 140
Trd, 258969.233, 140
Trd, 258969.400, 140
Trd, 258969.633, 140
Trd, 258970.017, 140
Trd, 258970.200, 139
Trd, 258970.283, 138
Trd, 258970.383, 138
Trd, 258970.417, 119
Trd, 258970.867, 139
Trd, 258971.167, 140
Trd, 258971.433, 139
Trd, 258971.567, 139
Trd, 258971.950, 140
Trd, 258972.333, 140
Trd, 258972.517, 140
Trd, 258972.600, 139
Trd, 258972.683, 139
Trd, 258972.867, 138
Trd, 258973.517, 134
Trd, 258973.617, 140
Trd, 258974.033, 137
Trd, 258974.400, 139
Trd, 258974.600, 138
Trd, 258974.633, 132
Trd, 258974.833, 135
Trd, 258974.850, 139
Trd, 258975.167, 139
Trd, 258975.267, 126
Trd, 258975.433, 124
Trd, 258975.500, 123
Trd, 258975.733, 118
Trd, 258976.600, 135
Trd, 258976.717, 112
Trd, 258976.800, 106
Trd, 258976.883, 106
Trd, 258976.950, 106
Trd, 258977.217, 105
Trd, 258977.367, 103
Trd, 258977.417, 107
Trd, 258977.583, 69
Trd, 258977.733, 65
Trd, 258977.883, 88
Trd, 258978.050, 72
Trd, 258978.167, 89
Trd, 258978.383, 66
Trd, 258978.400, 68
Trd, 258978.667, 109
Trd, 258978.933, 63
Trd, 258979.017, 112
Trd, 258979.150, 95
Trd, 258979.233, 112
Trd, 258979.533, 75
Trd, 258979.583, 75
Trd, 258980.150, 140
Trd, 258980.200, 140
Trd, 258980.767, 140
Trd, 258981.133, 140
Trd, 258981.383, 140
Trd, 258981.867, 140
Trd, 258982.350, 140
Trd, 258982.467, 140
Trd, 258983.283, 140
Trd, 258983.467, 140
Trd, 258983.683, 140
Trd, 258984.067, 140
Trd, 258984.367, 140
Trd, 258984.383, 140
Trd, 258984.433, 140
Trd, 258985.000, 140
Trd, 258985.067, 140
Trd, 258985.200, 140
Trd, 258985.300, 140
Trd, 258985.417, 140
Trd, 258985.533, 140
Trd, 258985.667, 140
Trd, 258986.683, 122
Trd, 258986.833, 139
Trd, 258986.933, 121
Trd, 258987.133, 136
Trd, 258987.417, 121
Trd, 258987.550, 135
Trd, 258988.200, 120
Trd, 258988.267, 88
Trd, 258988.400, 131
Trd, 258988.767, 83
Trd, 258988.933, 114
Trd, 258988.950, 111
Trd, 258989.050, 131
Trd, 258989.083, 132
Trd, 258989.267, 132
Trd, 258989.667, 130
Trd, 258989.833, 81
Trd, 258989.850, 133
Trd, 258990.533, 123
Trd, 258990.733, 97
Trd, 258991.200, 117
Trd, 258991.283, 116
Trd, 258991.333, 91
Trd, 258991.500, 108
Trd, 258991.600, 124
Trd, 258991.883, 125
Trd, 258992.217, 113
Trd, 258992.300, 124
Trd, 258992.417, 114
Trd, 258992.750, 113
Trd, 258992.783, 113
Trd, 258992.900, 112
Trd, 258992.983, 111
Trd, 258993.033, 109
Trd, 258993.067, 114
Trd, 258993.083, 120
Trd, 258993.100, 107
Trd, 258993.233, 121
Trd, 258993.517, 87
Trd, 258993.700, 98
Trd, 258994.100, 124
Trd, 258994.133, 125
Trd, 258994.450, 60
Trd, 258994.567, 63
Trd, 258995.450, 121
Trd, 258995.583, 133
Trd, 258995.700, 133
Trd, 258995.867, 99
Trd, 258996.017, 96
Trd, 258996.233, 129
Trd, 258996.667, 129
Trd, 258996.717, 129
Trd, 258996.783, 78
Trd, 258996.800, 75
Trd, 258997.067, 140
Trd, 258997.267, 63
Trd, 258997.750, 140
Trd, 258997.950, 101
Trd, 258998.100, 101
Trd, 258998.417, 101
Trd, 258998.750, 140
Trd, 258998.867, 118
Trd, 258998.983, 102
Trd, 258999.450, 138
Trd, 258999.550, 137
Trd, 258999.617, 136
Trd, 258999.900, 136
Trd, 259000.050, 135
Trd, 259000.067, 136
Trd, 259000.150, 135
Trd, 259000.317, 101
Trd, 259000.717, 98
Trd, 259000.733, 97
Trd, 259000.800, 89
Trd, 259001.050, 129
Trd, 259001.333, 108
Trd, 259001.867, 126
Trd, 259002.133, 117
Trd, 259002.467, 120
Trd, 259002.500, 111
Trd, 259002.733, 72
Trd, 259003.000, 115
Trd, 259003.083, 67
Trd, 259003.317, 114
Trd, 259003.367, 115
Trd, 259003.483, 116
Trd, 259003.833, 117
Trd, 259004.200, 127
Trd, 259004.283, 117
Trd, 259004.683, 118
Trd, 259005.167, 137
Trd, 259005.300, 138
Trd, 259005.417, 139
Trd, 259005.700, 140
Trd, 259005.933, 140
Trd, 259005.983, 140
Trd, 259006.067, 140
Trd, 259006.267, 140
Trd, 259006.567, 140
Trd, 259006.650, 140
Trd, 259006.867, 140
Trd, 259007.117, 140
Trd, 259007.833, 140
Trd, 259007.867, 140
Trd, 259008.650, 140
Trd, 259009.033, 140
Trd, 259009.317, 140
Trd, 259009.517, 140
Trd, 259009.633, 140
Trd, 259009.850, 140
Trd, 259009.867, 140
Trd, 259009.883, 140
Trd, 259010.233, 140
Trd, 259010.350, 140
Trd, 259010.417, 140
Trd, 259010.667, 138
Trd, 259011.000, 123
Trd, 259011.233, 128
Trd, 259011.250, 136
Trd, 259011.633, 139
Trd, 259012.083, 140
Trd, 259012.367, 137
Trd, 259012.400, 135
Trd, 259012.567, 139
Trd, 259012.583, 137
Trd, 259012.633, 115
Trd, 259012.667, 106
Trd, 259012.967, 139
Trd, 259013.517, 140
Trd, 259013.617, 139
Trd, 259013.900, 114
Trd, 259014.200, 140
Trd, 259014.217, 140
Trd, 259014.617, 124
Trd, 259014.783, 124
Trd, 259015.150, 134
Trd, 259015.200, 135
Trd, 259015.283, 92
Trd, 259016.000, 111
Trd, 259016.167, 138
Trd, 259016.967, 140
Trd, 259017.733, 140
Trd, 259017.750, 140
Trd, 259018.533, 140
Trd, 259018.700, 140
Trd, 259018.833, 140
Trd, 259018.950, 140
Trd, 259019.283, 140
Trd, 259019.333, 140
Trd, 259019.600, 140
Trd, 259019.817, 140
Trd, 259020.033, 140
Trd, 259020.050, 140
Trd, 259020.167, 139
Trd, 259020.300, 138
Trd, 259020.383, 140
Trd, 259020.833, 139
Trd, 259020.900, 138
Trd, 259021.033, 139
Trd, 259021.117, 140
Trd, 259021.183, 140
Trd, 259021.300, 137
Trd, 259021.317, 135
Trd, 259021.683, 139
Trd, 259021.833, 136
Trd, 259021.917, 135
Trd, 259022.317, 134
Trd, 259022.367, 139
Trd, 259022.717, 133
Trd, 259022.883, 127
Trd, 259023.167, 110
Trd, 259023.417, 109
Trd, 259023.533, 96
Trd, 259023.750, 80
Trd, 259023.833, 123
Trd, 259024.000, 72
Trd, 259024.283, 117
Trd, 259024.333, 115
Trd, 259024.350, 118
Trd, 259024.500, 123
Trd, 259024.617, 123
Trd, 259024.650, 76
Trd, 259024.667, 72
Trd, 259024.967, 71
Trd, 259025.300, 75
Trd, 259025.317, 119
Trd, 259025.667, 61
Trd, 259026.217, 61
Trd, 259026.317, 64
Trd, 259026.350, 82
Trd, 259026.717, 99
Trd, 259027.067, 97
Trd, 259027.117, 98
Trd, 259027.367, 100
Trd, 259027.417, 83
Trd, 259027.883, 95
Trd, 259028.000, 62
Trd, 259028.433, 66
Trd, 259028.700, 94
Trd, 259028.783, 95
Trd, 259028.850, 98
Trd, 259029.050, 66
Trd, 259029.117, 77
Trd, 259029.267, 64
Trd, 259029.283, 103
Trd, 259029.867, 66
Trd, 259030.100, 64
Trd, 259030.150, 65
Trd, 259030.333, 66
Trd, 259030.383, 63
Trd, 259030.433, 70
Trd, 259030.517, 103
Trd, 259030.883, 70
Trd, 259031.333, 66
Trd, 259031.433, 86
Trd, 259031.950, 82
Trd, 259032.000, 66
Trd, 259032.083, 83
Trd, 259033.017, 60
Trd, 259033.200, 60
Trd, 259033.250, 60
Trd, 259033.283, 63
Trd, 259033.550, 61
Trd, 259034.033, 64
Trd, 259034.233, 71
Trd, 259034.467, 75
Trd, 259034.583, 75
Trd, 259034.667, 65
Trd, 259034.683, 76
Trd, 259034.883, 76
Trd, 259034.983, 77
Trd, 259035.000, 78
Trd, 259035.167, 75
Trd, 259035.617, 87
Trd, 259035.883, 91
Trd, 259036.117, 92
Trd, 259036.617, 96
Trd, 259036.683, 104
Trd, 259036.733, 127
Trd, 259037.050, 139
Trd, 259037.067, 129
Trd, 259037.300, 98
Trd, 259037.433, 98
Trd, 259037.633, 102
Trd, 259037.733, 114
Trd, 259037.883, 101
Trd, 259038.350, 137
Trd, 259038.750, 139
Trd, 259039.467, 140
Trd, 259039.833, 140
Trd, 259040.050, 140
Trd, 259040.100, 140
Trd, 259041.150, 140
Trd, 259041.300, 140
Trd, 259041.333, 139
Trd, 259041.350, 139
Trd, 259041.433, 139
Trd, 259041.683, 129
Trd, 259041.817, 133
Trd, 259042.167, 132
Trd, 259042.633, 131
Trd, 259042.683, 125
Trd, 259043.167, 125
Trd, 259043.333, 124
Trd, 259043.550, 129
Trd, 259043.700, 128
Trd, 259043.717, 130
Trd, 259043.733, 119
Trd, 259043.783, 79
Trd, 259043.867, 78
Trd, 259044.100, 73
Trd, 259044.250, 94
Trd, 259044.400, 101
Trd, 259044.683, 78
Trd, 259044.817, 117
Trd, 259045.167, 132
Trd, 259045.283, 132
Trd, 259045.567, 134
Trd, 259045.817, 100
Trd, 259046.167, 115
Trd, 259046.233, 113
Trd, 259046.883, 122
Trd, 259047.167, 139
Trd, 259047.417, 121
Trd, 259047.883, 139
Trd, 259047.950, 140
Trd, 259048.183, 139
Trd, 259048.300, 128
Trd, 259048.333, 110
Trd, 259048.417, 139
Trd, 259048.450, 100
Trd, 259049.233, 131
Trd, 259049.650, 133
Trd, 259049.733, 133
Trd, 259049.900, 133
Trd, 259050.033, 132
Trd, 259050.083, 133
Trd, 259050.417, 133
Trd, 259050.483, 132
Trd, 259050.667, 140
Trd, 259050.817, 140
Trd, 259050.900, 140
Trd, 259051.867, 139
Trd, 259052.067, 140
Trd, 259052.600, 140
Trd, 259052.783, 126
Trd, 259053.000, 140
Trd, 259053.133, 140
Trd, 259053.233, 140
Trd, 259053.433, 140
Trd, 259053.767, 140
Trd, 259053.900, 140
Trd, 259054.267, 140
Trd, 259054.517, 140
Trd, 259055.017, 140
Trd, 259055.350, 140
Trd, 259055.400, 140
Trd, 259055.533, 140
Trd, 259055.567, 140
Trd, 259055.667, 139
Trd, 259055.967, 136
Trd, 259057.000, 130
Trd, 259057.200, 122
Trd, 259057.250, 129
Trd, 259057.300, 133
Trd, 259057.333, 110
Trd, 259057.367, 134
Trd, 259058.017, 140
Trd, 259058.200, 130
Trd, 259058.400, 129
Trd, 259058.450, 128
Trd, 259058.583, 130
Trd, 259058.767, 113
Trd, 259058.800, 138
Trd, 259059.283, 135
Trd, 259059.300, 106
Trd, 259059.450, 136
Trd, 259059.550, 100
Trd, 259059.750, 107
Trd, 259060.133, 104
Trd, 259060.217, 108
Trd, 259060.717, 139
Trd, 259061.150, 140
Trd, 259061.600, 140
Trd, 259061.633, 140
Trd, 259061.700, 140
Trd, 259062.067, 140
Trd, 259062.083, 140
Trd, 259062.100, 139
Trd, 259062.133, 139
Trd, 259062.417, 140
Trd, 259062.450, 139
Trd, 259062.483, 138
Trd, 259063.050, 140
Trd, 259063.067, 139
Trd, 259063.083, 115
Trd, 259063.483, 114
Trd, 259064.750, 140
Trd, 259065.033, 140
Trd, 259065.050, 140
Trd, 259065.517, 140
Trd, 259065.583, 140
Trd, 259065.767, 140
Trd, 259065.817, 140
Trd, 259066.267, 140
Trd, 259066.317, 140
Trd, 259066.433, 139
Trd, 259066.567, 138
Trd, 259066.833, 137
Trd, 259066.850, 138
Trd, 259067.000, 121
Trd, 259067.067, 122
Trd, 259067.633, 121
Trd, 259067.750, 100
Trd, 259069.117, 111
Trd, 259069.183, 111
Trd, 259069.200, 109
Trd, 259069.250, 109
Trd, 259069.317, 113
Trd, 259069.333, 115
Trd, 259069.450, 110
Trd, 259069.617, 109
Trd, 259069.633, 121
Trd, 259069.867, 110
Trd, 259070.050, 123
Trd, 259070.067, 108
Trd, 259070.133, 100
Trd, 259070.317, 74
Trd, 259070.400, 128
Trd, 259070.700, 140
Trd, 259070.850, 76
Trd, 259071.300, 140
Trd, 259071.667, 140
Trd, 259071.917, 140
Trd, 259072.050, 139
Trd, 259072.267, 136
Trd, 259072.417, 133
Trd, 259072.567, 140
Trd, 259072.667, 117
Trd, 259072.833, 104
Trd, 259072.883, 68
Trd, 259073.683, 140
Trd, 259073.733, 139
Trd, 259073.867, 138
Trd, 259074.033, 138
Trd, 259074.200, 137
Trd, 259074.450, 140
Trd, 259074.550, 140
Trd, 259074.567, 140
Trd, 259074.900, 139
Trd, 259075.083, 139
Trd, 259075.200, 137
Trd, 259075.367, 137
Trd, 259075.733, 137
Trd, 259075.867, 136
Trd, 259075.900, 115
Trd, 259076.317, 100
Trd, 259076.600, 132
Trd, 259076.783, 131
Trd, 259076.967, 111
Trd, 259077.067, 131
Trd, 259077.400, 90
Trd, 259077.783, 91
Trd, 259077.817, 128
Trd, 259078.100, 90
Trd, 259078.300, 129
Trd, 259078.317, 130
Trd, 259078.367, 93
Trd, 259078.717, 69
Trd, 259078.950, 132
Trd, 259079.350, 77
Trd, 259079.900, 112
Trd, 259079.967, 71
Trd, 259080.133, 70
Trd, 259080.283, 90
Trd, 259080.467, 91
Trd, 259080.533, 92
Trd, 259080.933, 125
Trd, 259080.950, 124
Trd, 259081.167, 131
Trd, 259081.300, 111
Trd, 259081.400, 135
Trd, 259081.417, 137
Trd, 259081.517, 105
Trd, 259081.817, 139
Trd, 259082.183, 108
Trd, 259082.617, 140
Trd, 259082.683, 140
Trd, 259082.883, 140
Trd, 259083.067, 139
Trd, 259083.133, 137
Trd, 259083.483, 136
Trd, 259083.583, 108
Trd, 259083.767, 100
Trd, 259083.883, 66
Trd, 259084.083, 138
Trd, 259084.483, 109
Trd, 259084.667, 132
Trd, 259085.067, 92
Trd, 259085.533, 107
Trd, 259085.550, 110
Trd, 259085.600, 90
Trd, 259086.083, 131
Trd, 259086.100, 104
Trd, 259086.317, 140
Trd, 259086.467, 93
Trd, 259086.550, 94
Trd, 259086.650, 137
Trd, 259086.683, 89
Trd, 259086.917, 104
Trd, 259087.067, 90
Trd, 259087.300, 90
Trd, 259087.317, 133
Trd, 259087.483, 88
Trd, 259087.750, 135
Trd, 259087.883, 134
Trd, 259088.633, 63
Trd, 259088.717, 64
Trd, 259088.867, 60
Trd, 259089.117, 60
Trd, 259089.300, 60
Trd, 259089.400, 60
Trd, 259089.433, 61
Trd, 259089.517, 66
Trd, 259089.633, 79
Trd, 259089.900, 93
Trd, 259089.950, 111
Trd, 259090.017, 112
Trd, 259090.300, 106
Trd, 259090.550, 136
Trd, 259090.583, 115
Trd, 259090.650, 134
Trd, 259091.267, 122
Trd, 259091.450, 114
Trd, 259091.733, 116
Trd, 259091.883, 135
Trd, 259091.983, 137
Trd, 259092.017, 117
Trd, 259092.183, 140
Trd, 259092.733, 140
Trd, 259093.100, 140
Trd, 259093.233, 140
Trd, 259093.617, 140
Trd, 259093.917, 140
Trd, 259094.233, 139
Trd, 259094.650, 140
Trd, 259095.500, 140
Trd, 259095.633, 140
Trd, 259095.650, 140
Trd, 259095.917, 140
Trd, 259096.067, 140
Trd, 259096.167, 140
Trd, 259096.250, 139
Trd, 259096.617, 140
Trd, 259096.667, 132
Trd, 259096.683, 131
Trd, 259096.733, 113
Trd, 259096.833, 112
Trd, 259096.883, 111
Trd, 259097.050, 87
Trd, 259098.017, 124
Trd, 259098.167, 124
Trd, 259098.317, 123
Trd, 259098.633, 128
Trd, 259098.667, 129
Trd, 259098.800, 129
Trd, 259098.950, 127
Trd, 259099.067, 130
Trd, 259099.400, 126
Trd, 259099.617, 126
Trd, 259099.733, 138
Trd, 259100.117, 139
Trd, 259100.483, 139
Trd, 259100.583, 139
Trd, 259100.733, 138
Trd, 259100.950, 125
Trd, 259101.233, 139
Trd, 259101.300, 98
Trd, 259101.417, 139
Trd, 259101.467, 119
Trd, 259101.683, 138
Trd, 259102.500, 118
Trd, 259102.867, 132
Trd, 259102.967, 93
Trd, 259103.267, 138
Trd, 259103.550, 138
Trd, 259103.617, 140
Trd, 259103.867, 86
Trd, 259103.983, 138
Trd, 259104.017, 70
Trd, 259104.350, 79
Trd, 259104.433, 77
Trd, 259105.417, 60
Trd, 259105.467, 60
Trd, 259105.500, 60
Trd, 259105.533, 61
Trd, 259105.783, 61
Trd, 259105.933, 62
Trd, 259105.983, 64
Trd, 259106.000, 67
Trd, 259106.017, 79
Trd, 259106.033, 62
Trd, 259106.433, 107
Trd, 259106.633, 82
Trd, 259107.083, 89
Trd, 259107.433, 90
Trd, 259107.533, 89
Trd, 259107.617, 89
Trd, 259108.600, 107
Trd, 259108.733, 106
Trd, 259108.850, 108
Trd, 259108.900, 105
Trd, 259109.000, 109
Trd, 259109.300, 104
Trd, 259109.433, 109
Trd, 259109.617, 64
Trd, 259109.800, 69
Trd, 259109.867, 109
Trd, 259110.617, 110
Trd, 259110.817, 110
Trd, 259110.950, 96
Trd, 259111.133, 108
Trd, 259111.233, 105
Trd, 259111.417, 93
Trd, 259111.567, 93
Trd, 259111.667, 92
Trd, 259111.867, 96
Trd, 259111.883, 70
Trd, 259112.217, 60
Trd, 259112.417, 65
Trd, 259112.583, 66
Trd, 259112.617, 84
Trd, 259112.750, 66
Trd, 259113.183, 106
Trd, 259113.367, 105
Trd, 259113.783, 62
Trd, 259113.817, 80
Trd, 259114.017, 61
Trd, 259114.083, 61
Trd, 259114.100, 62
Trd, 259114.350, 61
Trd, 259114.533, 60
Trd, 259114.667, 61
Trd, 259114.717, 104
Trd, 259114.850, 111
Trd, 259115.017, 71
Trd, 259115.517, 60
Trd, 259115.583, 62
Trd, 259115.633, 63
Trd, 259116.017, 81
Trd, 259116.033, 111
Trd, 259116.100, 113
Trd, 259116.383, 138
Trd, 259116.417, 121
Trd, 259116.600, 61
Trd, 259116.783, 140
Trd, 259116.833, 62
Trd, 259117.150, 73
Trd, 259117.350, 66
Trd, 259117.367, 120
Trd, 259117.850, 70
Trd, 259117.933, 67
Trd, 259118.167, 68
Trd, 259118.217, 76
Trd, 259118.300, 62
Trd, 259118.533, 62
Trd, 259118.633, 140
Trd, 259118.683, 140
Trd, 259119.067, 95
Trd, 259119.100, 94
Trd, 259120.717, 140
Trd, 259120.883, 138
Trd, 259121.783, 140
Trd, 259121.917, 140
Trd, 259122.250, 140
Trd, 259122.433, 140
Trd, 259122.833, 140
Trd, 259123.067, 140
Trd, 259123.083, 140
Trd, 259123.117, 140
Trd, 259123.183, 140
Trd, 259123.317, 140
Trd, 259123.617, 140
Trd, 259123.633, 140
Trd, 259123.683, 140
Trd, 259123.800, 140
Trd, 259123.883, 140
Trd, 259124.233, 140
Trd, 259124.350, 140
Trd, 259124.433, 140
Trd, 259125.250, 140
Trd, 259125.483, 140
Trd, 259125.900, 140
Trd, 259126.183, 140
Trd, 259126.267, 139
Trd, 259126.650, 137
Trd, 259126.850, 136
Trd, 259127.000, 139
Trd, 259127.117, 136
Trd, 259127.317, 116
Trd, 259127.383, 138
Trd, 259127.500, 139
Trd, 259127.783, 110
Trd, 259128.000, 120
Trd, 259128.733, 139
Trd, 259128.950, 128
Trd, 259129.000, 119
Trd, 259129.417, 140
Trd, 259129.583, 140
Trd, 259130.183, 140
Trd, 259130.950, 140
Trd, 259131.600, 140
Trd, 259132.033, 140
Trd, 259132.217, 140
Trd, 259132.600, 140
Trd, 259132.833, 140
Trd, 259133.000, 140
Trd, 259133.050, 139
Trd, 259133.167, 139
Trd, 259133.233, 140
Trd, 259133.267, 139
Trd, 259133.367, 140
Trd, 259133.467, 139
Trd, 259133.500, 120
Trd, 259133.567, 140
Trd, 259133.833, 116
Trd, 259134.400, 116
Trd, 259134.533, 115
Trd, 259134.683, 101
Trd, 259134.717, 125
Trd, 259134.933, 80
Trd, 259135.183, 79
Trd, 259135.217, 120
Trd, 259135.583, 118
Trd, 259136.050, 115
Trd, 259136.117, 113
Trd, 259136.350, 95
Trd, 259136.583, 112
Trd, 259136.650, 112
Trd, 259136.883, 68
Trd, 259137.117, 84
Trd, 259137.133, 85
Trd, 259137.317, 111
Trd, 259137.933, 60
Trd, 259138.017, 60
Trd, 259138.217, 60
Trd, 259138.533, 60
Trd, 259138.550, 60
Trd, 259138.683, 61
Trd, 259139.350, 60
Trd, 259139.733, 62
Trd, 259139.967, 63
Trd, 259140.283, 64
Trd, 259140.317, 65
Trd, 259140.733, 60
Trd, 259140.750, 61
Trd, 259140.867, 66
Trd, 259140.933, 112
Trd, 259141.200, 64
Trd, 259141.333, 128
Trd, 259141.550, 109
Trd, 259141.683, 140
Trd, 259142.033, 110
Trd, 259142.150, 113
Trd, 259143.067, 124
Trd, 259144.067, 140
Trd, 259144.267, 140
Trd, 259144.417, 140
Trd, 259144.483, 139
Trd, 259144.517, 134
Trd, 259144.667, 123
Trd, 259144.817, 122
Trd, 259145.183, 121
Trd, 259145.450, 128
Trd, 259145.533, 131
Trd, 259145.600, 132
Trd, 259145.683, 120
Trd, 259145.800, 119
Trd, 259145.983, 114
Trd, 259146.033, 129
Trd, 259146.150, 130
Trd, 259146.233, 113
Trd, 259146.300, 136
Trd, 259146.517, 134
Trd, 259146.950, 133
Trd, 259147.150, 117
Trd, 259147.183, 107
Trd, 259147.483, 138
Trd, 259147.567, 137
Trd, 259147.583, 106
Trd, 259147.683, 83
Trd, 259148.167, 110
Trd, 259148.333, 140
Trd, 259148.617, 139
Trd, 259148.700, 139
Trd, 259149.217, 140
Trd, 259149.267, 139
Trd, 259149.667, 106
Trd, 259150.017, 129
Trd, 259150.283, 140
Trd, 259150.650, 140
Trd, 259150.733, 140
Trd, 259150.917, 140
Trd, 259150.983, 140
Trd, 259151.367, 139
Trd, 259151.417, 139
Trd, 259151.683, 140
Trd, 259151.750, 139
Trd, 259151.967, 135
Trd, 259152.400, 135
Trd, 259152.567, 133
Trd, 259152.583, 134
Trd, 259152.667, 125
Trd, 259152.767, 131
Trd, 259152.883, 120
Trd, 259152.950, 89
Trd, 259153.017, 70
Trd, 259153.483, 83
Trd, 259153.667, 84
Trd, 259153.700, 85
Trd, 259153.783, 71
Trd, 259153.817, 69
Trd, 259154.400, 67
Trd, 259154.417, 100
Trd, 259154.533, 117
Trd, 259154.717, 120
Trd, 259155.067, 95
Trd, 259155.317, 130
Trd, 259155.500, 98
Trd, 259155.733, 97
Trd, 259155.867, 126
Trd, 259155.883, 127
Trd, 259156.100, 106
Trd, 259156.233, 130
Trd, 259156.283, 105
Trd, 259156.333, 133
Trd, 259156.617, 105
Trd, 259157.083, 94
Trd, 259157.333, 140
Trd, 259157.417, 140
Trd, 259158.017, 140
Trd, 259158.100, 140
Trd, 259158.167, 139
Trd, 259158.733, 140
Trd, 259158.833, 140
Trd, 259158.867, 140
Trd, 259159.017, 140
Trd, 259159.083, 140
Trd, 259159.217, 140
Trd, 259160.333, 139
Trd, 259160.417, 137
Trd, 259160.450, 106
Trd, 259161.200, 140
Trd, 259161.383, 140
Trd, 259161.533, 140
Trd, 259161.850, 139
Trd, 259162.017, 139
Trd, 259162.217, 134
Trd, 259162.317, 136
Trd, 259162.433, 135
Trd, 259162.583, 140
Trd, 259162.833, 137
Trd, 259163.183, 133
Trd, 259163.217, 135
Trd, 259163.233, 127
Trd, 259163.500, 103
Trd, 259163.650, 131
Trd, 259163.817, 103
Trd, 259164.733, 126
Trd, 259164.767, 122
Trd, 259164.883, 102
Trd, 259165.283, 105
Trd, 259165.600, 101
Trd, 259165.633, 123
Trd, 259165.817, 124
Trd, 259165.833, 79
Trd, 259165.933, 79
Trd, 259166.017, 91
Trd, 259166.150, 74
Trd, 259166.367, 123
Trd, 259166.483, 85
Trd, 259166.667, 124
Trd, 259166.783, 71
Trd, 259166.917, 101
Trd, 259167.417, 135
Trd, 259167.700, 104
Trd, 259167.783, 123
Trd, 259167.933, 122
Trd, 259168.400, 139
Trd, 259168.583, 117
Trd, 259169.133, 119
Trd, 259169.450, 138
Trd, 259169.833, 139
Trd, 259170.050, 126
Trd, 259170.233, 125
Trd, 259170.450, 140
Trd, 259170.517, 140
Trd, 259170.750, 140
Trd, 259171.233, 140
Trd, 259171.467, 140
Trd, 259171.717, 140
Trd, 259171.767, 140
Trd, 259171.983, 140
Trd, 259172.000, 140
Trd, 259172.250, 140
Trd, 259172.267, 140
Trd, 259172.283, 140
Trd, 259172.567, 140
Trd, 259172.683, 140
Trd, 259172.700, 136
Trd, 259173.000, 127
Trd, 259173.700, 138
Trd, 259173.917, 129
Trd, 259174.533, 124
Trd, 259174.617, 123
Trd, 259174.650, 135
Trd, 259174.667, 137
Trd, 259174.900, 122
Trd, 259174.983, 110
Trd, 259175.033, 139
Trd, 259175.550, 136
Trd, 259175.800, 114
Trd, 259176.100, 112
Trd, 259176.617, 112
Trd, 259176.650, 116
Trd, 259176.733, 112
Trd, 259176.817, 114
Trd, 259176.867, 116
Trd, 259176.900, 111
Trd, 259176.983, 116
Trd, 259177.083, 116
Trd, 259177.383, 118
Trd, 259177.500, 118
Trd, 259177.767, 115
Trd, 259178.433, 94
Trd, 259178.967, 111
Trd, 259179.150, 96
Trd, 259179.433, 105
Trd, 259179.500, 110
Trd, 259179.667, 109
Trd, 259179.833, 108
Trd, 259179.850, 110
Trd, 259180.417, 107
Trd, 259180.483, 109
Trd, 259180.617, 108
Trd, 259180.783, 109
Trd, 259180.950, 109
Trd, 259181.000, 110
Trd, 259181.050, 109
Trd, 259181.100, 108
Trd, 259181.117, 100
Trd, 259181.133, 119
Trd, 259181.333, 121
Trd, 259181.500, 112
Trd, 259181.550, 66
Trd, 259181.867, 136
Trd, 259182.367, 112
Trd, 259182.417, 113
Trd, 259182.700, 135
Trd, 259182.733, 118
Trd, 259182.817, 106
Trd, 259182.917, 104
Trd, 259183.500, 102
Trd, 259184.200, 114
Trd, 259184.267, 115
Trd, 259184.683, 60
Trd, 259184.767, 60
Trd, 259184.900, 60
Trd, 259185.250, 60
Trd, 259185.400, 60
Trd, 259185.583, 60
Trd, 259185.683, 60
Trd, 259185.950, 61
Trd, 259186.083, 62
Trd, 259186.367, 63
Trd, 259186.483, 64
Trd, 259186.833, 64
Trd, 259186.950, 65
Trd, 259187.017, 66
Trd, 259187.167, 67
Trd, 259187.250, 68
Trd, 259187.500, 97
Trd, 259188.000, 93
Trd, 259188.283, 122
Trd, 259188.517, 103
Trd, 259188.533, 96
Trd, 259188.650, 75
Trd, 259189.300, 131
Trd, 259189.417, 80
Trd, 259189.650, 79
Trd, 259189.750, 79
Trd, 259189.883, 130
Trd, 259190.150, 105
Trd, 259190.183, 86
Trd, 259190.217, 118
Trd, 259190.650, 129
Trd, 259190.700, 131
Trd, 259190.817, 94
Trd, 259191.150, 108
Trd, 259191.217, 107
Trd, 259191.433, 88
Trd, 259191.617, 122
Trd, 259191.717, 91
Trd, 259191.833, 132
Trd, 259192.067, 133
Trd, 259192.817, 132
Trd, 259193.250, 140
Trd, 259193.383, 140
Trd, 259193.467, 139
Trd, 259193.517, 138
Trd, 259194.483, 140
Trd, 259194.617, 140
Trd, 259194.950, 140
Trd, 259195.100, 140
Trd, 259195.117, 140
Trd, 259195.167, 140
Trd, 259195.283, 139
Trd, 259195.700, 140
Trd, 259195.800, 140
Trd, 259195.850, 138
Trd, 259196.017, 140
Trd, 259196.033, 113
Trd, 259196.250, 86
Trd, 259196.267, 78
Trd, 259196.400, 75
Trd, 259196.633, 69
Trd, 259196.683, 76
Trd, 259197.017, 63
Trd, 259197.117, 75
Trd, 259197.167, 76
Trd, 259197.233, 64
Trd, 259197.583, 63
Trd, 259197.900, 65
Trd, 259197.983, 89
Trd, 259198.433, 88
Trd, 259198.533, 90
Trd, 259198.733, 104
Trd, 259198.817, 119
Trd, 259199.117, 74
Trd, 259199.133, 120
Trd, 259199.267, 130
Trd, 259199.533, 75
Trd, 259199.833, 110
