Trd, 258593.033, 112
Trd, 258593.317, 104
Trd, 258593.350, 112
Trd, 258593.917, 106
Trd, 258594.133, 106
Trd, 258594.217, 107
Trd, 258594.550, 105
Trd, 258594.633, 107
Trd, 258594.667, 103
Trd, 258595.083, 129
Trd, 258595.217, 140
Trd, 258595.400, 140
Trd, 258596.167, 139
Trd, 258596.700, 137
Trd, 258596.733, 136
Trd, 258596.900, 132
Trd, 258597.067, 140
Trd, 258597.217, 116
Trd, 258597.467, 113
Trd, 258597.617, 110
Trd, 258597.800, 113
Trd, 258597.817, 109
Trd, 258597.883, 104
Trd, 258597.950, 112
Trd, 258598.100, 104
Trd, 258598.150, 87
Trd, 258598.183, 112
Trd, 258598.300, 109
Trd, 258598.817, 103
Trd, 258598.967, 71
Trd, 258599.067, 110
Trd, 258599.400, 110
Trd, 258599.633, 112
Trd, 258599.700, 113
Trd, 258600.167, 76
Trd, 258600.267, 140
Trd, 258600.333, 80
Trd, 258600.700, 139
Trd, 258601.183, 100
Trd, 258601.717, 127
Trd, 258601.783, 75
Trd, 258602.033, 77
Trd, 258602.250, 139
Trd, 258603.617, 140
Trd, 258603.950, 140
Trd, 258604.233, 140
Trd, 258604.467, 140
Trd, 258604.483, 140
Trd, 258604.567, 140
Trd, 258604.967, 140
Trd, 258605.233, 140
Trd, 258605.333, 139
Trd, 258605.367, 139
Trd, 258605.483, 140
Trd, 258605.567, 117
Trd, 258606.050, 123
Trd, 258606.083, 122
Trd, 258606.100, 138
Trd, 258606.283, 121
Trd, 258606.467, 135
Trd, 258606.583, 125
Trd, 258606.783, 115
Trd, 258606.967, 104
Trd, 258607.067, 129
Trd, 258607.133, 130
Trd, 258607.617, 102
Trd, 258607.750, 122
Trd, 258607.950, 101
Trd, 258608.350, 101
Trd, 258608.400, 111
Trd, 258608.417, 100
Trd, 258608.783, 95
Trd, 258608.867, 111
Trd, 258608.900, 99
Trd, 258608.917, 93
Trd, 258608.933, 112
Trd, 258611.417, 140
Trd, 258611.583, 140
Trd, 258611.800, 140
Trd, 258611.883, 140
Trd, 258611.950, 140
Trd, 258612.100, 139
Trd, 258612.367, 138
Trd, 258612.550, 140
Trd, 258612.567, 136
Trd, 258612.683, 140
Trd, 258612.900, 135
Trd, 258613.050, 132
Trd, 258613.117, 131
Trd, 258613.150, 117
Trd, 258613.233, 114
Trd, 258613.750, 136
Trd, 258613.867, 137
Trd, 258614.067, 102
Trd, 258614.917, 140
Trd, 258615.267, 118
Trd, 258615.417, 117
Trd, 258615.467, 116
Trd, 258615.500, 115
Trd, 258615.550, 116
Trd, 258615.767, 136
Trd, 258615.900, 118
Trd, 258615.983, 102
Trd, 258616.467, 91
Trd, 258616.633, 119
Trd, 258617.017, 127
Trd, 258617.033, 130
Trd, 258617.150, 103
Trd, 258617.467, 99
Trd, 258617.500, 130
Trd, 258617.517, 132
Trd, 258617.583, 97
Trd, 258618.333, 132
Trd, 258618.517, 130
Trd, 258618.667, 133
Trd, 258618.800, 116
Trd, 258618.917, 115
Trd, 258619.333, 98
Trd, 258619.617, 135
Trd, 258619.717, 118
Trd, 258619.933, 135
Trd, 258620.283, 136
Trd, 258620.667, 112
Trd, 258621.067, 112
Trd, 258621.083, 135
Trd, 258621.167, 112
Trd, 258621.300, 111
Trd, 258621.333, 138
Trd, 258621.500, 115
Trd, 258621.717, 132
Trd, 258621.950, 137
Trd, 258622.233, 140
Trd, 258622.767, 140
Trd, 258623.267, 140
Trd, 258623.600, 140
Trd, 258623.683, 140
Trd, 258623.783, 140
Trd, 258624.050, 139
Trd, 258624.283, 140
Trd, 258624.433, 140
Trd, 258625.183, 140
Trd, 258625.667, 139
Trd, 258625.983, 135
Trd, 258626.017, 134
Trd, 258626.183, 130
Trd, 258626.333, 121
Trd, 258626.467, 116
Trd, 258626.550, 127
Trd, 258626.583, 130
Trd, 258626.700, 130
Trd, 258626.750, 107
Trd, 258626.950, 83
Trd, 258627.317, 113
Trd, 258627.467, 113
Trd, 258627.483, 114
Trd, 258627.633, 111
Trd, 258627.983, 116
Trd, 258628.517, 113
Trd, 258628.700, 112
Trd, 258628.800, 115
Trd, 258628.850, 110
Trd, 258629.433, 111
Trd, 258629.833, 138
Trd, 258630.217, 126
Trd, 258630.433, 140
Trd, 258631.033, 127
Trd, 258631.383, 127
Trd, 258631.517, 128
Trd, 258631.750, 128
Trd, 258631.767, 129
Trd, 258631.850, 131
Trd, 258632.067, 128
Trd, 258632.183, 130
Trd, 258632.233, 128
Trd, 258632.317, 106
Trd, 258632.450, 83
Trd, 258632.500, 74
Trd, 258632.650, 128
Trd, 258632.800, 130
Trd, 258632.850, 132
Trd, 258632.883, 139
Trd, 258633.317, 67
Trd, 258633.700, 139
Trd, 258633.783, 135
Trd, 258633.983, 133
Trd, 258634.450, 130
Trd, 258634.583, 129
Trd, 258635.000, 130
Trd, 258635.933, 140
Trd, 258636.633, 140
Trd, 258636.700, 140
Trd, 258636.717, 140
Trd, 258636.867, 140
Trd, 258636.917, 140
Trd, 258636.967, 140
Trd, 258637.000, 140
Trd, 258637.133, 139
Trd, 258637.150, 139
Trd, 258637.517, 138
Trd, 258637.683, 136
Trd, 258637.833, 135
Trd, 258638.183, 136
Trd, 258638.300, 115
Trd, 258638.350, 107
Trd, 258638.433, 119
Trd, 258638.983, 124
Trd, 258639.083, 131
Trd, 258639.217, 114
Trd, 258639.417, 113
Trd, 258639.533, 138
Trd, 258639.850, 123
Trd, 258640.400, 124
Trd, 258640.450, 127
Trd, 258640.500, 113
Trd, 258640.817, 107
Trd, 258641.283, 140
Trd, 258641.567, 108
Trd, 258641.800, 140
Trd, 258642.050, 139
Trd, 258642.167, 139
Trd, 258643.033, 140
Trd, 258643.333, 140
Trd, 258643.583, 125
Trd, 258644.150, 140
Trd, 258644.217, 140
Trd, 258644.417, 140
Trd, 258644.617, 140
Trd, 258644.650, 131
Trd, 258644.817, 127
Trd, 258645.017, 127
Trd, 258645.200, 126
Trd, 258645.350, 137
Trd, 258645.483, 140
Trd, 258645.700, 140
Trd, 258646.283, 140
Trd, 258646.333, 140
Trd, 258646.417, 139
Trd, 258646.667, 140
Trd, 258646.900, 140
Trd, 258647.050, 140
Trd, 258647.183, 139
Trd, 258647.350, 137
Trd, 258647.500, 138
Trd, 258647.867, 137
Trd, 258647.883, 140
Trd, 258648.517, 138
Trd, 258648.617, 140
Trd, 258648.683, 115
Trd, 258648.883, 120
Trd, 258649.083, 113
Trd, 258649.650, 120
Trd, 258649.733, 120
Trd, 258649.900, 112
Trd, 258649.933, 111
Trd, 258650.050, 140
Trd, 258650.400, 140
Trd, 258650.417, 140
Trd, 258650.450, 140
Trd, 258650.700, 140
Trd, 258651.100, 140
Trd, 258651.517, 139
Trd, 258651.617, 135
Trd, 258652.267, 137
Trd, 258652.283, 136
Trd, 258652.833, 140
Trd, 258653.183, 140
Trd, 258653.317, 136
Trd, 258653.917, 140
Trd, 258653.967, 140
Trd, 258654.167, 140
Trd, 258654.550, 140
Trd, 258654.567, 137
Trd, 258654.617, 135
Trd, 258655.600, 140
Trd, 258656.517, 140
Trd, 258656.717, 140
Trd, 258657.183, 140
Trd, 258657.483, 140
Trd, 258657.717, 140
Trd, 258657.800, 140
Trd, 258658.050, 140
Trd, 258658.383, 140
Trd, 258658.500, 140
Trd, 258658.550, 139
Trd, 258658.567, 134
Trd, 258658.650, 119
Trd, 258658.900, 133
Trd, 258658.967, 132
Trd, 258659.067, 123
Trd, 258659.117, 138
Trd, 258659.333, 140
Trd, 258659.717, 122
Trd, 258660.500, 140
Trd, 258660.583, 140
Trd, 258660.717, 140
Trd, 258661.250, 140
Trd, 258661.283, 140
Trd, 258662.133, 140
Trd, 258662.333, 140
Trd, 258662.433, 140
Trd, 258662.600, 140
Trd, 258662.633, 139
Trd, 258662.900, 138
Trd, 258662.950, 138
Trd, 258662.983, 134
Trd, 258663.350, 135
Trd, 258663.400, 119
Trd, 258663.700, 117
Trd, 258664.000, 138
Trd, 258664.183, 136
Trd, 258664.350, 138
Trd, 258664.717, 137
Trd, 258664.883, 121
Trd, 258665.017, 135
Trd, 258665.250, 118
Trd, 258665.733, 131
Trd, 258665.950, 116
Trd, 258665.983, 133
Trd, 258666.167, 135
Trd, 258666.383, 126
Trd, 258667.050, 140
Trd, 258667.100, 139
Trd, 258667.350, 137
Trd, 258667.483, 140
Trd, 258667.550, 135
Trd, 258668.033, 126
Trd, 258668.100, 119
Trd, 258668.883, 140
Trd, 258669.200, 140
Trd, 258669.333, 140
Trd, 258669.400, 140
Trd, 258669.533, 140
Trd, 258669.633, 140
Trd, 258669.783, 139
Trd, 258670.200, 133
Trd, 258671.167, 127
Trd, 258671.200, 129
Trd, 258671.283, 129
Trd, 258671.483, 128
Trd, 258671.667, 128
Trd, 258671.867, 127
Trd, 258671.883, 124
Trd, 258672.183, 126
Trd, 258672.467, 122
Trd, 258672.500, 121
Trd, 258672.883, 117
Trd, 258672.900, 123
Trd, 258672.933, 115
Trd, 258673.267, 122
Trd, 258673.300, 87
Trd, 258673.700, 118
Trd, 258673.733, 108
Trd, 258673.750, 119
Trd, 258673.767, 121
Trd, 258674.050, 122
Trd, 258674.250, 121
Trd, 258674.317, 115
Trd, 258674.650, 115
Trd, 258675.083, 117
Trd, 258675.333, 116
Trd, 258675.350, 116
Trd, 258675.567, 116
Trd, 258675.583, 114
Trd, 258675.650, 117
Trd, 258675.667, 114
Trd, 258675.833, 122
Trd, 258675.950, 132
Trd, 258676.000, 104
Trd, 258676.300, 99
Trd, 258676.983, 140
Trd, 258677.000, 125
Trd, 258677.167, 101
Trd, 258677.783, 91
Trd, 258678.100, 114
Trd, 258678.283, 140
Trd, 258678.333, 140
Trd, 258679.033, 118
Trd, 258679.133, 139
Trd, 258679.633, 139
Trd, 258680.000, 140
Trd, 258680.283, 140
Trd, 258680.383, 135
Trd, 258680.567, 136
Trd, 258680.667, 139
Trd, 258680.850, 140
Trd, 258681.167, 137
Trd, 258681.267, 114
Trd, 258681.283, 106
Trd, 258681.350, 106
Trd, 258681.467, 93
Trd, 258681.567, 88
Trd, 258681.583, 137
Trd, 258681.850, 115
Trd, 258681.967, 114
Trd, 258682.017, 113
Trd, 258682.300, 131
Trd, 258682.400, 93
Trd, 258682.450, 133
Trd, 258682.550, 92
Trd, 258682.817, 135
Trd, 258683.517, 94
Trd, 258683.600, 81
Trd, 258684.250, 131
Trd, 258684.717, 140
Trd, 258684.817, 140
Trd, 258685.200, 140
Trd, 258685.333, 140
Trd, 258685.867, 140
Trd, 258685.983, 139
Trd, 258686.250, 136
Trd, 258686.383, 137
Trd, 258686.667, 136
Trd, 258686.800, 140
Trd, 258686.933, 139
Trd, 258687.050, 137
Trd, 258687.167, 122
Trd, 258687.933, 114
Trd, 258688.050, 133
Trd, 258688.083, 134
Trd, 258688.267, 133
Trd, 258688.333, 136
Trd, 258688.383, 138
Trd, 258689.150, 131
Trd, 258689.183, 114
Trd, 258689.300, 113
Trd, 258689.717, 112
Trd, 258689.750, 111
Trd, 258689.950, 124
Trd, 258690.017, 109
Trd, 258690.483, 104
Trd, 258690.583, 104
Trd, 258690.867, 126
Trd, 258691.067, 123
Trd, 258691.550, 83
Trd, 258691.700, 127
Trd, 258692.133, 98
Trd, 258692.417, 126
Trd, 258692.450, 127
Trd, 258692.767, 125
Trd, 258692.833, 136
Trd, 258692.883, 124
Trd, 258693.817, 120
Trd, 258693.867, 120
Trd, 258694.083, 126
Trd, 258694.483, 124
Trd, 258694.667, 119
Trd, 258694.867, 118
Trd, 258695.117, 125
Trd, 258695.433, 96
Trd, 258695.550, 125
Trd, 258696.050, 127
Trd, 258696.317, 120
Trd, 258696.400, 120
Trd, 258696.450, 97
Trd, 258696.583, 138
Trd, 258696.617, 96
Trd, 258697.367, 140
Trd, 258697.383, 140
Trd, 258697.583, 138
Trd, 258697.617, 138
Trd, 258698.133, 140
Trd, 258698.383, 140
Trd, 258698.433, 140
Trd, 258698.467, 139
Trd, 258698.517, 138
Trd, 258698.550, 135
Trd, 258698.767, 130
Trd, 258698.833, 121
Trd, 258699.017, 119
Trd, 258699.283, 106
Trd, 258700.733, 140
Trd, 258700.850, 139
Trd, 258700.967, 140
Trd, 258701.167, 139
Trd, 258701.233, 140
Trd, 258701.283, 139
Trd, 258701.583, 140
Trd, 258701.983, 140
Trd, 258702.000, 138
Trd, 258702.017, 137
Trd, 258702.100, 119
Trd, 258702.300, 129
Trd, 258702.417, 125
Trd, 258702.933, 119
Trd, 258702.950, 126
Trd, 258703.183, 119
Trd, 258703.283, 122
Trd, 258703.550, 117
Trd, 258703.633, 107
Trd, 258703.883, 122
Trd, 258703.983, 94
Trd, 258704.317, 125
Trd, 258704.350, 127
Trd, 258704.517, 93
Trd, 258704.750, 94
Trd, 258704.800, 140
Trd, 258704.900, 139
Trd, 258705.100, 113
Trd, 258705.283, 93
Trd, 258705.733, 84
Trd, 258705.750, 91
Trd, 258706.083, 84
Trd, 258706.500, 90
Trd, 258706.617, 79
Trd, 258706.633, 91
Trd, 258706.800, 92
Trd, 258707.283, 88
Trd, 258707.517, 88
Trd, 258707.567, 81
Trd, 258707.700, 89
Trd, 258707.867, 90
Trd, 258707.950, 108
Trd, 258707.967, 84
Trd, 258708.183, 119
Trd, 258708.450, 131
Trd, 258708.567, 81
Trd, 258708.917, 117
Trd, 258709.117, 95
Trd, 258709.300, 134
Trd, 258709.383, 135
Trd, 258709.750, 140
Trd, 258710.050, 140
Trd, 258710.317, 140
Trd, 258710.383, 140
Trd, 258710.833, 140
Trd, 258711.450, 140
Trd, 258711.717, 140
Trd, 258711.733, 140
Trd, 258712.050, 140
Trd, 258712.117, 139
Trd, 258712.133, 139
Trd, 258712.483, 139
Trd, 258712.683, 135
Trd, 258712.933, 118
Trd, 258713.183, 140
Trd, 258713.350, 130
Trd, 258713.400, 105
Trd, 258713.783, 102
Trd, 258714.117, 137
Trd, 258714.583, 135
Trd, 258714.617, 136
Trd, 258714.717, 125
Trd, 258714.733, 125
Trd, 258715.017, 122
Trd, 258715.833, 139
Trd, 258716.117, 137
Trd, 258716.650, 133
Trd, 258716.683, 135
Trd, 258716.933, 131
Trd, 258717.033, 137
Trd, 258717.217, 127
Trd, 258717.250, 126
Trd, 258717.733, 97
Trd, 258717.750, 96
Trd, 258717.867, 90
Trd, 258717.883, 136
Trd, 258717.917, 89
Trd, 258717.933, 86
Trd, 258718.050, 135
Trd, 258718.217, 81
Trd, 258718.233, 137
Trd, 258718.400, 138
Trd, 258718.533, 81
Trd, 258718.733, 138
Trd, 258719.033, 81
Trd, 258719.200, 86
Trd, 258719.517, 140
Trd, 258719.767, 137
Trd, 258720.133, 137
Trd, 258720.483, 140
Trd, 258720.583, 139
Trd, 258721.117, 139
Trd, 258721.883, 135
Trd, 258721.900, 131
Trd, 258722.083, 136
Trd, 258722.400, 132
Trd, 258722.717, 132
Trd, 258722.733, 122
Trd, 258722.917, 132
Trd, 258723.267, 132
Trd, 258723.550, 107
Trd, 258724.167, 87
Trd, 258724.400, 88
Trd, 258724.567, 87
Trd, 258725.067, 121
Trd, 258725.517, 114
Trd, 258725.533, 116
Trd, 258726.050, 114
Trd, 258726.167, 113
Trd, 258726.200, 113
Trd, 258726.383, 109
Trd, 258726.450, 102
Trd, 258726.550, 94
Trd, 258726.583, 112
Trd, 258726.600, 90
Trd, 258726.800, 78
Trd, 258727.183, 88
Trd, 258727.417, 87
Trd, 258727.433, 74
Trd, 258727.483, 88
Trd, 258727.567, 71
Trd, 258727.650, 63
Trd, 258728.300, 60
Trd, 258728.417, 60
Trd, 258728.800, 60
Trd, 258729.083, 60
Trd, 258729.100, 65
Trd, 258729.200, 65
Trd, 258729.283, 61
Trd, 258729.750, 60
Trd, 258729.817, 62
Trd, 258729.883, 65
Trd, 258730.517, 63
Trd, 258730.533, 62
Trd, 258730.650, 65
Trd, 258730.817, 73
Trd, 258731.017, 79
Trd, 258731.067, 81
Trd, 258731.217, 73
Trd, 258731.300, 72
Trd, 258731.433, 109
Trd, 258731.733, 137
Trd, 258731.850, 108
Trd, 258732.550, 140
Trd, 258732.733, 140
Trd, 258732.950, 139
Trd, 258733.050, 132
Trd, 258733.083, 120
Trd, 258734.000, 140
Trd, 258734.117, 140
Trd, 258734.350, 138
Trd, 258734.533, 136
Trd, 258734.600, 135
Trd, 258734.967, 117
Trd, 258735.400, 121
Trd, 258735.567, 122
Trd, 258735.800, 110
Trd, 258735.850, 121
Trd, 258736.200, 118
Trd, 258736.833, 115
Trd, 258737.067, 116
Trd, 258737.100, 119
Trd, 258737.233, 120
Trd, 258737.433, 122
Trd, 258737.483, 123
Trd, 258737.633, 113
Trd, 258737.850, 135
Trd, 258738.267, 140
Trd, 258738.300, 132
Trd, 258738.350, 139
Trd, 258738.567, 110
Trd, 258738.717, 110
Trd, 258739.100, 107
Trd, 258739.533, 139
Trd, 258740.017, 136
Trd, 258740.300, 120
Trd, 258740.400, 107
Trd, 258740.650, 108
Trd, 258740.950, 107
Trd, 258741.033, 106
Trd, 258741.050, 98
Trd, 258741.250, 106
Trd, 258742.450, 140
Trd, 258742.650, 140
Trd, 258743.167, 140
Trd, 258743.350, 140
Trd, 258743.450, 140
Trd, 258743.583, 140
Trd, 258743.617, 140
Trd, 258743.867, 140
Trd, 258743.900, 140
Trd, 258743.917, 140
Trd, 258744.150, 136
Trd, 258744.417, 135
Trd, 258744.667, 121
Trd, 258744.817, 135
Trd, 258744.883, 108
Trd, 258744.983, 133
Trd, 258745.000, 113
Trd, 258745.033, 107
Trd, 258745.233, 93
Trd, 258745.317, 84
Trd, 258745.800, 90
Trd, 258746.183, 83
Trd, 258746.567, 96
Trd, 258746.867, 86
Trd, 258746.983, 85
Trd, 258747.233, 85
Trd, 258747.350, 83
Trd, 258747.400, 95
Trd, 258747.567, 95
Trd, 258747.583, 96
Trd, 258747.700, 97
Trd, 258748.150, 132
Trd, 258748.400, 94
Trd, 258748.800, 95
Trd, 258748.917, 95
Trd, 258748.933, 94
Trd, 258748.983, 86
Trd, 258749.183, 132
Trd, 258749.433, 131
Trd, 258749.583, 128
Trd, 258750.150, 131
Trd, 258750.167, 119
Trd, 258750.417, 133
Trd, 258750.450, 124
Trd, 258750.683, 140
Trd, 258751.283, 127
Trd, 258751.467, 125
Trd, 258751.583, 122
Trd, 258752.083, 122
Trd, 258752.350, 139
Trd, 258752.600, 139
Trd, 258752.950, 138
Trd, 258753.067, 139
Trd, 258753.267, 139
Trd, 258753.600, 140
Trd, 258753.683, 139
Trd, 258753.933, 140
Trd, 258754.033, 138
Trd, 258754.167, 122
Trd, 258754.583, 138
Trd, 258754.717, 137
Trd, 258754.917, 138
Trd, 258755.433, 136
Trd, 258755.483, 135
Trd, 258755.667, 138
Trd, 258755.933, 138
Trd, 258756.117, 139
Trd, 258756.167, 133
Trd, 258756.333, 126
Trd, 258756.517, 124
Trd, 258756.800, 119
Trd, 258756.817, 118
Trd, 258756.833, 114
Trd, 258757.050, 108
Trd, 258757.833, 140
Trd, 258758.133, 139
Trd, 258759.317, 140
Trd, 258759.350, 139
Trd, 258759.483, 139
Trd, 258759.533, 138
Trd, 258759.683, 138
Trd, 258759.850, 138
Trd, 258760.050, 139
Trd, 258760.133, 140
Trd, 258760.617, 136
Trd, 258760.783, 134
Trd, 258760.967, 134
Trd, 258761.150, 135
Trd, 258761.383, 134
Trd, 258761.433, 134
Trd, 258761.500, 135
Trd, 258761.633, 133
Trd, 258761.700, 133
Trd, 258761.933, 137
Trd, 258762.067, 130
Trd, 258762.267, 118
Trd, 258762.517, 115
Trd, 258762.717, 112
Trd, 258763.033, 85
Trd, 258763.167, 82
Trd, 258763.200, 98
Trd, 258763.600, 121
Trd, 258763.683, 86
Trd, 258763.717, 124
Trd, 258764.267, 92
Trd, 258764.517, 125
Trd, 258764.667, 90
Trd, 258764.733, 77
Trd, 258764.750, 130
Trd, 258765.267, 137
Trd, 258765.283, 122
Trd, 258765.617, 137
Trd, 258765.933, 114
Trd, 258766.217, 135
Trd, 258766.533, 140
Trd, 258766.783, 135
Trd, 258766.800, 134
Trd, 258766.933, 127
Trd, 258767.383, 140
Trd, 258768.233, 140
Trd, 258768.767, 140
Trd, 258768.883, 140
Trd, 258769.050, 140
Trd, 258769.083, 139
Trd, 258769.300, 139
Trd, 258769.400, 139
Trd, 258769.583, 140
Trd, 258769.817, 139
Trd, 258770.083, 138
Trd, 258770.117, 137
Trd, 258770.217, 135
Trd, 258771.033, 133
Trd, 258771.067, 135
Trd, 258771.183, 137
Trd, 258771.417, 138
Trd, 258771.917, 120
Trd, 258772.100, 127
Trd, 258772.250, 119
Trd, 258772.300, 134
Trd, 258772.517, 121
Trd, 258772.583, 136
Trd, 258772.667, 120
Trd, 258772.917, 116
Trd, 258773.133, 135
Trd, 258773.600, 128
Trd, 258773.683, 104
Trd, 258773.717, 104
Trd, 258774.117, 122
Trd, 258774.583, 116
Trd, 258774.933, 114
Trd, 258774.967, 111
Trd, 258775.017, 97
Trd, 258775.333, 97
Trd, 258775.533, 114
Trd, 258775.967, 140
Trd, 258776.400, 140
Trd, 258776.533, 140
Trd, 258776.733, 140
Trd, 258776.750, 138
Trd, 258776.900, 137
Trd, 258776.950, 130
Trd, 258777.283, 139
Trd, 258777.700, 126
Trd, 258777.733, 135
Trd, 258778.117, 125
Trd, 258778.150, 121
Trd, 258778.383, 116
Trd, 258778.400, 130
Trd, 258778.750, 112
Trd, 258779.317, 112
Trd, 258779.550, 113
Trd, 258779.967, 121
Trd, 258780.050, 122
Trd, 258780.167, 121
Trd, 258780.300, 122
Trd, 258780.467, 113
Trd, 258780.550, 112
Trd, 258780.567, 99
Trd, 258780.683, 122
Trd, 258780.833, 129
Trd, 258780.867, 86
Trd, 258781.817, 119
Trd, 258782.283, 140
Trd, 258782.700, 121
Trd, 258782.867, 120
Trd, 258783.000, 120
Trd, 258783.283, 140
Trd, 258783.333, 140
Trd, 258783.383, 134
Trd, 258783.433, 119
Trd, 258783.483, 107
Trd, 258783.967, 140
Trd, 258784.133, 140
Trd, 258784.150, 140
Trd, 258784.233, 140
Trd, 258784.300, 140
Trd, 258784.383, 140
Trd, 258784.583, 128
Trd, 258784.917, 108
Trd, 258785.533, 109
Trd, 258785.567, 131
Trd, 258785.683, 110
Trd, 258785.783, 111
Trd, 258785.850, 135
Trd, 258786.000, 106
Trd, 258786.067, 105
Trd, 258786.150, 95
Trd, 258786.317, 134
Trd, 258786.450, 89
Trd, 258786.717, 60
Trd, 258786.850, 63
Trd, 258787.017, 64
Trd, 258787.150, 65
Trd, 258787.400, 140
Trd, 258787.433, 140
Trd, 258788.000, 140
Trd, 258788.300, 140
Trd, 258789.367, 140
Trd, 258789.400, 140
Trd, 258789.733, 140
Trd, 258790.033, 140
Trd, 258790.183, 140
Trd, 258790.200, 140
Trd, 258790.533, 140
Trd, 258790.767, 139
Trd, 258790.900, 139
Trd, 258790.950, 135
Trd, 258791.350, 138
Trd, 258791.450, 132
Trd, 258791.617, 135
Trd, 258791.883, 134
Trd, 258791.950, 132
Trd, 258792.800, 140
Trd, 258792.833, 140
Trd, 258792.933, 140
Trd, 258793.017, 137
Trd, 258793.917, 137
Trd, 258793.950, 135
Trd, 258793.983, 129
Trd, 258794.017, 113
Trd, 258794.283, 132
Trd, 258794.300, 114
Trd, 258794.467, 104
Trd, 258794.917, 105
Trd, 258795.167, 133
Trd, 258795.350, 134
Trd, 258795.500, 139
Trd, 258796.017, 140
Trd, 258796.083, 137
Trd, 258796.250, 121
Trd, 258796.317, 120
Trd, 258796.433, 116
Trd, 258796.667, 115
Trd, 258796.767, 116
Trd, 258797.067, 140
Trd, 258797.200, 122
Trd, 258797.500, 117
Trd, 258797.617, 111
Trd, 258798.367, 137
Trd, 258798.400, 133
Trd, 258798.667, 126
Trd, 258798.983, 131
Trd, 258799.133, 132
Trd, 258799.350, 137
Trd, 258799.417, 137
Trd, 258799.433, 136
Trd, 258799.467, 139
Trd, 258799.633, 128
Trd, 258799.783, 139
Trd, 258800.133, 127
Trd, 258800.417, 123
Trd, 258800.450, 113
Trd, 258800.517, 123
Trd, 258800.667, 123
Trd, 258801.083, 108
Trd, 258801.100, 119
Trd, 258801.200, 107
Trd, 258801.383, 92
Trd, 258801.617, 92
Trd, 258801.867, 61
Trd, 258801.983, 115
Trd, 258802.200, 115
Trd, 258802.500, 117
Trd, 258803.517, 140
Trd, 258803.583, 139
Trd, 258803.700, 140
Trd, 258803.717, 139
Trd, 258803.867, 125
Trd, 258804.000, 124
Trd, 258804.600, 127
Trd, 258805.717, 140
Trd, 258805.900, 140
Trd, 258806.350, 140
Trd, 258806.367, 140
Trd, 258806.417, 140
Trd, 258806.500, 140
Trd, 258806.517, 139
Trd, 258806.917, 140
Trd, 258806.933, 139
Trd, 258806.983, 135
Trd, 258807.567, 140
Trd, 258807.933, 139
Trd, 258808.067, 136
Trd, 258808.500, 135
Trd, 258808.517, 135
Trd, 258808.650, 137
Trd, 258809.133, 120
Trd, 258809.317, 119
Trd, 258809.400, 131
Trd, 258809.533, 132
Trd, 258809.633, 103
Trd, 258809.767, 92
Trd, 258810.083, 131
Trd, 258810.100, 135
Trd, 258810.517, 115
Trd, 258811.167, 140
Trd, 258811.500, 139
Trd, 258811.517, 115
Trd, 258811.917, 138
Trd, 258811.967, 139
Trd, 258812.267, 127
Trd, 258812.400, 131
Trd, 258812.417, 138
Trd, 258812.600, 135
Trd, 258813.100, 124
Trd, 258813.383, 131
Trd, 258813.400, 130
Trd, 258813.467, 122
Trd, 258813.483, 120
Trd, 258813.767, 112
Trd, 258813.833, 108
Trd, 258814.350, 126
Trd, 258814.433, 127
Trd, 258814.850, 105
Trd, 258814.933, 130
Trd, 258815.000, 97
Trd, 258815.083, 95
Trd, 258815.383, 65
Trd, 258815.867, 92
Trd, 258816.183, 73
Trd, 258816.200, 92
Trd, 258816.400, 97
Trd, 258816.467, 62
Trd, 258817.067, 83
Trd, 258817.167, 67
Trd, 258817.667, 68
Trd, 258817.733, 68
Trd, 258817.767, 99
Trd, 258817.800, 100
Trd, 258818.083, 79
Trd, 258818.200, 101
Trd, 258818.217, 68
Trd, 258818.700, 72
Trd, 258818.717, 84
Trd, 258818.767, 85
Trd, 258818.833, 68
Trd, 258818.850, 102
Trd, 258819.067, 67
Trd, 258819.217, 71
Trd, 258819.467, 66
Trd, 258819.917, 140
Trd, 258820.583, 140
Trd, 258821.133, 140
Trd, 258821.200, 140
Trd, 258821.250, 140
Trd, 258822.133, 140
Trd, 258822.200, 140
Trd, 258822.233, 139
Trd, 258822.567, 140
Trd, 258822.817, 140
Trd, 258822.950, 140
Trd, 258823.300, 139
Trd, 258823.517, 139
Trd, 258823.550, 138
Trd, 258823.817, 125
Trd, 258823.967, 137
Trd, 258824.283, 124
Trd, 258824.367, 123
Trd, 258824.517, 135
Trd, 258824.567, 137
Trd, 258824.750, 116
Trd, 258824.800, 108
Trd, 258825.333, 116
Trd, 258825.650, 130
Trd, 258825.733, 131
Trd, 258825.750, 108
Trd, 258825.883, 107
Trd, 258826.033, 130
Trd, 258826.133, 131
Trd, 258826.517, 116
Trd, 258826.550, 115
Trd, 258826.567, 126
Trd, 258826.683, 109
Trd, 258826.967, 125
Trd, 258826.983, 126
Trd, 258827.117, 134
Trd, 258827.583, 114
Trd, 258827.600, 108
Trd, 258827.950, 120
Trd, 258827.983, 121
Trd, 258828.167, 107
Trd, 258828.367, 86
Trd, 258828.850, 63
Trd, 258828.867, 63
Trd, 258829.650, 110
Trd, 258830.133, 105
Trd, 258830.183, 104
Trd, 258830.600, 61
Trd, 258830.617, 62
Trd, 258830.633, 77
Trd, 258831.133, 140
Trd, 258831.500, 140
Trd, 258831.617, 140
Trd, 258831.650, 140
Trd, 258831.717, 128
Trd, 258832.333, 140
Trd, 258832.517, 140
Trd, 258832.983, 140
Trd, 258833.017, 140
Trd, 258833.117, 139
Trd, 258833.233, 140
Trd, 258833.333, 139
Trd, 258833.383, 139
Trd, 258833.450, 138
Trd, 258833.650, 136
Trd, 258833.867, 135
Trd, 258834.117, 138
Trd, 258834.200, 124
Trd, 258834.533, 140
Trd, 258834.783, 120
Trd, 258834.917, 110
Trd, 258834.983, 108
Trd, 258835.150, 112
Trd, 258835.250, 140
Trd, 258835.417, 128
Trd, 258836.050, 140
Trd, 258836.167, 140
Trd, 258836.683, 138
Trd, 258836.717, 140
Trd, 258837.233, 138
Trd, 258837.400, 139
Trd, 258837.583, 138
Trd, 258837.617, 138
Trd, 258838.083, 139
Trd, 258838.317, 126
Trd, 258838.500, 125
Trd, 258838.617, 133
Trd, 258838.700, 122
Trd, 258838.900, 138
Trd, 258839.167, 118
Trd, 258839.200, 117
Trd, 258839.800, 116
Trd, 258840.033, 99
Trd, 258840.167, 120
Trd, 258840.217, 99
Trd, 258840.317, 88
Trd, 258840.500, 117
Trd, 258840.517, 119
Trd, 258840.783, 118
Trd, 258840.817, 120
Trd, 258840.850, 117
Trd, 258841.067, 116
Trd, 258841.167, 121
Trd, 258841.400, 129
Trd, 258841.650, 118
Trd, 258841.733, 117
Trd, 258842.000, 140
Trd, 258842.567, 118
Trd, 258843.100, 140
Trd, 258843.133, 140
Trd, 258843.367, 140
Trd, 258843.500, 139
Trd, 258843.517, 139
Trd, 258843.900, 139
Trd, 258844.267, 140
Trd, 258844.283, 135
Trd, 258844.917, 140
Trd, 258844.950, 140
Trd, 258845.200, 140
Trd, 258845.417, 138
Trd, 258845.567, 92
Trd, 258845.783, 138
Trd, 258845.800, 74
Trd, 258845.817, 69
Trd, 258846.383, 137
Trd, 258846.483, 135
Trd, 258846.500, 138
Trd, 258846.617, 138
Trd, 258846.850, 135
Trd, 258847.083, 97
Trd, 258847.300, 81
Trd, 258847.967, 122
Trd, 258848.000, 129
Trd, 258848.200, 133
Trd, 258848.583, 127
Trd, 258848.600, 126
Trd, 258848.700, 125
Trd, 258848.800, 135
Trd, 258849.017, 133
Trd, 258849.167, 122
Trd, 258849.467, 96
Trd, 258849.483, 81
Trd, 258849.517, 104
Trd, 258849.617, 65
Trd, 258849.817, 82
Trd, 258850.050, 86
Trd, 258850.283, 133
Trd, 258850.717, 140
Trd, 258850.750, 139
Trd, 258851.017, 138
Trd, 258851.967, 140
Trd, 258852.067, 140
Trd, 258852.133, 140
Trd, 258852.300, 140
Trd, 258852.517, 140
Trd, 258853.450, 140
Trd, 258853.533, 139
Trd, 258853.950, 139
Trd, 258854.150, 139
Trd, 258854.233, 138
Trd, 258854.267, 137
Trd, 258854.333, 138
Trd, 258854.383, 133
Trd, 258854.567, 129
Trd, 258854.933, 125
Trd, 258855.133, 130
Trd, 258855.400, 130
Trd, 258855.533, 126
Trd, 258855.567, 130
Trd, 258855.600, 131
Trd, 258855.667, 105
Trd, 258855.750, 132
Trd, 258856.133, 112
Trd, 258856.500, 98
Trd, 258856.650, 110
Trd, 258857.500, 124
Trd, 258857.850, 106
Trd, 258857.967, 125
Trd, 258858.167, 126
Trd, 258858.400, 104
Trd, 258858.433, 110
Trd, 258858.483, 104
Trd, 258858.967, 140
Trd, 258859.283, 137
Trd, 258859.417, 137
Trd, 258859.767, 138
Trd, 258859.867, 136
Trd, 258860.033, 87
Trd, 258860.083, 61
Trd, 258860.550, 60
Trd, 258860.567, 88
Trd, 258860.717, 89
Trd, 258860.850, 90
Trd, 258860.983, 90
Trd, 258861.300, 60
Trd, 258861.500, 78
Trd, 258861.617, 66
Trd, 258861.983, 100
Trd, 258862.117, 99
Trd, 258862.283, 98
Trd, 258862.433, 98
Trd, 258862.900, 140
Trd, 258863.950, 140
Trd, 258864.217, 140
Trd, 258864.717, 140
Trd, 258864.900, 140
Trd, 258864.983, 140
Trd, 258865.333, 140
Trd, 258865.367, 139
Trd, 258865.450, 140
Trd, 258865.483, 122
Trd, 258865.633, 126
Trd, 258865.800, 117
Trd, 258865.833, 116
Trd, 258865.867, 138
Trd, 258865.983, 137
Trd, 258866.167, 137
Trd, 258866.300, 116
Trd, 258866.800, 131
Trd, 258866.833, 138
Trd, 258866.950, 117
Trd, 258867.117, 132
Trd, 258867.167, 110
Trd, 258867.300, 86
Trd, 258867.883, 140
Trd, 258868.283, 140
Trd, 258868.500, 140
Trd, 258868.517, 140
Trd, 258868.683, 139
Trd, 258868.767, 139
Trd, 258868.933, 136
Trd, 258869.383, 135
Trd, 258869.650, 114
Trd, 258869.667, 113
Trd, 258870.633, 114
Trd, 258870.833, 140
Trd, 258870.933, 140
Trd, 258870.967, 113
Trd, 258871.417, 112
Trd, 258871.517, 135
Trd, 258871.583, 112
Trd, 258871.900, 137
Trd, 258871.950, 134
Trd, 258872.067, 139
Trd, 258872.167, 138
Trd, 258872.417, 134
Trd, 258872.750, 133
Trd, 258872.783, 95
Trd, 258872.800, 135
Trd, 258872.917, 83
Trd, 258873.283, 114
Trd, 258874.517, 140
Trd, 258874.583, 140
Trd, 258874.750, 140
Trd, 258874.917, 140
Trd, 258875.000, 136
Trd, 258875.017, 118
Trd, 258875.167, 137
Trd, 258875.450, 138
Trd, 258875.517, 118
Trd, 258875.617, 139
Trd, 258875.950, 137
Trd, 258876.367, 127
Trd, 258876.700, 138
Trd, 258876.867, 119
Trd, 258876.983, 135
Trd, 258877.183, 119
Trd, 258877.200, 82
Trd, 258877.400, 76
Trd, 258877.517, 71
Trd, 258878.083, 97
Trd, 258878.100, 99
Trd, 258878.517, 99
Trd, 258878.767, 75
Trd, 258879.233, 99
Trd, 258879.333, 90
Trd, 258879.800, 60
Trd, 258880.150, 60
Trd, 258880.400, 60
Trd, 258880.600, 60
Trd, 258880.633, 60
Trd, 258880.733, 60
Trd, 258880.867, 60
Trd, 258880.917, 60
Trd, 258880.950, 62
Trd, 258881.250, 62
Trd, 258881.350, 60
Trd, 258881.450, 61
Trd, 258881.600, 85
Trd, 258881.633, 128
Trd, 258881.817, 128
Trd, 258882.250, 69
Trd, 258882.750, 116
Trd, 258883.083, 116
Trd, 258883.517, 139
Trd, 258883.567, 127
Trd, 258884.167, 140
Trd, 258884.200, 139
Trd, 258885.100, 140
Trd, 258885.200, 140
Trd, 258885.750, 140
Trd, 258886.050, 140
Trd, 258886.200, 140
Trd, 258886.300, 140
Trd, 258886.317, 139
Trd, 258886.583, 140
Trd, 258886.650, 140
Trd, 258886.800, 140
Trd, 258886.867, 135
Trd, 258886.950, 130
Trd, 258887.300, 130
Trd, 258887.583, 135
Trd, 258888.150, 132
Trd, 258888.333, 131
Trd, 258888.500, 130
Trd, 258888.667, 129
Trd, 258888.683, 123
Trd, 258888.883, 130
Trd, 258889.000, 127
Trd, 258889.183, 127
Trd, 258889.300, 129
Trd, 258889.367, 130
Trd, 258889.750, 126
Trd, 258889.883, 107
Trd, 258889.967, 106
Trd, 258890.083, 107
Trd, 258890.567, 66
Trd, 258890.617, 65
Trd, 258890.733, 61
Trd, 258891.350, 60
Trd, 258891.683, 60
Trd, 258892.033, 60
Trd, 258892.083, 61
Trd, 258892.267, 61
Trd, 258892.333, 61
Trd, 258892.417, 60
Trd, 258892.517, 61
Trd, 258892.717, 60
Trd, 258893.267, 64
Trd, 258893.300, 66
Trd, 258893.433, 103
Trd, 258893.550, 97
Trd, 258894.400, 140
Trd, 258894.467, 140
Trd, 258894.783, 140
Trd, 258894.800, 140
Trd, 258894.850, 140
Trd, 258895.383, 140
Trd, 258895.833, 140
Trd, 258896.567, 140
Trd, 258897.167, 140
Trd, 258897.800, 140
Trd, 258898.083, 140
Trd, 258898.100, 140
Trd, 258898.233, 140
Trd, 258898.300, 140
Trd, 258898.400, 140
Trd, 258898.433, 139
Trd, 258898.483, 135
Trd, 258898.883, 108
Trd, 258898.900, 99
Trd, 258898.917, 138
Trd, 258898.933, 97
Trd, 258899.150, 123
Trd, 258899.217, 137
Trd, 258899.450, 134
Trd, 258899.933, 76
Trd, 258900.217, 119
Trd, 258900.317, 119
Trd, 258900.617, 118
Trd, 258900.700, 117
Trd, 258901.117, 117
Trd, 258901.200, 71
Trd, 258901.267, 118
Trd, 258901.317, 72
Trd, 258901.500, 62
Trd, 258901.700, 100
Trd, 258902.617, 140
Trd, 258902.700, 140
Trd, 258903.100, 140
Trd, 258903.167, 140
Trd, 258903.300, 131
Trd, 258903.600, 140
Trd, 258903.650, 140
Trd, 258903.867, 140
Trd, 258903.883, 140
Trd, 258904.400, 140
Trd, 258904.450, 140
Trd, 258904.567, 140
Trd, 258904.583, 139
Trd, 258905.217, 123
Trd, 258905.600, 138
Trd, 258905.783, 119
Trd, 258905.850, 140
Trd, 258905.933, 140
Trd, 258906.017, 138
Trd, 258906.283, 137
Trd, 258906.633, 120
Trd, 258906.917, 120
Trd, 258906.967, 119
Trd, 258907.417, 100
Trd, 258907.483, 133
Trd, 258907.717, 134
Trd, 258907.967, 135
Trd, 258908.467, 127
Trd, 258908.567, 125
Trd, 258908.633, 113
Trd, 258909.150, 131
Trd, 258909.217, 130
Trd, 258909.350, 127
Trd, 258909.633, 135
Trd, 258909.917, 136
Trd, 258910.517, 133
Trd, 258910.567, 132
Trd, 258910.750, 140
Trd, 258911.100, 138
Trd, 258911.633, 140
Trd, 258911.817, 140
Trd, 258912.000, 140
Trd, 258912.067, 136
Trd, 258912.467, 139
Trd, 258912.517, 138
Trd, 258912.633, 138
Trd, 258912.767, 139
Trd, 258912.983, 135
Trd, 258913.383, 134
Trd, 258913.533, 138
Trd, 258913.783, 134
Trd, 258913.933, 130
Trd, 258914.017, 123
Trd, 258914.217, 137
Trd, 258914.233, 138
Trd, 258914.417, 122
Trd, 258914.550, 118
Trd, 258914.800, 115
Trd, 258914.917, 119
Trd, 258915.100, 121
Trd, 258916.000, 103
Trd, 258916.133, 104
Trd, 258916.150, 102
Trd, 258916.333, 104
Trd, 258916.517, 99
Trd, 258916.717, 137
Trd, 258916.800, 94
Trd, 258917.217, 140
Trd, 258917.267, 139
Trd, 258917.283, 74
Trd, 258917.383, 121
Trd, 258917.817, 140
Trd, 258917.983, 138
Trd, 258918.383, 118
Trd, 258919.000, 111
Trd, 258919.233, 111
Trd, 258919.267, 128
Trd, 258919.333, 110
Trd, 258919.467, 110
Trd, 258919.567, 131
Trd, 258919.800, 132
Trd, 258919.900, 111
Trd, 258919.933, 110
Trd, 258920.000, 136
Trd, 258920.217, 110
Trd, 258920.250, 108
Trd, 258920.650, 107
Trd, 258920.817, 104
Trd, 258920.917, 92
Trd, 258921.350, 72
Trd, 258921.900, 120
Trd, 258922.167, 93
Trd, 258922.417, 93
Trd, 258922.667, 92
Trd, 258922.783, 123
Trd, 258922.900, 124
Trd, 258922.983, 125
Trd, 258923.033, 128
Trd, 258923.333, 117
Trd, 258923.367, 106
Trd, 258923.400, 93
Trd, 258923.417, 89
Trd, 258923.467, 67
Trd, 258923.567, 65
Trd, 258924.250, 140
Trd, 258924.500, 140
Trd, 258924.733, 140
Trd, 258925.683, 140
Trd, 258925.867, 140
Trd, 258926.050, 140
Trd, 258926.167, 140
Trd, 258926.267, 139
Trd, 258926.383, 139
Trd, 258926.600, 139
Trd, 258926.683, 138
Trd, 258926.883, 138
Trd, 258927.033, 137
Trd, 258927.483, 134
Trd, 258927.900, 124
Trd, 258928.183, 134
Trd, 258928.283, 136
Trd, 258928.333, 124
Trd, 258928.583, 124
Trd, 258928.717, 130
Trd, 258928.750, 124
Trd, 258929.000, 140
Trd, 258929.083, 139
Trd, 258929.417, 140
Trd, 258929.450, 140
Trd, 258929.817, 139
Trd, 258929.983, 129
Trd, 258930.050, 128
Trd, 258930.567, 127
Trd, 258930.633, 117
Trd, 258930.800, 112
Trd, 258931.767, 140
Trd, 258932.033, 140
Trd, 258932.250, 139
Trd, 258932.567, 138
Trd, 258932.783, 138
Trd, 258933.033, 139
Trd, 258933.067, 137
Trd, 258933.100, 137
Trd, 258933.217, 120
Trd, 258933.383, 116
Trd, 258933.533, 135
Trd, 258933.583, 92
Trd, 258933.617, 134
Trd, 258934.083, 136
Trd, 258934.367, 135
Trd, 258934.383, 136
Trd, 258934.450, 91
Trd, 258934.517, 78
Trd, 258934.583, 71
Trd, 258934.900, 136
Trd, 258935.033, 125
Trd, 258935.167, 136
Trd, 258935.900, 120
Trd, 258936.350, 139
Trd, 258936.550, 126
Trd, 258936.567, 126
Trd, 258936.767, 140
Trd, 258937.000, 120
Trd, 258937.183, 123
Trd, 258937.300, 130
Trd, 258938.067, 130
Trd, 258938.100, 119
Trd, 258938.117, 132
Trd, 258938.350, 118
Trd, 258938.400, 118
Trd, 258938.500, 116
Trd, 258938.550, 132
Trd, 258938.883, 112
Trd, 258939.050, 133
Trd, 258939.367, 84
Trd, 258939.450, 134
Trd, 258939.533, 134
Trd, 258939.783, 84
Trd, 258939.867, 99
Trd, 258939.933, 83
Trd, 258940.483, 140
Trd, 258940.850, 114
Trd, 258941.200, 140
Trd, 258941.467, 140
Trd, 258941.583, 135
Trd, 258941.917, 116
Trd, 258942.517, 121
Trd, 258942.917, 118
Trd, 258942.983, 117
Trd, 258943.133, 117
Trd, 258943.817, 140
Trd, 258944.233, 140
Trd, 258944.500, 140
Trd, 258944.533, 140
Trd, 258944.667, 140
Trd, 258944.900, 140
Trd, 258945.033, 139
Trd, 258945.067, 139
Trd, 258945.200, 94
Trd, 258945.783, 129
Trd, 258945.983, 137
Trd, 258946.217, 137
Trd, 258946.567, 91
Trd, 258946.617, 90
Trd, 258946.633, 117
Trd, 258946.683, 121
Trd, 258947.067, 91
Trd, 258947.250, 120
Trd, 258947.850, 118
Trd, 258948.233, 93
Trd, 258948.350, 118
Trd, 258948.883, 97
Trd, 258948.917, 117
Trd, 258948.950, 119
Trd, 258949.083, 140
Trd, 258949.467, 140
Trd, 258949.817, 140
Trd, 258949.883, 140
Trd, 258949.900, 140
Trd, 258950.150, 137
Trd, 258950.267, 139
Trd, 258950.533, 136
Trd, 258950.783, 132
Trd, 258951.117, 119
Trd, 258951.267, 100
Trd, 258951.600, 88
Trd, 258952.117, 128
Trd, 258952.217, 128
Trd, 258952.500, 94
Trd, 258952.767, 130
Trd, 258952.800, 92
Trd, 258952.967, 132
Trd, 258953.133, 107
Trd, 258953.583, 94
Trd, 258953.600, 93
Trd, 258953.983, 98
Trd, 258954.067, 125
Trd, 258954.317, 106
Trd, 258954.483, 120
Trd, 258954.533, 104
Trd, 258954.667, 116
Trd, 258954.750, 117
Trd, 258954.967, 118
Trd, 258955.083, 101
Trd, 258955.167, 98
Trd, 258955.300, 118
Trd, 258955.417, 121
Trd, 258955.583, 91
Trd, 258955.667, 80
Trd, 258955.750, 135
Trd, 258956.433, 140
Trd, 258956.617, 140
Trd, 258956.750, 140
Trd, 258956.767, 140
Trd, 258956.900, 140
Trd, 258956.967, 139
Trd, 258957.000, 125
Trd, 258957.317, 139
Trd, 258957.400, 140
Trd, 258957.900, 140
Trd, 258958.083, 140
Trd, 258958.133, 139
Trd, 258958.417, 140
Trd, 258958.667, 140
Trd, 258958.800, 116
Trd, 258959.433, 138
Trd, 258959.667, 139
Trd, 258959.767, 138
Trd, 258959.800, 137
Trd, 258959.917, 132
Trd, 258960.833, 129
Trd, 258960.867, 125
Trd, 258961.000, 106
Trd, 258961.100, 129
Trd, 258961.217, 126
Trd, 258961.233, 87
Trd, 258961.350, 127
Trd, 258961.750, 84
Trd, 258962.083, 128
Trd, 258962.350, 132
Trd, 258962.567, 94
Trd, 258962.933, 93
Trd, 258963.000, 101
Trd, 258963.217, 88
Trd, 258963.733, 88
Trd, 258963.867, 123
Trd, 258963.900, 119
Trd, 258964.450, 139
Trd, 258964.517, 138
Trd, 258964.783, 137
Trd, 258965.300, 140
Trd, 258965.333, 140
Trd, 258966.083, 140
Trd, 258966.350, 140
Trd, 258966.467, 140
Trd, 258966.533, 140
Trd, 258966.767, 140
Trd, 258966.917, 139
Trd, 258967.050, 139
Trd, 258967.283, 140
Trd, 258967.317, 139
Trd, 258967.383, 137
Trd, 258967.617, 140
Trd, 258967.967, 116
Trd, 258968.217, 115
Trd, 258968.933, 140
Trd, 258969.133, 140
Trd, 258969.400, 140
Trd, 258969.583, 138
Trd, 258969.967, 140
Trd, 258970.217, 140
Trd, 258970.317, 139
Trd, 258970.600, 140
Trd, 258970.617, 138
Trd, 258970.733, 137
Trd, 258971.133, 135
Trd, 258971.250, 132
Trd, 258971.350, 137
Trd, 258971.500, 128
Trd, 258971.883, 119
Trd, 258971.950, 115
Trd, 258972.250, 127
Trd, 258972.267, 104
Trd, 258972.500, 84
Trd, 258972.667, 129
Trd, 258972.683, 131
Trd, 258972.717, 136
Trd, 258973.133, 86
Trd, 258973.183, 84
Trd, 258973.350, 95
Trd, 258973.367, 97
Trd, 258973.433, 79
Trd, 258973.717, 140
Trd, 258974.267, 140
Trd, 258974.483, 140
Trd, 258975.200, 140
Trd, 258975.217, 140
Trd, 258975.700, 140
Trd, 258975.767, 140
Trd, 258975.800, 140
Trd, 258976.167, 138
Trd, 258976.217, 137
Trd, 258976.333, 137
Trd, 258976.550, 131
Trd, 258976.717, 137
Trd, 258976.883, 136
Trd, 258977.017, 138
Trd, 258977.117, 139
Trd, 258977.383, 138
Trd, 258977.517, 127
Trd, 258977.617, 128
Trd, 258977.667, 105
Trd, 258978.083, 115
Trd, 258978.100, 113
Trd, 258978.283, 126
Trd, 258978.517, 124
Trd, 258978.533, 93
Trd, 258979.517, 120
Trd, 258979.717, 121
Trd, 258979.950, 112
Trd, 258980.167, 119
Trd, 258980.283, 122
Trd, 258980.450, 114
Trd, 258980.483, 111
Trd, 258980.583, 93
Trd, 258980.800, 89
Trd, 258981.033, 86
Trd, 258981.583, 110
Trd, 258981.817, 109
Trd, 258982.217, 138
Trd, 258983.100, 119
Trd, 258983.283, 131
Trd, 258983.717, 139
Trd, 258983.950, 140
Trd, 258983.967, 139
Trd, 258984.633, 139
Trd, 258984.650, 138
Trd, 258984.767, 140
Trd, 258984.833, 140
Trd, 258985.150, 135
Trd, 258985.267, 137
Trd, 258985.300, 137
Trd, 258985.883, 125
Trd, 258986.000, 138
Trd, 258986.067, 120
Trd, 258986.117, 139
Trd, 258986.150, 140
Trd, 258986.733, 131
Trd, 258986.767, 129
Trd, 258987.017, 128
Trd, 258987.217, 125
Trd, 258987.750, 122
Trd, 258987.900, 121
Trd, 258987.917, 119
Trd, 258987.983, 119
Trd, 258988.167, 113
Trd, 258988.217, 122
Trd, 258988.517, 122
Trd, 258988.567, 117
Trd, 258988.583, 101
Trd, 258988.667, 134
Trd, 258988.883, 134
Trd, 258989.083, 91
Trd, 258989.217, 103
Trd, 258989.617, 69
Trd, 258989.733, 130
Trd, 258990.150, 99
Trd, 258990.517, 127
Trd, 258990.617, 115
Trd, 258990.700, 112
Trd, 258990.817, 127
Trd, 258990.850, 129
Trd, 258991.283, 134
Trd, 258991.333, 133
Trd, 258991.967, 140
Trd, 258992.217, 140
Trd, 258992.633, 140
Trd, 258992.650, 139
Trd, 258992.867, 140
Trd, 258993.200, 140
Trd, 258993.367, 140
Trd, 258993.500, 140
Trd, 258993.567, 139
Trd, 258994.033, 140
Trd, 258994.217, 137
Trd, 258994.633, 139
Trd, 258994.800, 131
Trd, 258994.867, 118
Trd, 258994.950, 116
Trd, 258995.117, 115
Trd, 258995.383, 136
Trd, 258995.600, 113
Trd, 258996.233, 111
Trd, 258996.400, 125
Trd, 258996.533, 111
Trd, 258996.650, 126
Trd, 258996.717, 121
Trd, 258997.150, 118
Trd, 258997.250, 87
Trd, 258997.300, 120
Trd, 258997.317, 125
Trd, 258997.750, 140
Trd, 258997.967, 83
Trd, 258998.217, 119
Trd, 258998.233, 109
Trd, 258998.800, 140
Trd, 258998.850, 138
Trd, 258999.033, 108
Trd, 258999.583, 140
Trd, 258999.633, 140
Trd, 259000.350, 140
Trd, 259000.450, 140
Trd, 259000.500, 139
Trd, 259000.700, 139
Trd, 259000.733, 139
Trd, 259000.750, 138
Trd, 259000.933, 138
Trd, 259001.167, 139
Trd, 259001.300, 139
Trd, 259001.633, 139
Trd, 259001.967, 122
Trd, 259002.100, 121
Trd, 259002.217, 119
Trd, 259002.250, 118
Trd, 259002.567, 127
Trd, 259002.983, 116
Trd, 259003.067, 115
Trd, 259003.150, 114
Trd, 259003.233, 113
Trd, 259003.300, 112
Trd, 259003.800, 121
Trd, 259004.100, 77
Trd, 259004.333, 60
Trd, 259004.567, 60
Trd, 259004.633, 60
Trd, 259004.700, 60
Trd, 259004.783, 61
Trd, 259005.100, 62
Trd, 259005.117, 62
Trd, 259005.550, 99
Trd, 259005.567, 118
Trd, 259005.600, 98
Trd, 259006.000, 127
Trd, 259007.217, 140
Trd, 259007.283, 140
Trd, 259007.317, 140
Trd, 259007.400, 124
Trd, 259007.450, 115
Trd, 259007.500, 68
Trd, 259007.967, 140
Trd, 259008.300, 96
Trd, 259008.433, 93
Trd, 259008.650, 139
Trd, 259009.217, 140
Trd, 259009.483, 140
Trd, 259009.867, 140
Trd, 259010.117, 140
Trd, 259010.367, 139
Trd, 259010.683, 138
Trd, 259011.017, 131
Trd, 259011.050, 126
Trd, 259011.667, 118
Trd, 259011.717, 117
Trd, 259012.133, 132
Trd, 259012.300, 132
Trd, 259012.483, 132
Trd, 259012.583, 130
Trd, 259012.633, 133
Trd, 259013.083, 129
Trd, 259013.600, 113
Trd, 259013.700, 126
Trd, 259013.717, 128
Trd, 259013.733, 112
Trd, 259013.767, 128
Trd, 259014.150, 115
Trd, 259014.183, 103
Trd, 259014.317, 95
Trd, 259014.417, 130
Trd, 259014.433, 91
Trd, 259014.450, 87
Trd, 259014.783, 94
Trd, 259015.217, 140
Trd, 259015.583, 140
Trd, 259016.283, 140
Trd, 259016.500, 139
Trd, 259016.767, 140
Trd, 259016.950, 140
Trd, 259017.217, 140
Trd, 259017.583, 140
Trd, 259017.600, 140
Trd, 259017.767, 140
Trd, 259017.983, 140
Trd, 259018.100, 140
Trd, 259018.317, 140
Trd, 259018.550, 140
Trd, 259018.617, 139
Trd, 259019.033, 140
Trd, 259019.250, 140
Trd, 259020.267, 140
Trd, 259020.750, 140
Trd, 259020.783, 140
Trd, 259020.867, 136
Trd, 259021.200, 140
Trd, 259021.400, 140
Trd, 259022.117, 140
Trd, 259022.217, 140
Trd, 259022.400, 139
Trd, 259022.700, 138
Trd, 259022.733, 138
Trd, 259022.917, 135
Trd, 259023.467, 132
Trd, 259023.500, 131
Trd, 259023.883, 123
Trd, 259023.917, 121
Trd, 259023.967, 113
Trd, 259024.067, 129
Trd, 259024.100, 130
Trd, 259024.250, 132
Trd, 259024.367, 134
Trd, 259024.383, 110
Trd, 259024.467, 135
Trd, 259024.883, 134
Trd, 259025.017, 112
Trd, 259025.083, 109
Trd, 259025.417, 66
Trd, 259025.617, 61
Trd, 259025.633, 66
Trd, 259025.967, 64
Trd, 259025.983, 67
Trd, 259026.100, 60
Trd, 259026.283, 62
Trd, 259027.250, 60
Trd, 259027.417, 60
Trd, 259027.450, 63
Trd, 259027.567, 60
Trd, 259027.850, 62
Trd, 259027.883, 61
Trd, 259028.433, 60
Trd, 259028.517, 60
Trd, 259028.550, 60
Trd, 259028.733, 60
Trd, 259028.850, 60
Trd, 259028.867, 61
Trd, 259029.067, 60
Trd, 259029.233, 61
Trd, 259029.450, 60
Trd, 259029.467, 60
Trd, 259029.700, 64
Trd, 259029.750, 70
Trd, 259030.583, 60
Trd, 259030.967, 60
Trd, 259031.033, 60
Trd, 259031.217, 61
Trd, 259031.333, 61
Trd, 259031.417, 62
Trd, 259032.133, 83
Trd, 259032.167, 109
Trd, 259032.383, 138
Trd, 259032.500, 137
Trd, 259032.533, 136
Trd, 259032.567, 136
Trd, 259032.817, 140
Trd, 259033.000, 140
Trd, 259034.350, 140
Trd, 259034.550, 140
Trd, 259034.567, 140
Trd, 259034.600, 140
Trd, 259034.667, 139
Trd, 259034.800, 138
Trd, 259034.867, 136
Trd, 259035.200, 140
Trd, 259035.350, 135
Trd, 259035.417, 140
Trd, 259035.467, 110
Trd, 259035.817, 119
Trd, 259036.350, 132
Trd, 259036.500, 113
Trd, 259036.600, 106
Trd, 259036.633, 102
Trd, 259036.717, 101
Trd, 259037.183, 102
Trd, 259037.317, 86
Trd, 259037.383, 125
Trd, 259037.450, 128
Trd, 259037.750, 89
Trd, 259037.800, 88
Trd, 259038.067, 87
Trd, 259038.167, 90
Trd, 259038.300, 88
Trd, 259038.350, 87
Trd, 259038.417, 73
Trd, 259038.650, 87
Trd, 259038.667, 88
Trd, 259038.683, 89
Trd, 259038.700, 90
Trd, 259039.150, 90
Trd, 259039.400, 91
Trd, 259039.767, 60
Trd, 259039.800, 60
Trd, 259040.317, 64
Trd, 259040.667, 73
Trd, 259040.850, 63
Trd, 259040.983, 61
Trd, 259041.050, 74
Trd, 259041.317, 70
Trd, 259041.350, 82
Trd, 259041.517, 95
Trd, 259041.950, 140
Trd, 259042.050, 123
Trd, 259042.450, 62
Trd, 259042.633, 61
Trd, 259042.800, 60
Trd, 259042.967, 118
Trd, 259043.033, 108
Trd, 259043.567, 138
Trd, 259043.783, 139
Trd, 259043.833, 123
Trd, 259044.017, 140
Trd, 259044.550, 140
Trd, 259044.900, 140
Trd, 259044.917, 140
Trd, 259045.250, 140
Trd, 259045.367, 139
Trd, 259045.600, 140
Trd, 259046.200, 140
Trd, 259046.283, 140
Trd, 259046.367, 140
Trd, 259046.533, 140
Trd, 259046.583, 140
Trd, 259047.450, 140
Trd, 259047.717, 140
Trd, 259048.317, 140
Trd, 259048.333, 140
Trd, 259048.417, 140
Trd, 259048.583, 139
Trd, 259048.850, 120
Trd, 259048.933, 119
Trd, 259049.733, 138
Trd, 259050.150, 139
Trd, 259050.233, 132
Trd, 259050.283, 131
Trd, 259050.467, 136
Trd, 259050.717, 121
Trd, 259050.833, 120
Trd, 259051.433, 122
Trd, 259051.483, 130
Trd, 259051.683, 122
Trd, 259051.700, 122
Trd, 259051.733, 121
Trd, 259052.217, 119
Trd, 259052.367, 120
Trd, 259052.400, 122
Trd, 259052.583, 120
Trd, 259052.683, 120
Trd, 259052.967, 120
Trd, 259052.983, 119
Trd, 259053.100, 111
Trd, 259053.300, 111
Trd, 259053.600, 107
Trd, 259053.767, 91
Trd, 259053.783, 109
Trd, 259053.817, 110
Trd, 259053.983, 111
Trd, 259054.117, 83
Trd, 259054.283, 111
Trd, 259054.450, 111
Trd, 259054.700, 113
Trd, 259055.217, 60
Trd, 259055.267, 70
Trd, 259055.500, 68
Trd, 259055.717, 60
Trd, 259055.767, 66
Trd, 259056.400, 62
Trd, 259056.600, 62
Trd, 259056.750, 63
Trd, 259057.150, 88
Trd, 259057.667, 61
Trd, 259057.883, 60
Trd, 259058.183, 105
Trd, 259058.300, 106
Trd, 259058.383, 107
Trd, 259058.650, 132
Trd, 259058.683, 79
Trd, 259058.933, 78
Trd, 259059.200, 119
Trd, 259059.233, 78
Trd, 259059.550, 121
Trd, 259059.683, 140
Trd, 259060.317, 140
Trd, 259060.750, 140
Trd, 259060.817, 140
Trd, 259060.867, 140
Trd, 259061.217, 140
Trd, 259061.350, 139
Trd, 259061.683, 138
Trd, 259061.883, 139
Trd, 259062.150, 119
Trd, 259062.333, 120
Trd, 259062.400, 137
Trd, 259062.650, 122
Trd, 259062.733, 130
Trd, 259062.883, 121
Trd, 259062.917, 120
Trd, 259062.967, 118
Trd, 259063.150, 137
Trd, 259063.333, 129
Trd, 259063.433, 116
Trd, 259063.500, 111
Trd, 259063.917, 114
Trd, 259064.067, 113
Trd, 259064.183, 109
Trd, 259064.633, 98
Trd, 259065.083, 133
Trd, 259065.967, 130
Trd, 259066.183, 126
Trd, 259066.267, 129
Trd, 259066.300, 131
Trd, 259066.317, 132
Trd, 259066.650, 131
Trd, 259066.900, 137
Trd, 259067.350, 138
Trd, 259067.417, 140
Trd, 259067.550, 132
Trd, 259067.900, 132
Trd, 259068.517, 140
Trd, 259068.700, 140
Trd, 259069.467, 140
Trd, 259069.550, 140
Trd, 259069.567, 139
Trd, 259069.750, 140
Trd, 259069.817, 138
Trd, 259070.017, 135
Trd, 259070.250, 139
Trd, 259070.800, 133
Trd, 259070.817, 132
Trd, 259070.900, 129
Trd, 259070.967, 130
Trd, 259071.150, 121
Trd, 259071.300, 131
Trd, 259071.350, 130
Trd, 259071.967, 119
Trd, 259072.217, 112
Trd, 259072.383, 91
Trd, 259072.600, 112
Trd, 259072.900, 113
Trd, 259073.017, 60
Trd, 259073.117, 66
Trd, 259073.417, 66
Trd, 259073.817, 89
Trd, 259073.917, 100
Trd, 259074.333, 101
Trd, 259074.517, 115
Trd, 259074.917, 94
Trd, 259075.067, 122
Trd, 259075.167, 93
Trd, 259075.300, 122
Trd, 259075.450, 93
Trd, 259075.650, 123
Trd, 259075.767, 124
Trd, 259075.833, 129
Trd, 259075.917, 92
Trd, 259075.967, 113
Trd, 259076.033, 86
Trd, 259076.167, 120
Trd, 259076.183, 114
Trd, 259076.817, 140
Trd, 259076.967, 140
Trd, 259077.050, 140
Trd, 259077.367, 139
Trd, 259077.883, 140
Trd, 259078.000, 140
Trd, 259078.083, 140
Trd, 259078.183, 139
Trd, 259078.433, 135
Trd, 259078.667, 115
Trd, 259078.750, 110
Trd, 259079.400, 113
Trd, 259079.583, 140
Trd, 259079.750, 140
Trd, 259080.333, 140
Trd, 259080.450, 140
Trd, 259081.133, 140
Trd, 259081.167, 140
Trd, 259081.200, 140
Trd, 259081.267, 139
Trd, 259081.700, 134
Trd, 259081.750, 136
Trd, 259081.867, 128
Trd, 259082.000, 140
Trd, 259082.633, 137
Trd, 259082.650, 124
Trd, 259083.500, 136
Trd, 259083.617, 122
Trd, 259083.917, 121
Trd, 259083.967, 137
Trd, 259084.050, 121
Trd, 259085.067, 140
Trd, 259085.250, 140
Trd, 259085.400, 140
Trd, 259085.933, 140
Trd, 259086.083, 140
Trd, 259086.117, 140
Trd, 259086.233, 139
Trd, 259086.400, 137
Trd, 259086.950, 137
Trd, 259086.967, 135
Trd, 259087.083, 116
Trd, 259087.383, 136
Trd, 259087.517, 111
Trd, 259088.067, 99
Trd, 259088.283, 97
Trd, 259088.300, 136
Trd, 259088.450, 93
Trd, 259088.917, 135
Trd, 259088.967, 103
Trd, 259089.017, 102
Trd, 259089.100, 89
Trd, 259089.267, 66
Trd, 259089.500, 133
Trd, 259089.517, 134
Trd, 259089.667, 135
Trd, 259089.767, 140
Trd, 259089.817, 74
Trd, 259090.200, 138
Trd, 259090.317, 138
Trd, 259090.333, 137
Trd, 259090.567, 139
Trd, 259090.633, 128
Trd, 259091.133, 140
Trd, 259091.217, 140
Trd, 259091.850, 140
Trd, 259091.900, 136
Trd, 259091.967, 129
Trd, 259092.433, 138
Trd, 259092.567, 123
Trd, 259092.750, 140
Trd, 259093.583, 140
Trd, 259094.050, 140
Trd, 259094.067, 140
Trd, 259094.683, 140
Trd, 259094.817, 140
Trd, 259094.917, 140
Trd, 259094.950, 140
Trd, 259095.183, 140
Trd, 259095.200, 140
Trd, 259095.367, 140
Trd, 259095.483, 140
Trd, 259095.533, 139
Trd, 259095.550, 135
Trd, 259095.717, 122
Trd, 259095.933, 113
Trd, 259096.000, 136
Trd, 259096.150, 138
Trd, 259096.717, 139
Trd, 259096.750, 127
Trd, 259096.833, 121
Trd, 259097.500, 140
Trd, 259098.650, 140
Trd, 259099.033, 140
Trd, 259099.650, 140
Trd, 259099.983, 140
Trd, 259100.083, 140
Trd, 259100.267, 140
Trd, 259100.283, 139
Trd, 259100.350, 139
Trd, 259100.367, 139
Trd, 259100.750, 140
Trd, 259100.817, 130
Trd, 259100.850, 126
Trd, 259101.267, 129
Trd, 259101.367, 122
Trd, 259101.717, 121
Trd, 259102.017, 125
Trd, 259102.117, 127
Trd, 259102.667, 127
Trd, 259103.000, 125
Trd, 259103.133, 125
Trd, 259103.333, 126
Trd, 259103.583, 140
Trd, 259103.950, 140
Trd, 259104.517, 140
Trd, 259104.633, 140
Trd, 259104.783, 140
Trd, 259105.033, 139
Trd, 259105.117, 139
Trd, 259105.283, 119
Trd, 259105.383, 119
Trd, 259105.450, 123
Trd, 259105.833, 138
Trd, 259106.017, 137
Trd, 259106.033, 140
Trd, 259106.267, 110
Trd, 259106.783, 110
Trd, 259106.933, 108
Trd, 259107.217, 60
Trd, 259107.367, 61
Trd, 259107.550, 113
Trd, 259107.883, 71
Trd, 259108.500, 86
Trd, 259108.800, 84
Trd, 259108.933, 83
Trd, 259109.133, 76
Trd, 259109.217, 85
Trd, 259109.500, 78
Trd, 259109.583, 85
Trd, 259109.683, 77
Trd, 259109.800, 76
Trd, 259109.967, 77
Trd, 259110.000, 78
Trd, 259110.150, 101
Trd, 259110.350, 104
Trd, 259110.417, 76
Trd, 259110.433, 74
Trd, 259110.600, 71
Trd, 259110.667, 101
Trd, 259110.800, 103
Trd, 259111.067, 104
Trd, 259111.217, 105
Trd, 259111.517, 63
Trd, 259112.183, 63
Trd, 259112.583, 110
Trd, 259113.017, 118
Trd, 259113.283, 118
Trd, 259113.433, 123
Trd, 259113.633, 112
Trd, 259113.783, 108
Trd, 259114.067, 99
Trd, 259114.500, 98
Trd, 259114.617, 97
Trd, 259114.700, 113
Trd, 259114.833, 101
Trd, 259114.883, 112
Trd, 259115.483, 105
Trd, 259115.750, 109
Trd, 259115.933, 110
Trd, 259116.167, 98
Trd, 259116.183, 113
Trd, 259116.250, 116
Trd, 259116.267, 97
Trd, 259116.550, 118
Trd, 259116.633, 98
Trd, 259116.717, 120
Trd, 259116.767, 122
Trd, 259116.800, 96
Trd, 259116.833, 96
Trd, 259117.283, 135
Trd, 259117.367, 140
Trd, 259117.767, 104
Trd, 259118.267, 138
Trd, 259118.400, 138
Trd, 259118.433, 135
Trd, 259118.550, 134
Trd, 259119.200, 140
Trd, 259119.250, 140
Trd, 259119.450, 140
Trd, 259119.500, 139
Trd, 259120.167, 140
Trd, 259120.317, 140
Trd, 259120.433, 140
Trd, 259120.583, 140
Trd, 259121.067, 140
Trd, 259121.100, 135
Trd, 259121.167, 133
Trd, 259121.433, 124
Trd, 259121.917, 135
Trd, 259122.217, 134
Trd, 259122.567, 136
Trd, 259122.633, 132
Trd, 259122.717, 140
Trd, 259122.900, 139
Trd, 259123.633, 140
Trd, 259123.867, 140
Trd, 259123.933, 140
Trd, 259124.000, 140
Trd, 259124.900, 140
Trd, 259125.283, 140
Trd, 259125.567, 140
Trd, 259125.583, 140
Trd, 259125.650, 140
Trd, 259125.900, 139
Trd, 259125.950, 140
Trd, 259126.017, 140
Trd, 259126.283, 140
Trd, 259126.333, 139
Trd, 259126.367, 139
Trd, 259126.550, 136
Trd, 259126.650, 139
Trd, 259126.850, 136
Trd, 259126.867, 126
Trd, 259127.233, 140
Trd, 259127.367, 131
Trd, 259127.400, 111
Trd, 259127.450, 98
Trd, 259127.700, 139
Trd, 259128.417, 138
Trd, 259128.883, 118
Trd, 259128.917, 117
Trd, 259128.933, 137
Trd, 259129.150, 115
Trd, 259129.450, 87
Trd, 259129.717, 102
Trd, 259129.833, 136
Trd, 259130.050, 85
Trd, 259130.633, 79
Trd, 259130.767, 137
Trd, 259130.950, 138
Trd, 259131.033, 76
Trd, 259131.400, 76
Trd, 259131.583, 92
Trd, 259131.667, 139
Trd, 259131.867, 104
Trd, 259131.933, 98
Trd, 259132.033, 105
Trd, 259133.067, 88
Trd, 259133.117, 88
Trd, 259133.133, 87
Trd, 259133.733, 140
Trd, 259133.800, 139
Trd, 259134.650, 140
Trd, 259134.833, 140
Trd, 259134.867, 140
Trd, 259134.900, 139
Trd, 259135.467, 140
Trd, 259135.833, 140
Trd, 259136.067, 140
Trd, 259136.117, 140
Trd, 259136.167, 140
Trd, 259136.650, 140
Trd, 259137.200, 139
Trd, 259137.300, 135
Trd, 259137.317, 130
Trd, 259137.400, 118
Trd, 259137.483, 136
Trd, 259138.267, 129
Trd, 259138.533, 122
Trd, 259138.583, 122
Trd, 259138.600, 131
Trd, 259138.867, 138
Trd, 259139.000, 130
Trd, 259139.117, 123
Trd, 259139.133, 113
Trd, 259139.300, 138
Trd, 259139.500, 136
Trd, 259139.550, 136
Trd, 259139.967, 138
Trd, 259140.200, 136
Trd, 259140.217, 132
Trd, 259140.300, 140
Trd, 259140.850, 139
Trd, 259141.033, 123
Trd, 259141.267, 122
Trd, 259141.667, 113
Trd, 259141.750, 111
Trd, 259141.883, 105
Trd, 259142.050, 122
Trd, 259142.150, 91
Trd, 259142.267, 123
Trd, 259142.483, 140
Trd, 259143.550, 140
Trd, 259143.750, 138
Trd, 259143.767, 135
Trd, 259143.867, 130
Trd, 259144.150, 124
Trd, 259144.717, 140
Trd, 259144.800, 139
Trd, 259144.817, 138
Trd, 259145.067, 138
Trd, 259145.167, 138
Trd, 259145.250, 139
Trd, 259145.450, 131
Trd, 259145.467, 130
Trd, 259145.850, 134
Trd, 259145.983, 130
Trd, 259146.467, 131
Trd, 259146.617, 130
Trd, 259146.750, 130
Trd, 259146.867, 129
Trd, 259146.950, 120
Trd, 259146.967, 130
Trd, 259147.017, 118
Trd, 259147.183, 113
Trd, 259147.233, 112
Trd, 259147.283, 131
Trd, 259147.333, 109
Trd, 259147.517, 88
Trd, 259147.850, 93
Trd, 259147.950, 125
Trd, 259148.117, 68
Trd, 259148.383, 88
Trd, 259148.450, 122
Trd, 259148.683, 120
Trd, 259149.500, 121
Trd, 259149.550, 124
Trd, 259149.700, 103
Trd, 259149.917, 121
Trd, 259149.967, 97
Trd, 259150.583, 121
Trd, 259150.667, 100
Trd, 259150.683, 99
Trd, 259150.817, 118
Trd, 259150.900, 97
Trd, 259151.000, 124
Trd, 259151.033, 125
Trd, 259151.583, 140
Trd, 259152.050, 140
Trd, 259152.217, 140
Trd, 259152.333, 139
Trd, 259152.400, 135
Trd, 259152.417, 116
Trd, 259152.950, 112
Trd, 259153.717, 133
Trd, 259153.867, 131
Trd, 259154.333, 132
Trd, 259154.417, 133
Trd, 259154.483, 134
Trd, 259154.667, 134
Trd, 259154.900, 134
Trd, 259154.983, 139
Trd, 259155.150, 138
Trd, 259155.167, 137
Trd, 259155.250, 139
Trd, 259155.583, 135
Trd, 259155.850, 133
Trd, 259156.250, 132
Trd, 259156.400, 134
Trd, 259156.650, 134
Trd, 259157.117, 131
Trd, 259157.283, 127
Trd, 259157.517, 125
Trd, 259157.833, 132
Trd, 259158.033, 91
Trd, 259158.233, 128
Trd, 259158.600, 126
Trd, 259158.667, 128
Trd, 259158.933, 125
Trd, 259159.017, 112
Trd, 259159.233, 110
Trd, 259159.433, 125
Trd, 259159.950, 103
Trd, 259160.150, 124
Trd, 259160.200, 124
Trd, 259160.350, 107
Trd, 259160.400, 104
Trd, 259160.900, 115
Trd, 259161.117, 125
Trd, 259161.200, 105
Trd, 259161.283, 140
Trd, 259161.300, 104
Trd, 259161.600, 106
Trd, 259162.917, 129
Trd, 259163.117, 127
Trd, 259163.250, 128
Trd, 259163.450, 127
Trd, 259163.500, 126
Trd, 259163.633, 127
Trd, 259163.683, 126
Trd, 259163.750, 117
Trd, 259163.967, 94
Trd, 259164.000, 93
Trd, 259164.067, 83
Trd, 259164.267, 124
Trd, 259164.300, 128
Trd, 259164.700, 129
Trd, 259164.850, 133
Trd, 259164.883, 134
Trd, 259165.467, 108
Trd, 259165.900, 102
Trd, 259166.200, 100
Trd, 259166.217, 99
Trd, 259166.267, 98
Trd, 259166.650, 99
Trd, 259166.817, 105
Trd, 259166.967, 97
Trd, 259167.000, 106
Trd, 259167.050, 109
Trd, 259167.500, 140
Trd, 259167.683, 140
Trd, 259168.483, 140
Trd, 259168.617, 139
Trd, 259169.600, 140
Trd, 259169.700, 140
Trd, 259169.817, 140
Trd, 259169.967, 140
Trd, 259170.017, 139
Trd, 259170.317, 140
Trd, 259171.083, 140
Trd, 259171.167, 139
Trd, 259171.417, 140
Trd, 259171.583, 140
Trd, 259171.683, 139
Trd, 259171.750, 136
Trd, 259171.800, 133
Trd, 259172.017, 139
Trd, 259172.083, 139
Trd, 259172.183, 118
Trd, 259172.250, 117
Trd, 259172.467, 116
Trd, 259172.483, 114
Trd, 259172.683, 100
Trd, 259172.783, 100
Trd, 259173.133, 109
Trd, 259173.250, 99
Trd, 259173.350, 134
Trd, 259173.633, 112
Trd, 259173.667, 135
Trd, 259173.883, 116
Trd, 259174.333, 111
Trd, 259174.967, 127
Trd, 259175.150, 128
Trd, 259175.500, 126
Trd, 259175.550, 126
Trd, 259175.600, 127
Trd, 259175.833, 125
Trd, 259175.850, 128
Trd, 259176.083, 129
Trd, 259176.167, 125
Trd, 259176.433, 128
Trd, 259176.517, 126
Trd, 259176.650, 125
Trd, 259176.667, 130
Trd, 259177.400, 140
Trd, 259177.717, 140
Trd, 259178.000, 140
Trd, 259178.067, 140
Trd, 259178.183, 140
Trd, 259178.200, 140
Trd, 259178.450, 135
Trd, 259178.517, 135
Trd, 259178.567, 124
Trd, 259178.783, 126
Trd, 259179.150, 122
Trd, 259179.617, 120
Trd, 259180.100, 136
Trd, 259180.617, 140
Trd, 259180.883, 121
Trd, 259180.933, 138
Trd, 259181.150, 118
Trd, 259181.267, 133
Trd, 259181.633, 136
Trd, 259181.850, 134
Trd, 259182.067, 118
Trd, 259182.700, 133
Trd, 259183.033, 130
Trd, 259183.350, 130
Trd, 259183.400, 129
Trd, 259183.467, 131
Trd, 259183.500, 132
Trd, 259183.533, 125
Trd, 259183.817, 123
Trd, 259184.133, 120
Trd, 259184.583, 129
Trd, 259184.600, 118
Trd, 259184.883, 103
Trd, 259185.083, 106
Trd, 259185.133, 132
Trd, 259185.150, 113
Trd, 259185.283, 139
Trd, 259185.500, 140
Trd, 259185.983, 140
Trd, 259186.167, 140
Trd, 259186.200, 139
Trd, 259186.567, 140
Trd, 259187.317, 140
Trd, 259187.583, 140
Trd, 259188.150, 140
Trd, 259188.617, 140
Trd, 259189.033, 140
Trd, 259189.133, 140
Trd, 259189.233, 140
Trd, 259189.450, 139
Trd, 259189.517, 139
Trd, 259189.550, 140
Trd, 259189.600, 138
Trd, 259189.667, 135
Trd, 259189.883, 134
Trd, 259189.900, 133
Trd, 259189.950, 128
Trd, 259190.483, 140
Trd, 259190.550, 140
Trd, 259190.867, 139
Trd, 259190.933, 135
Trd, 259191.000, 140
Trd, 259191.017, 117
Trd, 259191.117, 103
Trd, 259191.517, 110
Trd, 259191.533, 97
Trd, 259191.733, 140
Trd, 259192.133, 132
Trd, 259192.150, 133
Trd, 259192.200, 135
Trd, 259192.217, 112
Trd, 259192.417, 139
Trd, 259192.483, 97
Trd, 259192.683, 97
Trd, 259192.917, 97
Trd, 259192.983, 100
Trd, 259193.117, 140
Trd, 259193.217, 100
Trd, 259194.650, 133
Trd, 259194.717, 132
Trd, 259194.733, 137
Trd, 259194.800, 132
Trd, 259195.267, 137
Trd, 259195.283, 135
Trd, 259195.300, 130
Trd, 259195.383, 126
Trd, 259195.967, 115
Trd, 259196.333, 114
Trd, 259196.483, 129
Trd, 259196.583, 124
Trd, 259196.667, 102
Trd, 259196.833, 123
Trd, 259196.917, 121
Trd, 259197.017, 126
Trd, 259197.183, 99
Trd, 259197.650, 107
Trd, 259197.783, 104
Trd, 259197.933, 109
Trd, 259198.433, 97
Trd, 259199.333, 107
Trd, 259199.400, 106
Trd, 259199.417, 105
Trd, 259199.500, 105
Trd, 259199.667, 121
