Trd, 258587.267, 128
Trd, 258587.350, 124
Trd, 258587.483, 106
Trd, 258587.683, 126
Trd, 258587.750, 119
Trd, 258587.917, 118
Trd, 258588.033, 107
Trd, 258588.183, 134
Trd, 258588.233, 111
Trd, 258588.283, 133
Trd, 258588.600, 79
Trd, 258588.683, 74
Trd, 258589.150, 116
Trd, 258589.750, 115
Trd, 258590.533, 101
Trd, 258590.567, 122
Trd, 258590.617, 123
Trd, 258590.767, 104
Trd, 258591.183, 126
Trd, 258591.233, 127
Trd, 258591.333, 139
Trd, 258591.750, 126
Trd, 258591.783, 125
Trd, 258592.000, 122
Trd, 258592.367, 114
Trd, 258592.517, 113
Trd, 258592.567, 119
Trd, 258592.800, 108
Trd, 258593.567, 138
Trd, 258593.683, 132
Trd, 258594.183, 116
Trd, 258594.683, 128
Trd, 258595.017, 113
Trd, 258595.200, 112
Trd, 258595.350, 109
Trd, 258595.533, 106
Trd, 258595.650, 92
Trd, 258596.150, 133
Trd, 258596.217, 130
Trd, 258596.283, 116
Trd, 258596.350, 115
Trd, 258596.367, 113
Trd, 258596.633, 133
Trd, 258596.667, 127
Trd, 258596.733, 104
Trd, 258596.800, 94
Trd, 258596.900, 90
Trd, 258597.217, 111
Trd, 258597.233, 100
Trd, 258597.667, 103
Trd, 258597.833, 112
Trd, 258598.950, 132
Trd, 258599.317, 137
Trd, 258599.417, 136
Trd, 258599.717, 139
Trd, 258599.867, 139
Trd, 258599.900, 138
Trd, 258600.067, 120
Trd, 258600.167, 117
Trd, 258600.400, 122
Trd, 258600.517, 116
Trd, 258600.533, 99
Trd, 258600.917, 126
Trd, 258601.183, 128
Trd, 258601.200, 103
Trd, 258601.483, 127
Trd, 258601.783, 106
Trd, 258602.217, 105
Trd, 258602.233, 105
Trd, 258602.300, 123
Trd, 258602.367, 103
Trd, 258602.383, 87
Trd, 258602.650, 140
Trd, 258602.783, 103
Trd, 258603.383, 108
Trd, 258603.783, 122
Trd, 258603.967, 98
Trd, 258604.067, 87
Trd, 258604.267, 97
Trd, 258604.300, 99
Trd, 258604.383, 114
Trd, 258604.967, 91
Trd, 258605.000, 90
Trd, 258605.100, 134
Trd, 258605.200, 90
Trd, 258605.217, 135
Trd, 258605.300, 120
Trd, 258605.533, 123
Trd, 258605.550, 81
Trd, 258605.767, 113
Trd, 258605.883, 112
Trd, 258606.433, 122
Trd, 258606.983, 106
Trd, 258607.233, 112
Trd, 258607.300, 92
Trd, 258607.733, 138
Trd, 258608.283, 136
Trd, 258608.967, 130
Trd, 258609.250, 136
Trd, 258609.417, 136
Trd, 258609.483, 135
Trd, 258609.550, 121
Trd, 258609.567, 120
Trd, 258609.733, 119
Trd, 258610.117, 137
Trd, 258610.383, 138
Trd, 258610.817, 138
Trd, 258611.133, 138
Trd, 258611.200, 134
Trd, 258611.350, 130
Trd, 258612.317, 129
Trd, 258612.550, 127
Trd, 258612.917, 122
Trd, 258613.500, 134
Trd, 258613.633, 139
Trd, 258613.683, 138
Trd, 258613.850, 129
Trd, 258613.950, 111
Trd, 258614.067, 137
Trd, 258614.417, 126
Trd, 258614.850, 137
Trd, 258614.967, 111
Trd, 258615.183, 112
Trd, 258615.650, 110
Trd, 258616.083, 116
Trd, 258616.317, 137
Trd, 258616.400, 135
Trd, 258616.417, 134
Trd, 258616.483, 133
Trd, 258616.700, 108
Trd, 258617.300, 112
Trd, 258617.317, 123
Trd, 258617.700, 124
Trd, 258617.717, 121
Trd, 258617.900, 125
Trd, 258618.017, 107
Trd, 258618.283, 118
Trd, 258618.650, 140
Trd, 258618.700, 109
Trd, 258618.750, 105
Trd, 258619.000, 106
Trd, 258619.100, 105
Trd, 258619.167, 131
Trd, 258619.333, 94
Trd, 258619.617, 111
Trd, 258619.700, 130
Trd, 258619.950, 121
Trd, 258620.117, 103
Trd, 258620.650, 110
Trd, 258620.833, 122
Trd, 258621.333, 116
Trd, 258621.767, 116
Trd, 258622.033, 119
Trd, 258622.067, 116
Trd, 258622.350, 115
Trd, 258622.617, 112
Trd, 258623.100, 118
Trd, 258623.183, 111
Trd, 258623.217, 108
Trd, 258623.283, 107
Trd, 258623.550, 128
Trd, 258623.633, 100
Trd, 258624.017, 95
Trd, 258624.117, 99
Trd, 258624.517, 101
Trd, 258624.800, 103
Trd, 258625.100, 123
Trd, 258625.233, 116
Trd, 258625.467, 107
Trd, 258625.933, 88
Trd, 258626.100, 138
Trd, 258626.167, 131
Trd, 258626.467, 100
Trd, 258626.483, 88
Trd, 258627.350, 109
Trd, 258627.400, 105
Trd, 258627.483, 104
Trd, 258627.767, 103
Trd, 258627.850, 110
Trd, 258627.933, 114
Trd, 258628.083, 103
Trd, 258628.583, 108
Trd, 258629.000, 117
Trd, 258629.233, 129
Trd, 258629.833, 135
Trd, 258630.133, 133
Trd, 258630.233, 130
Trd, 258630.533, 131
Trd, 258630.850, 130
Trd, 258631.300, 125
Trd, 258631.400, 139
Trd, 258631.417, 107
Trd, 258631.933, 126
Trd, 258632.183, 137
Trd, 258632.433, 104
Trd, 258632.517, 102
Trd, 258632.783, 108
Trd, 258632.833, 114
Trd, 258632.883, 96
Trd, 258633.100, 95
Trd, 258633.317, 139
Trd, 258633.383, 122
Trd, 258633.867, 114
Trd, 258634.100, 108
Trd, 258634.117, 106
Trd, 258634.183, 89
Trd, 258634.733, 131
Trd, 258634.967, 135
Trd, 258635.150, 140
Trd, 258635.250, 114
Trd, 258635.367, 113
Trd, 258635.400, 109
Trd, 258635.917, 97
Trd, 258636.000, 108
Trd, 258636.183, 108
Trd, 258636.317, 114
Trd, 258636.383, 115
Trd, 258636.583, 123
Trd, 258636.750, 108
Trd, 258636.967, 116
Trd, 258637.517, 140
Trd, 258638.217, 140
Trd, 258638.617, 140
Trd, 258639.250, 140
Trd, 258639.283, 140
Trd, 258639.367, 139
Trd, 258639.517, 118
Trd, 258639.617, 105
Trd, 258639.633, 93
Trd, 258639.800, 119
Trd, 258639.883, 116
Trd, 258640.117, 99
Trd, 258640.750, 132
Trd, 258640.833, 129
Trd, 258640.983, 128
Trd, 258641.000, 127
Trd, 258641.167, 118
Trd, 258641.350, 103
Trd, 258641.917, 128
Trd, 258642.117, 115
Trd, 258642.317, 116
Trd, 258642.333, 115
Trd, 258642.600, 114
Trd, 258643.100, 122
Trd, 258643.333, 116
Trd, 258643.533, 128
Trd, 258643.717, 130
Trd, 258643.833, 117
Trd, 258644.267, 110
Trd, 258644.433, 110
Trd, 258644.833, 105
Trd, 258644.867, 103
Trd, 258645.100, 120
Trd, 258645.417, 116
Trd, 258645.533, 111
Trd, 258646.067, 130
Trd, 258646.117, 128
Trd, 258646.200, 130
Trd, 258646.300, 125
Trd, 258646.383, 131
Trd, 258646.450, 126
Trd, 258647.350, 125
Trd, 258647.883, 123
Trd, 258648.050, 132
Trd, 258648.250, 126
Trd, 258648.267, 124
Trd, 258648.333, 118
Trd, 258648.400, 138
Trd, 258648.450, 124
Trd, 258648.550, 111
Trd, 258649.000, 108
Trd, 258649.200, 130
Trd, 258649.667, 129
Trd, 258649.867, 129
Trd, 258650.033, 134
Trd, 258650.417, 126
Trd, 258650.517, 125
Trd, 258650.567, 130
Trd, 258650.717, 113
Trd, 258650.917, 100
Trd, 258650.950, 99
Trd, 258652.217, 139
Trd, 258652.250, 102
Trd, 258652.550, 114
Trd, 258652.817, 139
Trd, 258652.833, 125
Trd, 258653.250, 116
Trd, 258653.333, 112
Trd, 258653.350, 131
Trd, 258653.517, 116
Trd, 258653.533, 109
Trd, 258653.783, 105
Trd, 258654.083, 97
Trd, 258654.183, 91
Trd, 258654.283, 115
Trd, 258654.617, 109
Trd, 258654.700, 104
Trd, 258654.717, 124
Trd, 258655.250, 96
Trd, 258655.650, 96
Trd, 258655.917, 99
Trd, 258656.533, 100
Trd, 258656.633, 111
Trd, 258656.850, 140
Trd, 258656.917, 98
Trd, 258657.150, 140
Trd, 258657.200, 139
Trd, 258658.050, 131
Trd, 258658.417, 105
Trd, 258658.450, 117
Trd, 258658.650, 103
Trd, 258658.733, 125
Trd, 258659.317, 130
Trd, 258659.367, 133
Trd, 258659.683, 120
Trd, 258659.967, 123
Trd, 258659.983, 103
Trd, 258660.217, 133
Trd, 258660.383, 132
Trd, 258660.750, 129
Trd, 258660.833, 132
Trd, 258660.983, 123
Trd, 258661.283, 122
Trd, 258661.600, 121
Trd, 258661.817, 115
Trd, 258661.950, 104
Trd, 258662.000, 100
Trd, 258662.067, 99
Trd, 258662.167, 121
Trd, 258662.683, 121
Trd, 258662.867, 121
Trd, 258663.050, 122
Trd, 258663.367, 121
Trd, 258663.467, 115
Trd, 258663.483, 114
Trd, 258663.500, 113
Trd, 258663.933, 120
Trd, 258664.550, 118
Trd, 258664.633, 109
Trd, 258664.850, 111
Trd, 258665.017, 98
Trd, 258665.217, 91
Trd, 258665.833, 118
Trd, 258665.883, 108
Trd, 258666.100, 105
Trd, 258666.183, 120
Trd, 258666.233, 121
Trd, 258666.267, 125
Trd, 258666.283, 92
Trd, 258666.767, 122
Trd, 258666.867, 130
Trd, 258667.367, 114
Trd, 258667.583, 112
Trd, 258667.683, 112
Trd, 258668.117, 112
Trd, 258668.417, 117
Trd, 258668.467, 116
Trd, 258668.800, 130
Trd, 258668.867, 115
Trd, 258669.483, 115
Trd, 258669.833, 122
Trd, 258669.983, 132
Trd, 258670.333, 131
Trd, 258670.983, 136
Trd, 258671.083, 127
Trd, 258671.467, 120
Trd, 258671.533, 123
Trd, 258671.717, 119
Trd, 258671.783, 124
Trd, 258671.917, 135
Trd, 258672.000, 123
Trd, 258672.050, 123
Trd, 258672.200, 136
Trd, 258672.617, 124
Trd, 258672.800, 123
Trd, 258672.817, 120
Trd, 258672.850, 113
Trd, 258672.917, 106
Trd, 258673.033, 105
Trd, 258673.083, 102
Trd, 258673.400, 136
Trd, 258673.483, 120
Trd, 258673.633, 95
Trd, 258673.817, 110
Trd, 258674.133, 95
Trd, 258674.200, 94
Trd, 258674.483, 81
Trd, 258674.917, 120
Trd, 258675.283, 71
Trd, 258675.400, 83
Trd, 258675.450, 84
Trd, 258675.467, 77
Trd, 258675.583, 64
Trd, 258676.117, 64
Trd, 258676.300, 64
Trd, 258676.417, 95
Trd, 258676.700, 111
Trd, 258677.033, 108
Trd, 258677.400, 112
Trd, 258677.550, 135
Trd, 258677.783, 135
Trd, 258677.967, 134
Trd, 258678.150, 131
Trd, 258678.183, 114
Trd, 258678.317, 113
Trd, 258678.800, 117
Trd, 258678.933, 105
Trd, 258679.100, 103
Trd, 258679.167, 100
Trd, 258679.550, 97
Trd, 258679.700, 90
Trd, 258679.950, 117
Trd, 258680.283, 124
Trd, 258680.383, 115
Trd, 258680.433, 114
Trd, 258680.550, 119
Trd, 258680.600, 120
Trd, 258680.633, 110
Trd, 258681.433, 111
Trd, 258681.717, 109
Trd, 258681.900, 132
Trd, 258681.950, 131
Trd, 258682.317, 116
Trd, 258682.383, 111
Trd, 258682.767, 136
Trd, 258682.833, 132
Trd, 258683.000, 123
Trd, 258683.017, 105
Trd, 258683.433, 140
Trd, 258683.783, 127
Trd, 258683.900, 127
Trd, 258684.233, 126
Trd, 258684.667, 139
Trd, 258685.317, 126
Trd, 258685.483, 125
Trd, 258685.617, 99
Trd, 258685.650, 100
Trd, 258685.683, 98
Trd, 258686.167, 120
Trd, 258686.217, 118
Trd, 258686.350, 101
Trd, 258686.500, 101
Trd, 258686.600, 130
Trd, 258686.767, 100
Trd, 258687.317, 110
Trd, 258687.400, 87
Trd, 258688.400, 121
Trd, 258688.667, 99
Trd, 258688.717, 100
Trd, 258688.733, 99
Trd, 258689.000, 129
Trd, 258689.417, 131
Trd, 258689.433, 126
Trd, 258689.467, 126
Trd, 258689.550, 123
Trd, 258689.633, 121
Trd, 258689.767, 132
Trd, 258690.367, 126
Trd, 258690.533, 111
Trd, 258690.700, 112
Trd, 258691.250, 130
Trd, 258691.300, 131
Trd, 258691.367, 111
Trd, 258691.417, 110
Trd, 258691.750, 125
Trd, 258692.250, 133
Trd, 258692.667, 132
Trd, 258692.717, 121
Trd, 258692.733, 116
Trd, 258692.833, 123
Trd, 258693.033, 121
Trd, 258693.133, 127
Trd, 258693.300, 120
Trd, 258693.383, 131
Trd, 258693.517, 114
Trd, 258693.750, 130
Trd, 258693.850, 114
Trd, 258694.033, 113
Trd, 258694.150, 104
Trd, 258694.317, 102
Trd, 258694.650, 93
Trd, 258694.817, 122
Trd, 258695.067, 87
Trd, 258695.300, 129
Trd, 258695.317, 96
Trd, 258695.517, 117
Trd, 258695.567, 90
Trd, 258696.067, 124
Trd, 258696.500, 123
Trd, 258696.617, 132
Trd, 258696.833, 115
Trd, 258697.083, 128
Trd, 258697.967, 122
Trd, 258698.250, 127
Trd, 258698.333, 123
Trd, 258698.467, 123
Trd, 258698.500, 128
Trd, 258698.850, 130
Trd, 258698.983, 122
Trd, 258699.000, 114
Trd, 258699.950, 122
Trd, 258700.483, 134
Trd, 258700.650, 134
Trd, 258700.817, 133
Trd, 258701.017, 131
Trd, 258701.267, 125
Trd, 258701.317, 114
Trd, 258701.400, 109
Trd, 258701.467, 107
Trd, 258701.783, 105
Trd, 258702.267, 102
Trd, 258702.600, 128
Trd, 258702.733, 125
Trd, 258702.917, 140
Trd, 258703.217, 128
Trd, 258703.250, 126
Trd, 258703.367, 125
Trd, 258703.733, 134
Trd, 258704.033, 137
Trd, 258704.733, 129
Trd, 258705.067, 129
Trd, 258705.100, 129
Trd, 258705.167, 128
Trd, 258705.400, 126
Trd, 258705.900, 132
Trd, 258706.050, 128
Trd, 258706.083, 120
Trd, 258706.200, 113
Trd, 258706.333, 125
Trd, 258706.350, 129
Trd, 258706.550, 111
Trd, 258706.900, 132
Trd, 258707.683, 140
Trd, 258707.767, 139
Trd, 258708.067, 139
Trd, 258708.450, 139
Trd, 258708.633, 138
Trd, 258708.767, 136
Trd, 258708.917, 135
Trd, 258708.983, 110
Trd, 258709.000, 111
Trd, 258709.033, 109
Trd, 258709.067, 86
Trd, 258709.683, 113
Trd, 258709.750, 115
Trd, 258709.850, 118
Trd, 258709.900, 95
Trd, 258710.083, 94
Trd, 258710.150, 120
Trd, 258710.250, 138
Trd, 258711.083, 126
Trd, 258711.117, 121
Trd, 258711.200, 120
Trd, 258711.300, 112
Trd, 258711.350, 109
Trd, 258711.517, 109
Trd, 258711.867, 94
Trd, 258712.317, 94
Trd, 258712.483, 110
Trd, 258712.917, 94
Trd, 258713.200, 119
Trd, 258713.217, 88
Trd, 258713.333, 93
Trd, 258713.650, 140
Trd, 258714.400, 109
Trd, 258715.150, 105
Trd, 258715.267, 104
Trd, 258715.567, 112
Trd, 258715.600, 112
Trd, 258715.650, 120
Trd, 258716.317, 134
Trd, 258716.467, 125
Trd, 258716.600, 115
Trd, 258716.750, 128
Trd, 258717.167, 122
Trd, 258717.183, 121
Trd, 258717.250, 120
Trd, 258717.417, 119
Trd, 258717.483, 132
Trd, 258717.750, 115
Trd, 258718.133, 120
Trd, 258718.150, 119
Trd, 258718.183, 113
Trd, 258718.583, 136
Trd, 258718.967, 128
Trd, 258718.983, 116
Trd, 258719.050, 113
Trd, 258719.383, 128
Trd, 258719.667, 107
Trd, 258720.200, 129
Trd, 258720.467, 116
Trd, 258720.767, 125
Trd, 258721.083, 117
Trd, 258721.100, 116
Trd, 258721.133, 104
Trd, 258721.183, 93
Trd, 258721.267, 119
Trd, 258721.333, 92
Trd, 258721.517, 91
Trd, 258721.683, 136
Trd, 258722.283, 136
Trd, 258722.350, 123
Trd, 258722.533, 128
Trd, 258722.617, 82
Trd, 258722.750, 124
Trd, 258722.967, 84
Trd, 258723.217, 86
Trd, 258723.917, 86
Trd, 258723.950, 105
Trd, 258724.183, 93
Trd, 258724.200, 91
Trd, 258724.300, 101
Trd, 258724.750, 102
Trd, 258725.400, 109
Trd, 258725.583, 108
Trd, 258725.717, 121
Trd, 258725.933, 113
Trd, 258726.033, 112
Trd, 258726.067, 109
Trd, 258726.350, 124
Trd, 258726.533, 125
Trd, 258726.550, 123
Trd, 258726.633, 124
Trd, 258726.667, 123
Trd, 258726.683, 122
Trd, 258726.883, 107
Trd, 258727.333, 126
Trd, 258727.600, 106
Trd, 258727.783, 123
Trd, 258727.850, 132
Trd, 258728.383, 134
Trd, 258729.300, 133
Trd, 258729.583, 133
Trd, 258729.650, 122
Trd, 258729.783, 118
Trd, 258729.950, 132
Trd, 258730.700, 124
Trd, 258730.783, 123
Trd, 258730.833, 122
Trd, 258730.900, 121
Trd, 258731.000, 119
Trd, 258731.133, 107
Trd, 258731.283, 105
Trd, 258731.483, 104
Trd, 258731.717, 124
Trd, 258731.883, 117
Trd, 258732.283, 125
Trd, 258732.483, 121
Trd, 258733.067, 117
Trd, 258733.183, 120
Trd, 258733.417, 134
Trd, 258733.483, 117
Trd, 258733.600, 114
Trd, 258733.950, 121
Trd, 258734.133, 117
Trd, 258734.167, 127
Trd, 258734.233, 114
Trd, 258734.317, 135
Trd, 258734.400, 105
Trd, 258735.133, 135
Trd, 258735.250, 134
Trd, 258735.567, 103
Trd, 258735.867, 120
Trd, 258735.917, 90
Trd, 258736.217, 111
Trd, 258736.267, 97
Trd, 258736.850, 125
Trd, 258736.983, 99
Trd, 258737.033, 97
Trd, 258737.100, 96
Trd, 258737.267, 100
Trd, 258737.683, 84
Trd, 258737.867, 124
Trd, 258737.883, 119
Trd, 258738.000, 133
Trd, 258738.217, 115
Trd, 258739.367, 128
Trd, 258739.400, 127
Trd, 258739.517, 128
Trd, 258739.633, 118
Trd, 258739.750, 117
Trd, 258740.133, 117
Trd, 258741.300, 131
Trd, 258741.417, 130
Trd, 258741.917, 138
Trd, 258742.200, 133
Trd, 258742.467, 129
Trd, 258742.500, 127
Trd, 258742.717, 126
Trd, 258742.767, 126
Trd, 258742.883, 134
Trd, 258742.950, 123
Trd, 258743.300, 129
Trd, 258743.967, 117
Trd, 258744.183, 107
Trd, 258744.600, 107
Trd, 258744.733, 107
Trd, 258744.850, 106
Trd, 258744.967, 104
Trd, 258745.017, 119
Trd, 258745.300, 121
Trd, 258745.433, 125
Trd, 258745.467, 133
Trd, 258745.533, 124
Trd, 258746.367, 137
Trd, 258746.417, 136
Trd, 258746.617, 134
Trd, 258747.000, 131
Trd, 258747.233, 129
Trd, 258747.417, 119
Trd, 258747.650, 94
Trd, 258747.950, 120
Trd, 258748.117, 119
Trd, 258748.150, 116
Trd, 258748.283, 121
Trd, 258748.450, 116
Trd, 258748.533, 97
Trd, 258748.650, 75
Trd, 258749.217, 102
Trd, 258749.350, 127
Trd, 258749.600, 74
Trd, 258749.700, 73
Trd, 258749.867, 122
Trd, 258750.483, 133
Trd, 258750.667, 114
Trd, 258750.967, 124
Trd, 258751.167, 128
Trd, 258751.317, 125
Trd, 258751.417, 124
Trd, 258751.550, 123
Trd, 258752.017, 112
Trd, 258752.267, 112
Trd, 258752.350, 114
Trd, 258752.883, 110
Trd, 258753.050, 111
Trd, 258753.150, 110
Trd, 258753.333, 109
Trd, 258753.400, 122
Trd, 258753.500, 121
Trd, 258753.700, 108
Trd, 258753.717, 90
Trd, 258754.050, 122
Trd, 258754.083, 124
Trd, 258754.383, 105
Trd, 258754.417, 112
Trd, 258755.367, 129
Trd, 258755.483, 111
Trd, 258755.683, 103
Trd, 258755.717, 94
Trd, 258755.767, 85
Trd, 258755.867, 135
Trd, 258756.117, 91
Trd, 258756.900, 118
Trd, 258756.950, 94
Trd, 258757.233, 122
Trd, 258757.350, 123
Trd, 258757.533, 93
Trd, 258757.633, 93
Trd, 258757.767, 124
Trd, 258757.933, 77
Trd, 258758.350, 135
Trd, 258758.567, 119
Trd, 258758.717, 102
Trd, 258758.800, 102
Trd, 258759.333, 81
Trd, 258759.433, 123
Trd, 258759.550, 102
Trd, 258759.600, 124
Trd, 258759.700, 125
Trd, 258759.800, 103
Trd, 258760.033, 118
Trd, 258760.217, 125
Trd, 258760.300, 113
Trd, 258760.633, 121
Trd, 258761.333, 123
Trd, 258761.650, 124
Trd, 258761.683, 121
Trd, 258761.767, 120
Trd, 258762.217, 134
Trd, 258762.817, 134
Trd, 258763.150, 134
Trd, 258763.200, 133
Trd, 258763.283, 127
Trd, 258763.933, 139
Trd, 258765.983, 136
Trd, 258766.033, 135
Trd, 258766.150, 135
Trd, 258766.433, 134
Trd, 258766.600, 131
Trd, 258767.133, 140
Trd, 258767.350, 135
Trd, 258767.383, 133
Trd, 258767.450, 131
Trd, 258767.617, 130
Trd, 258767.867, 137
Trd, 258768.017, 136
Trd, 258768.183, 138
Trd, 258768.317, 135
Trd, 258768.383, 133
Trd, 258768.400, 129
Trd, 258768.483, 125
Trd, 258768.583, 117
Trd, 258768.667, 109
Trd, 258768.833, 93
Trd, 258768.950, 92
Trd, 258769.067, 76
Trd, 258769.133, 111
Trd, 258769.433, 109
Trd, 258769.883, 100
Trd, 258770.133, 98
Trd, 258770.600, 129
Trd, 258770.700, 140
Trd, 258771.083, 131
Trd, 258771.167, 100
Trd, 258771.283, 95
Trd, 258771.683, 111
Trd, 258771.750, 111
Trd, 258771.800, 100
Trd, 258771.850, 99
Trd, 258771.883, 112
Trd, 258772.417, 102
Trd, 258772.583, 115
Trd, 258772.667, 94
Trd, 258772.900, 116
Trd, 258773.217, 138
Trd, 258773.400, 130
Trd, 258773.417, 129
Trd, 258773.517, 116
Trd, 258773.650, 140
Trd, 258773.900, 114
Trd, 258774.150, 114
Trd, 258774.217, 135
Trd, 258774.567, 111
Trd, 258774.650, 98
Trd, 258774.817, 106
Trd, 258774.867, 93
Trd, 258775.033, 117
Trd, 258775.150, 121
Trd, 258775.183, 89
Trd, 258775.700, 119
Trd, 258776.100, 132
Trd, 258776.517, 125
Trd, 258776.633, 124
Trd, 258776.667, 135
Trd, 258776.950, 116
Trd, 258776.983, 116
Trd, 258777.583, 115
Trd, 258777.767, 110
Trd, 258778.067, 100
Trd, 258778.233, 128
Trd, 258778.450, 120
Trd, 258778.650, 129
Trd, 258778.700, 111
Trd, 258778.733, 105
Trd, 258779.000, 99
Trd, 258779.050, 98
Trd, 258779.300, 100
Trd, 258779.383, 97
Trd, 258779.550, 95
Trd, 258779.700, 121
Trd, 258780.383, 118
Trd, 258780.633, 123
Trd, 258780.650, 117
Trd, 258780.717, 117
Trd, 258780.867, 140
Trd, 258781.133, 137
Trd, 258782.117, 134
Trd, 258782.183, 130
Trd, 258782.733, 122
Trd, 258782.967, 131
Trd, 258783.183, 121
Trd, 258783.200, 113
Trd, 258783.367, 124
Trd, 258784.033, 137
Trd, 258784.300, 127
Trd, 258784.333, 104
Trd, 258784.383, 116
Trd, 258785.133, 120
Trd, 258785.183, 123
Trd, 258785.233, 111
Trd, 258785.283, 105
Trd, 258785.483, 105
Trd, 258785.517, 104
Trd, 258785.650, 102
Trd, 258785.783, 125
Trd, 258786.200, 137
Trd, 258786.233, 99
Trd, 258786.400, 103
Trd, 258786.483, 137
Trd, 258786.750, 97
Trd, 258787.133, 135
Trd, 258787.283, 123
Trd, 258787.833, 135
Trd, 258787.983, 123
Trd, 258788.033, 122
Trd, 258788.200, 121
Trd, 258788.483, 120
Trd, 258788.833, 140
Trd, 258789.300, 139
Trd, 258789.600, 139
Trd, 258789.683, 138
Trd, 258789.733, 135
Trd, 258790.583, 129
Trd, 258790.933, 125
Trd, 258790.983, 124
Trd, 258791.350, 132
Trd, 258791.750, 131
Trd, 258791.967, 134
Trd, 258792.167, 136
Trd, 258792.700, 134
Trd, 258792.717, 130
Trd, 258792.933, 131
Trd, 258793.150, 119
Trd, 258793.483, 114
Trd, 258793.833, 114
Trd, 258794.033, 111
Trd, 258794.067, 108
Trd, 258794.400, 130
Trd, 258794.517, 129
Trd, 258794.550, 120
Trd, 258794.617, 117
Trd, 258794.967, 118
Trd, 258795.033, 108
Trd, 258795.167, 123
Trd, 258795.300, 116
Trd, 258795.467, 124
Trd, 258795.533, 108
Trd, 258795.933, 105
Trd, 258796.017, 121
Trd, 258796.133, 97
Trd, 258796.183, 129
Trd, 258796.367, 91
Trd, 258796.500, 121
Trd, 258797.250, 126
Trd, 258797.617, 96
Trd, 258797.933, 101
Trd, 258798.100, 95
Trd, 258798.267, 109
Trd, 258798.317, 95
Trd, 258798.333, 90
Trd, 258798.783, 86
Trd, 258799.000, 67
Trd, 258799.283, 82
Trd, 258799.300, 68
Trd, 258799.667, 112
Trd, 258800.600, 110
Trd, 258800.617, 105
Trd, 258801.200, 137
Trd, 258801.333, 125
Trd, 258801.383, 109
Trd, 258801.400, 106
Trd, 258801.550, 125
Trd, 258801.600, 104
Trd, 258801.683, 97
Trd, 258802.133, 96
Trd, 258802.150, 95
Trd, 258802.183, 100
Trd, 258802.500, 83
Trd, 258802.600, 101
Trd, 258802.683, 97
Trd, 258803.333, 118
Trd, 258803.500, 117
Trd, 258803.833, 118
Trd, 258804.033, 127
Trd, 258804.050, 105
Trd, 258804.850, 134
Trd, 258805.100, 139
Trd, 258805.150, 133
Trd, 258805.383, 140
Trd, 258805.450, 139
Trd, 258805.550, 128
Trd, 258805.867, 138
Trd, 258806.317, 129
Trd, 258806.400, 125
Trd, 258806.600, 122
Trd, 258806.800, 121
Trd, 258806.883, 120
Trd, 258807.167, 132
Trd, 258807.650, 128
Trd, 258807.800, 127
Trd, 258807.833, 131
Trd, 258808.067, 128
Trd, 258808.950, 128
Trd, 258808.967, 103
Trd, 258809.017, 137
Trd, 258809.033, 93
Trd, 258809.717, 123
Trd, 258810.050, 108
Trd, 258810.167, 110
Trd, 258810.283, 126
Trd, 258810.417, 90
Trd, 258810.617, 85
Trd, 258810.683, 84
Trd, 258810.850, 102
Trd, 258811.050, 85
Trd, 258811.267, 132
Trd, 258811.533, 112
Trd, 258811.567, 96
Trd, 258812.183, 118
Trd, 258812.300, 117
Trd, 258812.433, 115
Trd, 258812.733, 128
Trd, 258812.767, 118
Trd, 258812.800, 113
Trd, 258813.233, 101
Trd, 258813.367, 93
Trd, 258814.017, 139
Trd, 258814.717, 140
Trd, 258815.067, 107
Trd, 258815.383, 140
Trd, 258815.433, 140
Trd, 258815.683, 114
Trd, 258816.450, 139
Trd, 258816.567, 135
Trd, 258816.683, 138
Trd, 258817.017, 139
Trd, 258817.433, 140
Trd, 258817.567, 134
Trd, 258817.717, 129
Trd, 258817.883, 124
Trd, 258818.033, 110
Trd, 258818.050, 106
Trd, 258818.233, 128
Trd, 258818.317, 105
Trd, 258818.383, 88
Trd, 258818.900, 132
Trd, 258819.483, 140
Trd, 258819.583, 140
Trd, 258819.650, 139
Trd, 258819.683, 138
Trd, 258820.050, 135
Trd, 258820.117, 122
Trd, 258820.183, 121
Trd, 258820.250, 114
Trd, 258820.783, 133
Trd, 258821.167, 115
Trd, 258821.317, 107
Trd, 258821.367, 107
Trd, 258821.383, 104
Trd, 258822.000, 120
Trd, 258822.017, 86
Trd, 258822.167, 85
Trd, 258822.217, 129
Trd, 258822.550, 132
Trd, 258823.083, 111
Trd, 258823.283, 112
Trd, 258823.667, 112
Trd, 258824.083, 111
Trd, 258824.100, 131
Trd, 258824.133, 109
Trd, 258824.350, 108
Trd, 258824.400, 106
Trd, 258824.450, 102
Trd, 258824.783, 103
Trd, 258825.083, 98
Trd, 258825.483, 127
Trd, 258825.533, 129
Trd, 258826.033, 129
Trd, 258826.167, 129
Trd, 258826.517, 120
Trd, 258826.550, 95
Trd, 258826.733, 91
Trd, 258826.883, 139
Trd, 258826.967, 90
Trd, 258827.500, 105
Trd, 258827.733, 100
Trd, 258828.000, 113
Trd, 258828.017, 99
Trd, 258828.367, 118
Trd, 258828.500, 129
Trd, 258828.717, 109
Trd, 258828.783, 97
Trd, 258829.850, 92
Trd, 258829.933, 98
Trd, 258830.017, 100
Trd, 258830.067, 133
Trd, 258830.167, 115
Trd, 258830.800, 140
Trd, 258830.850, 138
Trd, 258831.233, 138
Trd, 258831.867, 139
Trd, 258832.017, 138
Trd, 258832.067, 134
Trd, 258832.167, 129
Trd, 258832.400, 129
Trd, 258832.583, 134
Trd, 258833.200, 121
Trd, 258833.400, 110
Trd, 258833.600, 133
Trd, 258833.867, 132
Trd, 258834.033, 132
Trd, 258834.117, 131
Trd, 258834.600, 127
Trd, 258834.617, 110
Trd, 258834.850, 106
Trd, 258835.033, 106
Trd, 258835.467, 104
Trd, 258835.517, 98
Trd, 258835.533, 91
Trd, 258835.833, 87
Trd, 258835.950, 92
Trd, 258836.083, 114
Trd, 258836.167, 81
Trd, 258836.217, 124
Trd, 258836.317, 80
Trd, 258836.617, 124
Trd, 258837.100, 135
Trd, 258837.117, 134
Trd, 258837.567, 134
Trd, 258837.667, 121
Trd, 258838.183, 128
Trd, 258838.433, 120
Trd, 258838.550, 130
Trd, 258838.783, 120
Trd, 258839.317, 121
Trd, 258839.833, 103
Trd, 258839.967, 122
Trd, 258840.000, 123
Trd, 258840.017, 116
Trd, 258840.067, 112
Trd, 258840.367, 81
Trd, 258840.600, 85
Trd, 258841.000, 104
Trd, 258841.083, 98
Trd, 258841.167, 96
Trd, 258841.383, 110
Trd, 258841.567, 96
Trd, 258841.583, 88
Trd, 258841.600, 81
Trd, 258841.900, 112
Trd, 258842.067, 73
Trd, 258842.367, 74
Trd, 258842.400, 73
Trd, 258842.433, 77
Trd, 258842.650, 85
Trd, 258842.667, 118
Trd, 258843.133, 127
Trd, 258843.667, 137
Trd, 258844.233, 133
Trd, 258844.800, 127
Trd, 258845.200, 120
Trd, 258845.217, 119
Trd, 258845.417, 118
Trd, 258845.567, 117
Trd, 258845.667, 82
Trd, 258845.850, 114
Trd, 258846.633, 114
Trd, 258846.683, 113
Trd, 258846.783, 115
Trd, 258846.833, 111
Trd, 258847.083, 115
Trd, 258847.200, 128
Trd, 258847.317, 139
Trd, 258847.967, 129
Trd, 258848.283, 122
Trd, 258848.383, 114
Trd, 258848.667, 120
Trd, 258848.750, 132
Trd, 258849.033, 121
Trd, 258849.117, 122
Trd, 258849.150, 108
Trd, 258849.233, 87
Trd, 258850.167, 135
Trd, 258850.217, 130
Trd, 258850.500, 129
Trd, 258850.717, 108
Trd, 258851.017, 113
Trd, 258851.217, 117
Trd, 258851.733, 124
Trd, 258851.967, 124
Trd, 258852.067, 123
Trd, 258852.417, 138
Trd, 258852.583, 115
Trd, 258852.650, 112
Trd, 258852.900, 105
Trd, 258852.967, 104
Trd, 258853.233, 121
Trd, 258853.400, 112
Trd, 258853.550, 116
Trd, 258853.617, 120
Trd, 258853.900, 119
Trd, 258854.400, 117
Trd, 258854.550, 115
Trd, 258854.600, 123
Trd, 258854.817, 129
Trd, 258855.067, 116
Trd, 258855.200, 115
Trd, 258855.433, 129
Trd, 258855.483, 111
Trd, 258855.500, 107
Trd, 258856.567, 121
Trd, 258856.683, 120
Trd, 258856.783, 107
Trd, 258857.050, 117
Trd, 258857.233, 118
Trd, 258857.317, 103
Trd, 258857.417, 122
Trd, 258857.533, 104
Trd, 258857.633, 103
Trd, 258857.983, 139
Trd, 258858.217, 138
Trd, 258858.417, 134
Trd, 258858.567, 130
Trd, 258858.833, 119
Trd, 258859.083, 102
Trd, 258859.167, 98
Trd, 258859.267, 96
Trd, 258859.600, 116
Trd, 258859.700, 109
Trd, 258859.917, 131
Trd, 258860.250, 100
Trd, 258860.383, 92
Trd, 258860.883, 134
Trd, 258861.033, 131
Trd, 258861.083, 118
Trd, 258861.217, 137
Trd, 258861.550, 138
Trd, 258861.850, 118
Trd, 258861.867, 109
Trd, 258861.900, 100
Trd, 258861.983, 93
Trd, 258862.183, 133
Trd, 258862.217, 80
Trd, 258862.683, 132
Trd, 258862.700, 131
Trd, 258863.467, 122
Trd, 258864.117, 139
Trd, 258864.433, 140
Trd, 258865.017, 140
Trd, 258865.300, 140
Trd, 258865.333, 140
Trd, 258866.083, 126
Trd, 258866.117, 122
Trd, 258866.417, 121
Trd, 258866.500, 118
Trd, 258867.067, 140
Trd, 258867.267, 110
Trd, 258867.517, 133
Trd, 258867.650, 134
Trd, 258867.717, 121
Trd, 258867.750, 113
Trd, 258868.150, 133
Trd, 258868.633, 127
Trd, 258868.683, 126
Trd, 258868.850, 111
Trd, 258868.983, 119
Trd, 258869.017, 133
Trd, 258869.050, 110
Trd, 258869.350, 113
Trd, 258869.783, 96
Trd, 258870.500, 129
Trd, 258870.517, 133
Trd, 258871.083, 132
Trd, 258871.217, 131
Trd, 258871.450, 128
Trd, 258871.567, 128
Trd, 258871.667, 127
Trd, 258871.783, 126
Trd, 258871.833, 125
Trd, 258871.867, 131
Trd, 258872.150, 122
Trd, 258872.333, 123
Trd, 258872.350, 115
Trd, 258872.867, 110
Trd, 258873.100, 112
Trd, 258873.817, 120
Trd, 258873.833, 119
Trd, 258873.850, 113
Trd, 258874.283, 123
Trd, 258874.950, 114
Trd, 258875.083, 114
Trd, 258875.417, 131
Trd, 258875.483, 131
Trd, 258875.733, 115
Trd, 258876.017, 124
Trd, 258876.067, 132
Trd, 258876.417, 124
Trd, 258876.617, 126
Trd, 258876.983, 134
Trd, 258877.217, 125
Trd, 258877.617, 135
Trd, 258877.750, 131
Trd, 258878.350, 137
Trd, 258878.450, 138
Trd, 258878.767, 136
Trd, 258878.900, 136
Trd, 258878.933, 131
Trd, 258878.983, 127
Trd, 258879.433, 119
Trd, 258879.483, 117
Trd, 258879.667, 112
Trd, 258880.050, 128
Trd, 258880.650, 121
Trd, 258880.900, 99
Trd, 258881.350, 84
Trd, 258881.517, 121
Trd, 258882.033, 121
Trd, 258882.183, 106
Trd, 258882.367, 113
Trd, 258882.400, 78
Trd, 258882.483, 121
Trd, 258882.700, 130
Trd, 258882.783, 96
Trd, 258882.933, 84
Trd, 258882.967, 82
Trd, 258883.183, 104
Trd, 258883.750, 116
Trd, 258883.783, 115
Trd, 258883.850, 113
Trd, 258884.583, 125
Trd, 258884.900, 128
Trd, 258885.167, 128
Trd, 258885.350, 115
Trd, 258885.917, 119
Trd, 258885.967, 118
Trd, 258886.033, 136
Trd, 258886.333, 118
Trd, 258886.617, 119
Trd, 258886.950, 139
Trd, 258887.333, 135
Trd, 258887.383, 132
Trd, 258887.700, 140
Trd, 258887.817, 131
Trd, 258887.833, 119
Trd, 258888.033, 117
Trd, 258888.083, 121
Trd, 258888.283, 111
Trd, 258888.383, 103
Trd, 258888.417, 89
Trd, 258888.783, 117
Trd, 258888.883, 119
Trd, 258889.033, 128
Trd, 258889.150, 90
Trd, 258889.683, 110
Trd, 258889.950, 92
Trd, 258889.967, 121
Trd, 258890.283, 122
Trd, 258890.550, 97
Trd, 258890.633, 106
Trd, 258890.717, 90
Trd, 258891.033, 89
Trd, 258891.117, 88
Trd, 258891.217, 80
Trd, 258891.367, 87
Trd, 258891.450, 87
Trd, 258891.950, 127
Trd, 258892.117, 127
Trd, 258892.283, 120
Trd, 258892.617, 128
Trd, 258892.683, 140
Trd, 258892.767, 127
Trd, 258892.883, 95
Trd, 258893.183, 110
Trd, 258893.750, 121
Trd, 258893.833, 119
Trd, 258893.933, 116
Trd, 258894.467, 117
Trd, 258894.817, 139
Trd, 258894.933, 116
Trd, 258895.117, 115
Trd, 258895.417, 117
Trd, 258895.733, 125
Trd, 258895.800, 132
Trd, 258895.950, 115
Trd, 258896.467, 111
Trd, 258896.533, 110
Trd, 258896.633, 96
Trd, 258896.650, 94
Trd, 258896.850, 113
Trd, 258896.917, 121
Trd, 258897.117, 115
Trd, 258897.250, 127
Trd, 258897.533, 105
Trd, 258897.850, 138
Trd, 258898.050, 130
Trd, 258898.767, 130
Trd, 258899.100, 130
Trd, 258899.217, 129
Trd, 258899.433, 124
Trd, 258899.700, 127
Trd, 258899.867, 123
Trd, 258900.083, 122
Trd, 258900.183, 128
Trd, 258900.383, 131
Trd, 258900.433, 129
Trd, 258900.617, 136
Trd, 258900.750, 123
Trd, 258901.133, 123
Trd, 258901.883, 130
Trd, 258902.000, 124
Trd, 258902.850, 115
Trd, 258903.067, 111
Trd, 258903.117, 129
Trd, 258903.150, 109
Trd, 258903.233, 129
Trd, 258903.533, 96
Trd, 258903.833, 89
Trd, 258904.067, 85
Trd, 258904.117, 79
Trd, 258904.150, 115
Trd, 258904.667, 116
Trd, 258904.867, 102
Trd, 258904.950, 95
Trd, 258905.050, 95
Trd, 258905.267, 123
Trd, 258905.583, 117
Trd, 258905.850, 115
Trd, 258905.883, 114
Trd, 258906.050, 124
Trd, 258906.900, 129
Trd, 258907.217, 115
Trd, 258907.367, 113
Trd, 258907.550, 132
Trd, 258907.700, 128
Trd, 258907.917, 92
Trd, 258907.950, 97
Trd, 258908.050, 135
Trd, 258908.167, 104
Trd, 258908.683, 102
Trd, 258908.750, 99
Trd, 258908.900, 111
Trd, 258909.650, 131
Trd, 258909.900, 135
Trd, 258910.050, 114
Trd, 258910.133, 106
Trd, 258910.550, 135
Trd, 258910.700, 134
Trd, 258910.850, 133
Trd, 258910.867, 132
Trd, 258911.217, 131
Trd, 258911.367, 130
Trd, 258911.817, 140
Trd, 258911.867, 140
Trd, 258912.050, 140
Trd, 258912.433, 130
Trd, 258912.733, 134
Trd, 258912.900, 107
Trd, 258912.967, 89
Trd, 258913.267, 139
Trd, 258913.483, 115
Trd, 258913.633, 85
Trd, 258913.967, 92
Trd, 258914.100, 113
Trd, 258914.217, 88
Trd, 258914.650, 109
Trd, 258914.733, 125
Trd, 258915.017, 113
Trd, 258915.150, 113
Trd, 258915.200, 112
Trd, 258915.350, 123
Trd, 258915.583, 126
Trd, 258915.867, 121
Trd, 258916.117, 119
Trd, 258916.217, 118
Trd, 258916.333, 110
Trd, 258916.583, 139
Trd, 258916.733, 139
Trd, 258916.783, 132
Trd, 258917.333, 136
Trd, 258917.750, 130
Trd, 258918.483, 123
Trd, 258918.533, 106
Trd, 258919.433, 127
Trd, 258919.450, 125
Trd, 258920.117, 124
Trd, 258920.250, 103
Trd, 258920.400, 137
Trd, 258920.567, 119
Trd, 258920.817, 138
Trd, 258920.983, 115
Trd, 258921.067, 100
Trd, 258921.183, 96
Trd, 258921.350, 87
Trd, 258921.550, 118
Trd, 258921.650, 130
Trd, 258921.683, 99
Trd, 258921.733, 94
Trd, 258921.900, 111
Trd, 258922.067, 107
Trd, 258922.233, 88
Trd, 258922.367, 124
Trd, 258922.833, 88
Trd, 258922.850, 87
Trd, 258922.883, 87
Trd, 258923.017, 90
Trd, 258923.100, 90
Trd, 258923.250, 85
Trd, 258923.550, 110
Trd, 258923.600, 131
Trd, 258924.200, 88
Trd, 258924.617, 105
Trd, 258924.633, 93
Trd, 258924.817, 92
Trd, 258925.517, 131
Trd, 258925.633, 122
Trd, 258925.783, 132
Trd, 258925.917, 116
Trd, 258926.100, 115
Trd, 258926.350, 106
Trd, 258926.600, 99
Trd, 258926.650, 92
Trd, 258926.667, 91
Trd, 258926.917, 140
Trd, 258927.067, 129
Trd, 258927.683, 123
Trd, 258928.133, 121
Trd, 258928.483, 127
Trd, 258928.633, 124
Trd, 258928.967, 121
Trd, 258929.233, 139
Trd, 258929.317, 120
Trd, 258929.983, 130
Trd, 258930.100, 130
Trd, 258930.283, 130
Trd, 258930.500, 129
Trd, 258930.533, 125
Trd, 258930.633, 125
Trd, 258930.750, 119
Trd, 258930.933, 115
Trd, 258932.333, 140
Trd, 258932.350, 140
Trd, 258932.383, 140
Trd, 258932.400, 127
Trd, 258933.033, 135
Trd, 258933.183, 137
Trd, 258933.333, 136
Trd, 258933.500, 132
Trd, 258933.650, 128
Trd, 258934.050, 134
Trd, 258934.183, 127
Trd, 258934.200, 112
Trd, 258934.383, 119
Trd, 258934.733, 126
Trd, 258935.050, 96
Trd, 258935.367, 61
Trd, 258935.750, 96
Trd, 258935.883, 97
Trd, 258936.083, 91
Trd, 258936.233, 88
Trd, 258936.383, 120
Trd, 258936.517, 132
Trd, 258936.533, 87
Trd, 258937.200, 125
Trd, 258937.417, 139
Trd, 258937.550, 140
Trd, 258937.867, 139
Trd, 258937.883, 138
Trd, 258938.117, 132
Trd, 258938.983, 126
Trd, 258939.117, 125
Trd, 258939.200, 124
Trd, 258939.283, 118
Trd, 258939.500, 100
Trd, 258939.717, 111
Trd, 258939.800, 97
Trd, 258940.167, 119
Trd, 258940.300, 118
Trd, 258940.450, 116
Trd, 258940.517, 111
Trd, 258940.950, 139
Trd, 258941.150, 111
Trd, 258941.817, 125
Trd, 258942.033, 124
Trd, 258942.483, 129
Trd, 258942.783, 138
Trd, 258942.900, 115
Trd, 258943.017, 114
Trd, 258943.117, 112
Trd, 258943.133, 111
Trd, 258943.350, 111
Trd, 258943.883, 110
Trd, 258944.150, 111
Trd, 258944.217, 113
Trd, 258944.667, 92
Trd, 258945.017, 93
Trd, 258945.050, 130
Trd, 258945.300, 122
Trd, 258945.617, 99
Trd, 258945.667, 105
Trd, 258945.967, 104
Trd, 258946.017, 134
Trd, 258946.133, 128
Trd, 258946.150, 132
Trd, 258946.217, 111
Trd, 258946.300, 111
Trd, 258946.683, 125
Trd, 258947.050, 122
Trd, 258947.133, 118
Trd, 258947.650, 110
Trd, 258948.017, 95
Trd, 258948.083, 122
Trd, 258948.283, 96
Trd, 258948.417, 94
Trd, 258948.600, 120
Trd, 258948.700, 113
Trd, 258949.100, 105
Trd, 258949.483, 115
Trd, 258949.567, 103
Trd, 258949.600, 124
Trd, 258949.867, 127
Trd, 258950.267, 137
Trd, 258950.533, 136
Trd, 258950.567, 136
Trd, 258951.483, 130
Trd, 258951.567, 126
Trd, 258952.000, 125
Trd, 258952.483, 137
Trd, 258952.617, 136
Trd, 258952.983, 128
Trd, 258953.017, 128
Trd, 258953.283, 124
Trd, 258953.300, 123
Trd, 258953.433, 123
Trd, 258953.483, 122
Trd, 258953.617, 119
Trd, 258953.950, 126
Trd, 258954.183, 131
Trd, 258954.750, 133
Trd, 258955.033, 132
Trd, 258955.117, 131
Trd, 258955.367, 131
Trd, 258955.450, 130
Trd, 258955.483, 126
Trd, 258955.717, 117
Trd, 258956.250, 124
Trd, 258956.267, 112
Trd, 258956.500, 116
Trd, 258956.650, 130
Trd, 258957.217, 122
Trd, 258957.367, 109
Trd, 258957.450, 101
Trd, 258957.617, 108
Trd, 258957.750, 97
Trd, 258958.167, 117
Trd, 258958.200, 112
Trd, 258958.317, 119
Trd, 258958.533, 111
Trd, 258959.033, 129
Trd, 258959.200, 128
Trd, 258959.367, 126
Trd, 258959.650, 103
Trd, 258959.817, 89
Trd, 258960.167, 97
Trd, 258960.350, 112
Trd, 258960.367, 99
Trd, 258960.500, 92
Trd, 258960.833, 91
Trd, 258961.267, 84
Trd, 258961.333, 82
Trd, 258961.383, 123
Trd, 258961.483, 120
Trd, 258962.183, 84
Trd, 258962.200, 131
Trd, 258962.600, 117
Trd, 258963.300, 131
Trd, 258963.750, 132
Trd, 258963.767, 130
Trd, 258963.867, 122
Trd, 258964.400, 134
Trd, 258964.433, 133
Trd, 258964.667, 129
Trd, 258964.700, 114
Trd, 258964.867, 110
Trd, 258965.017, 107
Trd, 258965.633, 138
Trd, 258965.717, 128
Trd, 258965.750, 106
Trd, 258965.783, 100
Trd, 258965.917, 106
Trd, 258965.967, 73
Trd, 258966.733, 139
Trd, 258967.033, 139
Trd, 258967.517, 140
Trd, 258967.600, 138
Trd, 258967.633, 136
Trd, 258967.983, 118
Trd, 258968.567, 115
Trd, 258968.717, 115
Trd, 258969.150, 115
Trd, 258969.383, 140
Trd, 258969.450, 138
Trd, 258969.767, 139
Trd, 258969.867, 140
Trd, 258969.967, 131
Trd, 258970.067, 120
Trd, 258970.467, 125
Trd, 258970.767, 133
Trd, 258970.817, 124
Trd, 258971.317, 124
Trd, 258971.367, 124
Trd, 258971.817, 131
Trd, 258971.950, 122
Trd, 258972.217, 121
Trd, 258972.233, 133
Trd, 258972.367, 122
Trd, 258972.467, 127
Trd, 258972.750, 124
Trd, 258972.767, 121
Trd, 258973.167, 129
Trd, 258973.567, 131
Trd, 258973.800, 133
Trd, 258974.050, 128
Trd, 258974.300, 125
Trd, 258974.350, 123
Trd, 258974.550, 115
Trd, 258975.333, 140
Trd, 258975.350, 139
Trd, 258975.367, 116
Trd, 258976.050, 128
Trd, 258976.583, 136
Trd, 258976.683, 135
Trd, 258976.817, 134
Trd, 258977.100, 137
Trd, 258977.133, 112
Trd, 258977.467, 92
Trd, 258977.817, 113
Trd, 258977.883, 100
Trd, 258978.067, 140
Trd, 258978.833, 124
Trd, 258978.917, 118
Trd, 258979.300, 109
Trd, 258979.383, 137
Trd, 258979.517, 137
Trd, 258979.783, 134
Trd, 258979.817, 133
Trd, 258979.850, 129
Trd, 258979.933, 108
Trd, 258980.017, 112
Trd, 258980.317, 135
Trd, 258980.367, 132
Trd, 258980.767, 135
Trd, 258980.800, 134
Trd, 258981.083, 133
Trd, 258981.150, 132
Trd, 258981.250, 110
Trd, 258981.850, 110
Trd, 258982.250, 95
Trd, 258982.617, 103
Trd, 258982.800, 95
Trd, 258983.033, 140
Trd, 258983.150, 140
Trd, 258983.600, 138
Trd, 258983.767, 138
Trd, 258984.917, 139
Trd, 258985.083, 140
Trd, 258985.400, 138
Trd, 258985.467, 137
Trd, 258985.600, 136
Trd, 258985.767, 135
Trd, 258985.900, 129
Trd, 258986.050, 130
Trd, 258986.500, 129
Trd, 258986.550, 118
Trd, 258986.583, 132
Trd, 258986.883, 103
Trd, 258987.167, 131
Trd, 258987.417, 116
Trd, 258987.633, 130
Trd, 258987.683, 134
Trd, 258987.867, 125
Trd, 258988.150, 125
Trd, 258988.250, 124
Trd, 258988.567, 136
Trd, 258988.800, 136
Trd, 258989.050, 135
Trd, 258989.350, 120
Trd, 258989.683, 113
Trd, 258989.800, 107
Trd, 258990.017, 134
Trd, 258990.117, 134
Trd, 258990.500, 131
Trd, 258990.733, 107
Trd, 258990.767, 104
Trd, 258991.200, 116
Trd, 258991.383, 107
Trd, 258991.400, 105
Trd, 258991.483, 136
Trd, 258991.633, 97
Trd, 258991.850, 105
Trd, 258991.950, 106
Trd, 258992.283, 114
Trd, 258992.417, 95
Trd, 258992.500, 95
Trd, 258992.533, 94
Trd, 258992.717, 93
Trd, 258992.750, 87
Trd, 258993.050, 80
Trd, 258993.100, 72
Trd, 258993.350, 80
Trd, 258993.383, 72
Trd, 258993.467, 95
Trd, 258993.650, 128
Trd, 258994.633, 130
Trd, 258994.867, 120
Trd, 258995.233, 119
Trd, 258995.517, 127
Trd, 258995.567, 136
Trd, 258995.900, 120
Trd, 258995.917, 119
Trd, 258996.767, 135
Trd, 258997.067, 136
Trd, 258997.650, 136
Trd, 258997.717, 140
Trd, 258997.783, 129
Trd, 258997.817, 126
Trd, 258997.917, 125
Trd, 258998.250, 133
Trd, 258998.400, 132
Trd, 258998.483, 114
Trd, 258998.600, 104
Trd, 258998.650, 119
Trd, 258998.717, 128
Trd, 258998.967, 103
Trd, 258999.850, 137
Trd, 259000.083, 119
Trd, 259000.150, 117
Trd, 259000.483, 131
Trd, 259000.667, 121
Trd, 259000.700, 113
Trd, 259000.950, 113
Trd, 259001.067, 111
Trd, 259001.233, 132
Trd, 259001.450, 131
Trd, 259001.700, 102
Trd, 259001.717, 100
Trd, 259002.083, 108
Trd, 259003.167, 117
Trd, 259003.483, 114
Trd, 259003.850, 115
Trd, 259004.167, 115
Trd, 259004.333, 106
Trd, 259004.367, 104
Trd, 259004.633, 117
Trd, 259004.700, 116
Trd, 259005.000, 140
Trd, 259005.233, 131
Trd, 259005.400, 110
Trd, 259005.900, 123
Trd, 259006.117, 123
Trd, 259006.550, 124
Trd, 259006.600, 132
Trd, 259006.667, 124
Trd, 259006.750, 123
Trd, 259007.183, 122
Trd, 259007.267, 119
Trd, 259007.483, 116
Trd, 259007.500, 108
Trd, 259007.833, 131
Trd, 259007.850, 130
Trd, 259008.017, 132
Trd, 259008.300, 131
Trd, 259008.383, 130
Trd, 259009.100, 129
Trd, 259009.483, 127
Trd, 259009.767, 130
Trd, 259009.783, 126
Trd, 259009.883, 125
Trd, 259010.050, 127
Trd, 259010.100, 125
Trd, 259010.150, 114
Trd, 259010.267, 109
Trd, 259010.400, 130
Trd, 259010.717, 111
Trd, 259010.883, 112
Trd, 259011.100, 140
Trd, 259011.250, 125
Trd, 259011.267, 104
Trd, 259011.383, 91
Trd, 259011.650, 90
Trd, 259011.933, 98
Trd, 259012.183, 130
Trd, 259012.250, 73
Trd, 259012.817, 113
Trd, 259012.950, 121
Trd, 259013.117, 106
Trd, 259013.250, 105
Trd, 259013.283, 88
Trd, 259013.367, 87
Trd, 259014.267, 123
Trd, 259014.483, 128
Trd, 259014.500, 122
Trd, 259015.050, 122
Trd, 259015.283, 120
Trd, 259015.367, 129
Trd, 259015.867, 121
Trd, 259015.950, 127
Trd, 259016.250, 131
Trd, 259016.533, 122
Trd, 259016.750, 125
Trd, 259016.883, 122
Trd, 259016.933, 120
Trd, 259017.383, 120
Trd, 259017.467, 118
Trd, 259017.483, 108
Trd, 259017.567, 106
Trd, 259017.717, 127
Trd, 259017.733, 130
Trd, 259017.983, 98
Trd, 259018.333, 116
Trd, 259018.350, 110
Trd, 259018.633, 133
Trd, 259019.133, 124
Trd, 259019.350, 130
Trd, 259020.300, 124
Trd, 259020.500, 118
Trd, 259020.683, 117
Trd, 259020.717, 113
Trd, 259020.933, 108
Trd, 259021.050, 127
Trd, 259021.517, 135
Trd, 259021.633, 123
Trd, 259022.100, 110
Trd, 259022.483, 137
Trd, 259023.150, 132
Trd, 259023.417, 137
Trd, 259023.667, 134
Trd, 259023.833, 121
Trd, 259024.033, 140
Trd, 259024.083, 137
Trd, 259024.733, 134
Trd, 259024.933, 134
Trd, 259025.067, 132
Trd, 259025.100, 128
Trd, 259025.667, 136
Trd, 259025.683, 135
Trd, 259025.733, 134
Trd, 259026.100, 133
Trd, 259026.150, 132
Trd, 259026.200, 126
Trd, 259026.417, 107
Trd, 259026.733, 108
Trd, 259027.033, 124
Trd, 259027.233, 123
Trd, 259027.383, 111
Trd, 259027.717, 138
Trd, 259027.883, 108
Trd, 259028.767, 139
Trd, 259029.017, 130
Trd, 259029.133, 129
Trd, 259029.417, 126
Trd, 259029.483, 134
Trd, 259029.500, 113
Trd, 259029.517, 112
Trd, 259029.833, 139
Trd, 259030.350, 137
Trd, 259030.383, 134
Trd, 259030.433, 123
Trd, 259030.533, 122
Trd, 259031.000, 139
Trd, 259031.383, 126
Trd, 259031.500, 125
Trd, 259031.800, 122
Trd, 259031.867, 127
Trd, 259031.967, 120
Trd, 259032.217, 128
Trd, 259032.567, 123
Trd, 259032.667, 124
Trd, 259033.183, 123
Trd, 259033.467, 109
Trd, 259033.517, 120
Trd, 259033.733, 108
Trd, 259034.467, 124
Trd, 259034.517, 126
Trd, 259034.550, 105
Trd, 259034.650, 103
Trd, 259035.167, 102
Trd, 259035.283, 94
Trd, 259035.367, 124
Trd, 259035.500, 103
Trd, 259035.733, 113
Trd, 259036.033, 103
Trd, 259036.067, 94
Trd, 259036.250, 117
Trd, 259036.450, 112
Trd, 259036.583, 129
Trd, 259037.350, 119
Trd, 259037.400, 117
Trd, 259037.417, 110
Trd, 259037.567, 127
Trd, 259037.733, 130
Trd, 259037.917, 119
Trd, 259038.033, 110
Trd, 259038.083, 114
Trd, 259038.133, 97
Trd, 259038.667, 76
Trd, 259038.700, 94
Trd, 259038.967, 133
Trd, 259039.100, 113
Trd, 259039.200, 73
Trd, 259039.400, 120
Trd, 259039.633, 75
Trd, 259039.883, 123
Trd, 259040.050, 110
Trd, 259040.350, 102
Trd, 259040.550, 99
Trd, 259040.567, 89
Trd, 259040.783, 117
Trd, 259041.267, 79
Trd, 259041.583, 98
Trd, 259041.733, 74
Trd, 259041.833, 75
Trd, 259041.950, 122
Trd, 259042.717, 133
Trd, 259042.733, 135
Trd, 259043.633, 134
Trd, 259043.650, 133
Trd, 259043.867, 126
Trd, 259043.900, 125
Trd, 259044.000, 116
Trd, 259044.167, 127
Trd, 259044.400, 112
Trd, 259044.667, 137
Trd, 259045.100, 138
Trd, 259045.250, 134
Trd, 259045.583, 127
Trd, 259045.867, 126
Trd, 259045.967, 127
Trd, 259045.983, 118
Trd, 259046.033, 97
Trd, 259046.117, 131
Trd, 259046.250, 95
Trd, 259046.717, 95
Trd, 259046.983, 85
Trd, 259047.067, 85
Trd, 259047.200, 95
Trd, 259047.583, 114
Trd, 259047.750, 83
Trd, 259048.350, 110
Trd, 259048.600, 109
Trd, 259048.767, 109
Trd, 259049.267, 140
Trd, 259049.333, 140
Trd, 259049.500, 140
Trd, 259049.817, 140
Trd, 259049.950, 134
Trd, 259050.333, 113
Trd, 259050.533, 138
Trd, 259050.750, 115
Trd, 259051.033, 140
Trd, 259051.433, 135
Trd, 259051.600, 134
Trd, 259051.633, 131
Trd, 259052.117, 106
Trd, 259052.133, 101
Trd, 259052.233, 98
Trd, 259052.483, 94
Trd, 259052.617, 100
Trd, 259052.667, 94
Trd, 259052.917, 94
Trd, 259053.083, 106
Trd, 259053.100, 93
Trd, 259053.317, 107
Trd, 259053.333, 86
Trd, 259054.117, 102
Trd, 259054.567, 140
Trd, 259054.850, 101
Trd, 259055.200, 109
Trd, 259055.433, 103
Trd, 259055.717, 140
Trd, 259055.883, 140
Trd, 259056.117, 140
Trd, 259056.167, 140
Trd, 259056.233, 137
Trd, 259056.317, 140
Trd, 259056.983, 134
Trd, 259057.183, 137
Trd, 259057.550, 130
Trd, 259057.767, 118
Trd, 259057.900, 117
Trd, 259057.950, 114
Trd, 259058.117, 130
Trd, 259058.367, 104
Trd, 259058.717, 129
Trd, 259058.750, 125
Trd, 259058.867, 97
Trd, 259058.900, 86
Trd, 259059.083, 117
Trd, 259059.333, 111
Trd, 259059.433, 78
Trd, 259059.700, 73
Trd, 259060.367, 114
Trd, 259060.417, 117
Trd, 259060.583, 114
Trd, 259060.683, 114
Trd, 259061.017, 135
Trd, 259061.250, 103
Trd, 259061.483, 135
Trd, 259061.517, 134
Trd, 259061.683, 127
Trd, 259061.717, 117
Trd, 259061.933, 85
Trd, 259062.650, 136
Trd, 259062.933, 108
Trd, 259063.350, 97
Trd, 259063.717, 119
Trd, 259064.033, 96
Trd, 259064.200, 113
Trd, 259064.683, 139
Trd, 259064.867, 126
Trd, 259064.983, 125
Trd, 259065.017, 128
Trd, 259065.200, 125
Trd, 259065.467, 106
Trd, 259065.517, 105
Trd, 259065.817, 109
Trd, 259066.300, 134
Trd, 259066.467, 136
Trd, 259066.667, 112
Trd, 259066.733, 111
Trd, 259066.833, 109
Trd, 259066.867, 108
Trd, 259067.033, 108
Trd, 259067.067, 105
Trd, 259067.117, 100
Trd, 259067.150, 88
Trd, 259067.400, 133
Trd, 259067.900, 134
Trd, 259068.150, 130
Trd, 259068.800, 133
Trd, 259068.867, 132
Trd, 259069.167, 138
Trd, 259069.500, 129
Trd, 259069.683, 128
Trd, 259069.967, 128
Trd, 259070.017, 132
Trd, 259070.367, 132
Trd, 259070.700, 129
Trd, 259070.833, 140
Trd, 259070.850, 121
Trd, 259070.967, 122
Trd, 259071.000, 88
Trd, 259071.183, 100
Trd, 259071.717, 138
Trd, 259071.800, 133
Trd, 259072.617, 133
Trd, 259072.633, 132
Trd, 259072.767, 131
Trd, 259072.967, 133
Trd, 259073.967, 131
Trd, 259074.183, 127
Trd, 259074.283, 135
Trd, 259074.867, 118
Trd, 259075.133, 123
Trd, 259075.200, 122
Trd, 259075.333, 121
Trd, 259075.483, 118
Trd, 259075.750, 120
Trd, 259075.883, 119
Trd, 259075.950, 132
Trd, 259076.383, 115
Trd, 259076.517, 109
Trd, 259076.983, 114
Trd, 259077.150, 104
Trd, 259077.283, 86
Trd, 259077.567, 128
Trd, 259077.733, 100
Trd, 259077.833, 113
Trd, 259078.250, 131
Trd, 259078.833, 90
Trd, 259078.983, 89
Trd, 259079.000, 88
Trd, 259079.150, 123
Trd, 259079.200, 122
Trd, 259079.650, 125
Trd, 259079.967, 117
Trd, 259080.017, 115
Trd, 259080.083, 114
Trd, 259080.300, 109
Trd, 259080.650, 114
Trd, 259080.950, 115
Trd, 259080.967, 127
Trd, 259081.100, 115
Trd, 259081.450, 139
Trd, 259081.600, 129
Trd, 259081.667, 114
Trd, 259082.183, 133
Trd, 259082.350, 120
Trd, 259082.483, 122
Trd, 259082.533, 117
Trd, 259083.017, 116
Trd, 259083.200, 121
Trd, 259083.217, 122
Trd, 259083.333, 117
Trd, 259083.700, 132
Trd, 259084.200, 131
Trd, 259084.467, 130
Trd, 259084.517, 127
Trd, 259084.783, 132
Trd, 259085.067, 132
Trd, 259085.167, 131
Trd, 259085.400, 116
Trd, 259085.583, 115
Trd, 259085.750, 109
Trd, 259085.833, 109
Trd, 259086.000, 113
Trd, 259086.583, 102
Trd, 259086.700, 107
Trd, 259087.017, 101
Trd, 259087.633, 129
Trd, 259087.883, 123
Trd, 259088.083, 123
Trd, 259088.200, 130
Trd, 259088.367, 122
Trd, 259088.550, 114
Trd, 259088.600, 110
Trd, 259088.617, 106
Trd, 259088.717, 102
Trd, 259088.883, 138
Trd, 259088.933, 100
Trd, 259089.150, 112
Trd, 259089.350, 105
Trd, 259089.400, 94
Trd, 259089.567, 115
Trd, 259089.750, 115
Trd, 259090.250, 83
Trd, 259090.583, 94
Trd, 259090.617, 93
Trd, 259090.750, 125
Trd, 259091.100, 108
Trd, 259091.533, 128
Trd, 259091.633, 94
Trd, 259091.817, 137
Trd, 259092.233, 124
Trd, 259092.650, 130
Trd, 259092.733, 111
Trd, 259093.067, 133
Trd, 259093.650, 121
Trd, 259093.717, 120
Trd, 259094.100, 119
Trd, 259094.117, 122
Trd, 259094.150, 116
Trd, 259094.350, 117
Trd, 259094.550, 117
Trd, 259094.783, 107
Trd, 259095.050, 99
Trd, 259095.400, 124
Trd, 259095.650, 105
Trd, 259095.733, 88
Trd, 259095.750, 87
Trd, 259096.017, 81
Trd, 259096.267, 88
Trd, 259096.567, 77
Trd, 259096.717, 96
Trd, 259096.783, 97
Trd, 259096.883, 74
Trd, 259097.050, 73
Trd, 259097.300, 61
Trd, 259097.700, 67
Trd, 259098.283, 67
Trd, 259098.317, 70
Trd, 259098.533, 75
Trd, 259098.617, 84
Trd, 259098.667, 65
Trd, 259098.817, 64
Trd, 259099.050, 80
Trd, 259099.133, 89
Trd, 259099.217, 83
Trd, 259100.017, 119
Trd, 259100.100, 112
Trd, 259100.433, 110
Trd, 259100.533, 123
Trd, 259100.550, 108
Trd, 259100.950, 97
Trd, 259101.067, 96
Trd, 259101.400, 83
Trd, 259101.767, 92
Trd, 259101.983, 112
Trd, 259102.700, 122
Trd, 259102.800, 121
Trd, 259102.850, 110
Trd, 259102.883, 101
Trd, 259103.167, 116
Trd, 259103.267, 115
Trd, 259103.550, 97
Trd, 259103.633, 131
Trd, 259103.683, 123
Trd, 259103.917, 94
Trd, 259104.283, 124
Trd, 259104.400, 112
Trd, 259104.550, 106
Trd, 259104.767, 109
Trd, 259105.417, 134
Trd, 259105.467, 130
Trd, 259105.500, 116
Trd, 259106.000, 103
Trd, 259106.750, 114
Trd, 259106.967, 108
Trd, 259107.167, 124
Trd, 259107.183, 121
Trd, 259107.250, 104
Trd, 259108.000, 133
Trd, 259108.733, 132
Trd, 259109.183, 129
Trd, 259109.283, 129
Trd, 259109.333, 128
Trd, 259109.617, 124
Trd, 259109.650, 120
Trd, 259109.817, 133
Trd, 259110.067, 104
Trd, 259110.183, 102
Trd, 259110.350, 133
Trd, 259110.367, 116
Trd, 259110.500, 95
Trd, 259110.767, 117
Trd, 259111.150, 107
Trd, 259111.483, 140
Trd, 259111.600, 128
Trd, 259111.667, 103
Trd, 259112.117, 131
Trd, 259112.717, 125
Trd, 259112.783, 124
Trd, 259112.850, 105
Trd, 259112.933, 92
Trd, 259113.133, 127
Trd, 259113.383, 102
Trd, 259113.433, 101
Trd, 259113.850, 126
Trd, 259114.100, 116
Trd, 259114.217, 93
Trd, 259114.500, 91
Trd, 259114.733, 133
Trd, 259115.033, 138
Trd, 259115.117, 112
Trd, 259115.267, 97
Trd, 259115.383, 92
Trd, 259115.800, 109
Trd, 259115.917, 109
Trd, 259116.167, 97
Trd, 259116.267, 89
Trd, 259116.950, 136
Trd, 259117.100, 124
Trd, 259117.183, 123
Trd, 259117.917, 111
Trd, 259118.050, 101
Trd, 259118.217, 120
Trd, 259118.500, 98
Trd, 259118.567, 112
Trd, 259118.683, 97
Trd, 259119.200, 111
Trd, 259119.300, 109
Trd, 259119.900, 116
Trd, 259120.383, 138
Trd, 259120.400, 115
Trd, 259120.550, 113
Trd, 259120.700, 131
Trd, 259120.717, 130
Trd, 259121.017, 129
Trd, 259121.217, 123
Trd, 259121.500, 120
Trd, 259121.533, 115
Trd, 259121.700, 106
Trd, 259121.767, 134
Trd, 259122.217, 140
Trd, 259122.333, 139
Trd, 259122.400, 131
Trd, 259122.633, 136
Trd, 259122.883, 135
Trd, 259123.583, 117
Trd, 259123.850, 116
Trd, 259123.883, 116
Trd, 259124.067, 134
Trd, 259124.217, 116
Trd, 259124.750, 116
Trd, 259124.833, 111
Trd, 259125.150, 110
Trd, 259125.183, 125
Trd, 259125.417, 125
Trd, 259125.533, 118
Trd, 259125.617, 121
Trd, 259125.683, 118
Trd, 259125.733, 117
Trd, 259126.283, 137
Trd, 259126.350, 117
Trd, 259126.500, 116
Trd, 259126.800, 129
Trd, 259127.033, 128
Trd, 259127.083, 105
Trd, 259127.700, 103
Trd, 259127.983, 118
Trd, 259128.083, 102
Trd, 259128.267, 138
Trd, 259128.433, 131
Trd, 259128.967, 106
Trd, 259129.067, 102
Trd, 259129.083, 109
Trd, 259129.350, 126
Trd, 259129.433, 123
Trd, 259129.767, 106
Trd, 259130.283, 131
Trd, 259130.783, 111
Trd, 259130.850, 110
Trd, 259131.050, 132
Trd, 259131.167, 119
Trd, 259131.350, 118
Trd, 259131.550, 125
Trd, 259131.717, 107
Trd, 259131.750, 125
Trd, 259132.733, 129
Trd, 259132.867, 109
Trd, 259132.983, 106
Trd, 259133.017, 102
Trd, 259133.100, 132
Trd, 259133.117, 100
Trd, 259133.633, 100
Trd, 259133.783, 99
Trd, 259134.033, 102
Trd, 259134.067, 125
Trd, 259134.167, 125
Trd, 259134.883, 138
Trd, 259134.900, 102
Trd, 259135.583, 100
Trd, 259135.600, 102
Trd, 259135.733, 105
Trd, 259135.800, 98
Trd, 259135.950, 106
Trd, 259136.017, 98
Trd, 259136.250, 97
Trd, 259136.417, 118
Trd, 259136.700, 97
Trd, 259136.867, 96
Trd, 259137.017, 93
Trd, 259137.467, 99
Trd, 259137.617, 85
Trd, 259137.767, 96
Trd, 259137.917, 94
Trd, 259138.333, 99
Trd, 259138.533, 87
Trd, 259138.567, 83
Trd, 259138.733, 100
Trd, 259138.750, 108
Trd, 259138.933, 104
Trd, 259139.183, 120
Trd, 259139.417, 111
Trd, 259139.483, 116
Trd, 259139.667, 113
Trd, 259139.983, 110
Trd, 259140.550, 111
Trd, 259140.667, 111
Trd, 259140.750, 130
Trd, 259141.250, 136
Trd, 259141.517, 116
Trd, 259141.783, 115
Trd, 259141.850, 113
Trd, 259142.033, 107
Trd, 259143.333, 135
Trd, 259143.367, 134
Trd, 259143.500, 131
Trd, 259143.767, 117
Trd, 259143.833, 105
Trd, 259144.000, 82
Trd, 259144.833, 88
Trd, 259144.967, 79
Trd, 259145.217, 87
Trd, 259145.300, 80
Trd, 259145.317, 79
Trd, 259145.333, 102
Trd, 259145.417, 113
Trd, 259145.900, 86
Trd, 259146.583, 118
Trd, 259146.667, 117
Trd, 259146.767, 117
Trd, 259146.800, 116
Trd, 259147.567, 120
Trd, 259147.633, 120
Trd, 259147.717, 118
Trd, 259147.800, 115
Trd, 259147.833, 131
Trd, 259148.017, 109
Trd, 259148.117, 118
Trd, 259148.633, 129
Trd, 259148.700, 131
Trd, 259148.933, 124
Trd, 259149.217, 135
Trd, 259149.767, 134
Trd, 259149.833, 135
Trd, 259149.967, 132
Trd, 259150.017, 131
Trd, 259150.100, 127
Trd, 259150.167, 124
Trd, 259150.333, 131
Trd, 259151.150, 126
Trd, 259151.167, 111
Trd, 259152.250, 140
Trd, 259152.283, 132
Trd, 259152.433, 132
Trd, 259153.233, 138
Trd, 259153.333, 137
Trd, 259153.433, 138
Trd, 259153.817, 132
Trd, 259153.833, 131
Trd, 259154.200, 133
Trd, 259154.300, 130
Trd, 259154.483, 130
Trd, 259154.567, 136
Trd, 259154.650, 131
Trd, 259154.800, 129
Trd, 259155.183, 133
Trd, 259155.233, 118
Trd, 259155.333, 105
Trd, 259155.700, 132
Trd, 259156.383, 112
Trd, 259156.617, 131
Trd, 259156.683, 131
Trd, 259156.817, 125
Trd, 259157.050, 106
Trd, 259157.317, 127
Trd, 259157.617, 125
Trd, 259157.717, 107
Trd, 259157.733, 104
Trd, 259158.033, 123
Trd, 259158.050, 117
Trd, 259158.133, 112
Trd, 259158.483, 122
Trd, 259158.700, 119
Trd, 259158.733, 114
Trd, 259158.750, 97
Trd, 259159.100, 111
Trd, 259159.150, 110
Trd, 259159.367, 127
Trd, 259159.567, 131
Trd, 259160.000, 121
Trd, 259160.200, 120
Trd, 259160.267, 119
Trd, 259161.167, 140
Trd, 259161.283, 140
Trd, 259161.467, 140
Trd, 259161.950, 140
Trd, 259161.983, 140
Trd, 259162.067, 136
Trd, 259162.117, 134
Trd, 259162.217, 119
Trd, 259162.533, 113
Trd, 259162.767, 110
Trd, 259162.783, 109
Trd, 259162.917, 115
Trd, 259163.083, 107
Trd, 259163.417, 99
Trd, 259163.533, 131
Trd, 259163.650, 88
Trd, 259163.883, 128
Trd, 259164.183, 98
Trd, 259164.933, 124
Trd, 259164.967, 121
Trd, 259165.033, 117
Trd, 259165.450, 128
Trd, 259165.550, 129
Trd, 259165.717, 114
Trd, 259165.800, 112
Trd, 259165.817, 130
Trd, 259165.967, 100
Trd, 259166.717, 103
Trd, 259167.617, 104
Trd, 259167.733, 104
Trd, 259167.950, 105
Trd, 259168.167, 133
Trd, 259168.317, 132
Trd, 259168.817, 136
Trd, 259169.117, 135
Trd, 259169.233, 107
Trd, 259169.267, 106
Trd, 259169.467, 102
Trd, 259169.550, 89
Trd, 259169.700, 109
Trd, 259169.950, 118
Trd, 259170.117, 96
Trd, 259170.317, 95
Trd, 259170.483, 107
Trd, 259170.783, 92
Trd, 259171.567, 128
Trd, 259171.700, 128
Trd, 259171.900, 113
Trd, 259172.433, 87
Trd, 259172.500, 88
Trd, 259172.617, 86
Trd, 259172.650, 126
Trd, 259172.850, 116
Trd, 259172.917, 88
Trd, 259173.233, 116
Trd, 259173.317, 90
Trd, 259173.367, 84
Trd, 259173.550, 135
Trd, 259174.100, 126
Trd, 259174.267, 111
Trd, 259174.483, 110
Trd, 259174.550, 104
Trd, 259175.050, 104
Trd, 259175.767, 117
Trd, 259175.833, 109
Trd, 259176.067, 108
Trd, 259176.167, 111
Trd, 259176.467, 117
Trd, 259176.717, 118
Trd, 259176.917, 107
Trd, 259177.150, 100
Trd, 259177.317, 120
Trd, 259177.700, 118
Trd, 259178.017, 110
Trd, 259178.300, 137
Trd, 259178.383, 136
Trd, 259178.533, 120
Trd, 259179.000, 114
Trd, 259179.017, 119
Trd, 259179.083, 113
Trd, 259179.217, 130
Trd, 259179.350, 111
Trd, 259179.583, 100
Trd, 259179.933, 101
Trd, 259180.050, 111
Trd, 259180.150, 89
Trd, 259180.800, 140
Trd, 259181.033, 140
Trd, 259181.383, 137
Trd, 259181.767, 117
Trd, 259181.783, 115
Trd, 259181.833, 124
Trd, 259181.900, 116
Trd, 259182.250, 122
Trd, 259182.967, 133
Trd, 259183.200, 132
Trd, 259183.467, 134
Trd, 259183.800, 123
Trd, 259184.017, 113
Trd, 259184.233, 112
Trd, 259184.800, 112
Trd, 259185.017, 111
Trd, 259185.050, 108
Trd, 259185.067, 116
Trd, 259185.267, 117
Trd, 259185.283, 104
Trd, 259185.650, 119
Trd, 259185.667, 118
Trd, 259186.300, 125
Trd, 259186.583, 121
Trd, 259186.617, 115
Trd, 259187.067, 129
Trd, 259187.250, 127
Trd, 259187.500, 131
Trd, 259187.850, 120
Trd, 259187.883, 118
Trd, 259189.183, 140
Trd, 259189.250, 137
Trd, 259189.533, 139
Trd, 259189.750, 131
Trd, 259190.067, 123
Trd, 259190.150, 124
Trd, 259190.183, 122
Trd, 259190.383, 129
Trd, 259190.500, 121
Trd, 259190.667, 130
Trd, 259190.850, 115
Trd, 259190.933, 114
Trd, 259191.067, 113
Trd, 259191.233, 100
Trd, 259191.383, 120
Trd, 259191.500, 93
Trd, 259191.950, 126
Trd, 259192.017, 121
Trd, 259192.033, 92
Trd, 259192.367, 91
Trd, 259192.517, 92
Trd, 259192.533, 100
Trd, 259192.883, 86
Trd, 259192.967, 112
Trd, 259193.000, 84
Trd, 259193.567, 112
Trd, 259193.883, 72
Trd, 259194.117, 140
Trd, 259194.217, 83
Trd, 259194.550, 117
Trd, 259194.567, 111
Trd, 259194.967, 132
Trd, 259195.317, 131
Trd, 259195.900, 130
Trd, 259196.000, 130
Trd, 259196.517, 130
Trd, 259196.683, 131
Trd, 259196.750, 129
Trd, 259196.833, 130
Trd, 259197.167, 135
Trd, 259197.233, 134
Trd, 259197.367, 137
Trd, 259197.400, 133
Trd, 259197.417, 129
Trd, 259197.967, 116
Trd, 259198.700, 126
Trd, 259199.017, 112
Trd, 259199.050, 111
Trd, 259199.150, 128
Trd, 259199.600, 127
Trd, 259199.617, 101
Trd, 259199.667, 98
