Trd, 258591.567, 140
Trd, 258591.733, 140
Trd, 258591.950, 140
Trd, 258592.233, 140
Trd, 258592.350, 140
Trd, 258592.367, 140
Trd, 258592.400, 140
Trd, 258592.533, 140
Trd, 258592.700, 140
Trd, 258592.783, 140
Trd, 258592.850, 140
Trd, 258592.867, 140
Trd, 258592.900, 140
Trd, 258593.017, 137
Trd, 258593.483, 139
Trd, 258593.617, 139
Trd, 258593.767, 140
Trd, 258594.183, 138
Trd, 258594.467, 140
Trd, 258594.550, 140
Trd, 258594.717, 140
Trd, 258594.750, 140
Trd, 258594.767, 139
Trd, 258595.200, 140
Trd, 258595.233, 138
Trd, 258595.267, 137
Trd, 258595.467, 133
Trd, 258595.750, 137
Trd, 258595.900, 129
Trd, 258595.983, 129
Trd, 258596.133, 140
Trd, 258596.233, 139
Trd, 258596.333, 128
Trd, 258596.467, 103
Trd, 258596.567, 101
Trd, 258596.983, 112
Trd, 258597.217, 99
Trd, 258597.333, 115
Trd, 258597.433, 101
Trd, 258597.750, 60
Trd, 258597.817, 116
Trd, 258598.033, 117
Trd, 258598.100, 125
Trd, 258598.750, 61
Trd, 258598.900, 109
Trd, 258598.917, 110
Trd, 258599.817, 109
Trd, 258599.883, 111
Trd, 258599.967, 109
Trd, 258600.083, 108
Trd, 258600.367, 110
Trd, 258600.767, 111
Trd, 258600.867, 110
Trd, 258600.967, 107
Trd, 258601.333, 109
Trd, 258601.400, 113
Trd, 258601.600, 109
Trd, 258601.650, 119
Trd, 258601.950, 140
Trd, 258602.267, 140
Trd, 258602.567, 140
Trd, 258602.717, 140
Trd, 258603.017, 140
Trd, 258603.083, 140
Trd, 258603.167, 140
Trd, 258603.333, 140
Trd, 258603.617, 139
Trd, 258603.700, 137
Trd, 258603.767, 130
Trd, 258603.950, 139
Trd, 258603.983, 115
Trd, 258604.300, 100
Trd, 258604.317, 138
Trd, 258604.667, 135
Trd, 258604.750, 137
Trd, 258604.983, 140
Trd, 258605.333, 140
Trd, 258605.767, 138
Trd, 258606.100, 139
Trd, 258606.150, 137
Trd, 258606.383, 135
Trd, 258606.417, 138
Trd, 258606.483, 113
Trd, 258607.000, 140
Trd, 258607.083, 140
Trd, 258607.150, 140
Trd, 258607.300, 140
Trd, 258607.333, 140
Trd, 258608.083, 140
Trd, 258608.167, 139
Trd, 258608.483, 140
Trd, 258608.950, 140
Trd, 258608.983, 140
Trd, 258609.050, 139
Trd, 258609.317, 140
Trd, 258609.383, 140
Trd, 258609.433, 139
Trd, 258609.783, 139
Trd, 258610.017, 128
Trd, 258610.633, 140
Trd, 258610.783, 140
Trd, 258611.083, 140
Trd, 258611.350, 138
Trd, 258611.650, 133
Trd, 258611.817, 134
Trd, 258611.900, 133
Trd, 258612.167, 132
Trd, 258612.283, 135
Trd, 258612.450, 134
Trd, 258612.483, 136
Trd, 258612.817, 133
Trd, 258612.833, 125
Trd, 258612.917, 135
Trd, 258612.967, 137
Trd, 258613.033, 123
Trd, 258613.100, 119
Trd, 258613.800, 62
Trd, 258613.933, 66
Trd, 258614.050, 65
Trd, 258614.200, 65
Trd, 258614.283, 67
Trd, 258614.383, 63
Trd, 258614.500, 66
Trd, 258614.550, 67
Trd, 258614.633, 68
Trd, 258614.967, 63
Trd, 258615.183, 68
Trd, 258615.417, 61
Trd, 258615.433, 77
Trd, 258615.633, 118
Trd, 258615.650, 129
Trd, 258615.967, 111
Trd, 258616.300, 112
Trd, 258616.433, 111
Trd, 258617.183, 140
Trd, 258617.383, 140
Trd, 258617.500, 139
Trd, 258618.550, 140
Trd, 258619.017, 140
Trd, 258619.200, 140
Trd, 258620.067, 140
Trd, 258620.183, 140
Trd, 258620.467, 140
Trd, 258620.817, 140
Trd, 258620.900, 140
Trd, 258621.250, 140
Trd, 258621.383, 140
Trd, 258621.550, 140
Trd, 258621.583, 140
Trd, 258621.800, 140
Trd, 258621.833, 140
Trd, 258622.317, 140
Trd, 258622.417, 140
Trd, 258622.450, 140
Trd, 258622.467, 140
Trd, 258622.483, 140
Trd, 258622.600, 139
Trd, 258622.800, 139
Trd, 258622.900, 140
Trd, 258622.950, 139
Trd, 258623.317, 140
Trd, 258623.417, 140
Trd, 258623.483, 139
Trd, 258623.583, 140
Trd, 258623.683, 138
Trd, 258624.083, 138
Trd, 258624.383, 140
Trd, 258624.517, 139
Trd, 258624.817, 140
Trd, 258625.150, 140
Trd, 258625.200, 140
Trd, 258625.350, 137
Trd, 258625.367, 135
Trd, 258625.400, 130
Trd, 258625.517, 132
Trd, 258625.617, 132
Trd, 258625.850, 140
Trd, 258626.033, 133
Trd, 258626.250, 132
Trd, 258626.550, 140
Trd, 258626.617, 129
Trd, 258626.767, 140
Trd, 258626.900, 131
Trd, 258627.433, 111
Trd, 258627.450, 109
Trd, 258627.500, 140
Trd, 258627.733, 98
Trd, 258627.900, 98
Trd, 258628.050, 134
Trd, 258628.133, 135
Trd, 258628.467, 138
Trd, 258628.833, 139
Trd, 258628.867, 140
Trd, 258629.167, 135
Trd, 258629.267, 132
Trd, 258629.317, 122
Trd, 258629.767, 120
Trd, 258629.817, 119
Trd, 258629.917, 121
Trd, 258630.133, 94
Trd, 258630.450, 93
Trd, 258630.667, 123
Trd, 258631.000, 100
Trd, 258631.233, 100
Trd, 258631.817, 89
Trd, 258631.933, 98
Trd, 258631.967, 86
Trd, 258632.033, 99
Trd, 258632.100, 86
Trd, 258632.217, 100
Trd, 258632.383, 101
Trd, 258632.433, 99
Trd, 258632.700, 90
Trd, 258632.983, 139
Trd, 258633.067, 139
Trd, 258633.183, 91
Trd, 258633.867, 140
Trd, 258634.217, 140
Trd, 258634.633, 140
Trd, 258635.467, 140
Trd, 258635.533, 140
Trd, 258635.550, 140
Trd, 258635.633, 140
Trd, 258635.700, 140
Trd, 258636.200, 140
Trd, 258636.283, 140
Trd, 258636.300, 140
Trd, 258636.633, 139
Trd, 258636.717, 139
Trd, 258636.733, 139
Trd, 258637.350, 140
Trd, 258637.617, 140
Trd, 258637.983, 140
Trd, 258638.033, 140
Trd, 258638.283, 140
Trd, 258638.317, 140
Trd, 258638.417, 140
Trd, 258638.567, 140
Trd, 258638.683, 140
Trd, 258638.717, 140
Trd, 258638.900, 140
Trd, 258639.150, 138
Trd, 258639.267, 138
Trd, 258639.850, 138
Trd, 258639.967, 135
Trd, 258640.283, 128
Trd, 258640.633, 140
Trd, 258640.750, 140
Trd, 258641.100, 139
Trd, 258641.117, 137
Trd, 258641.800, 140
Trd, 258642.233, 140
Trd, 258642.267, 140
Trd, 258642.300, 140
Trd, 258642.350, 140
Trd, 258642.517, 140
Trd, 258642.533, 140
Trd, 258642.550, 140
Trd, 258642.700, 138
Trd, 258643.267, 140
Trd, 258643.283, 114
Trd, 258643.517, 139
Trd, 258644.483, 140
Trd, 258644.567, 140
Trd, 258644.850, 140
Trd, 258644.883, 140
Trd, 258644.900, 139
Trd, 258645.050, 139
Trd, 258645.550, 139
Trd, 258645.867, 140
Trd, 258645.967, 133
Trd, 258646.283, 134
Trd, 258646.383, 132
Trd, 258646.833, 140
Trd, 258647.100, 140
Trd, 258647.150, 139
Trd, 258647.217, 113
Trd, 258647.300, 132
Trd, 258647.683, 137
Trd, 258647.717, 138
Trd, 258647.917, 134
Trd, 258648.033, 91
Trd, 258648.217, 101
Trd, 258648.967, 140
Trd, 258649.033, 140
Trd, 258649.400, 140
Trd, 258649.500, 140
Trd, 258649.733, 140
Trd, 258649.883, 140
Trd, 258649.967, 140
Trd, 258650.150, 140
Trd, 258650.350, 140
Trd, 258650.583, 140
Trd, 258650.617, 140
Trd, 258651.017, 140
Trd, 258651.517, 140
Trd, 258651.833, 140
Trd, 258652.400, 140
Trd, 258652.767, 140
Trd, 258653.117, 140
Trd, 258653.217, 140
Trd, 258653.800, 140
Trd, 258653.917, 140
Trd, 258653.983, 139
Trd, 258654.033, 138
Trd, 258654.067, 138
Trd, 258654.617, 133
Trd, 258655.017, 128
Trd, 258655.200, 105
Trd, 258655.517, 105
Trd, 258655.817, 132
Trd, 258655.983, 132
Trd, 258656.100, 133
Trd, 258656.433, 137
Trd, 258656.583, 140
Trd, 258656.833, 140
Trd, 258657.317, 140
Trd, 258657.767, 140
Trd, 258657.867, 140
Trd, 258657.950, 140
Trd, 258658.000, 140
Trd, 258658.450, 140
Trd, 258658.900, 140
Trd, 258659.017, 140
Trd, 258659.617, 140
Trd, 258659.717, 140
Trd, 258660.217, 140
Trd, 258660.283, 140
Trd, 258660.517, 140
Trd, 258660.750, 140
Trd, 258660.967, 140
Trd, 258661.050, 140
Trd, 258661.133, 140
Trd, 258661.450, 140
Trd, 258661.567, 139
Trd, 258661.667, 137
Trd, 258661.950, 138
Trd, 258662.433, 140
Trd, 258662.567, 140
Trd, 258662.983, 140
Trd, 258663.300, 140
Trd, 258663.333, 140
Trd, 258663.450, 138
Trd, 258663.650, 140
Trd, 258663.817, 134
Trd, 258664.117, 132
Trd, 258664.217, 136
Trd, 258664.250, 132
Trd, 258664.367, 132
Trd, 258664.517, 137
Trd, 258664.617, 140
Trd, 258664.633, 133
Trd, 258664.683, 131
Trd, 258664.717, 106
Trd, 258665.317, 140
Trd, 258665.500, 140
Trd, 258665.983, 140
Trd, 258666.117, 140
Trd, 258666.333, 140
Trd, 258666.600, 140
Trd, 258666.833, 139
Trd, 258666.917, 140
Trd, 258667.000, 138
Trd, 258667.617, 139
Trd, 258667.967, 140
Trd, 258668.033, 140
Trd, 258668.733, 140
Trd, 258668.850, 140
Trd, 258668.883, 140
Trd, 258668.983, 140
Trd, 258669.383, 140
Trd, 258669.700, 140
Trd, 258669.800, 140
Trd, 258669.983, 140
Trd, 258670.400, 140
Trd, 258670.617, 140
Trd, 258670.733, 140
Trd, 258670.933, 140
Trd, 258670.950, 140
Trd, 258671.183, 140
Trd, 258671.367, 140
Trd, 258671.700, 140
Trd, 258671.733, 140
Trd, 258671.967, 140
Trd, 258671.983, 140
Trd, 258672.000, 140
Trd, 258672.333, 140
Trd, 258672.633, 140
Trd, 258673.167, 140
Trd, 258673.317, 138
Trd, 258673.783, 140
Trd, 258674.033, 140
Trd, 258674.133, 136
Trd, 258674.350, 139
Trd, 258674.483, 135
Trd, 258674.517, 134
Trd, 258674.717, 140
Trd, 258675.533, 140
Trd, 258675.700, 140
Trd, 258675.750, 140
Trd, 258675.933, 140
Trd, 258676.233, 137
Trd, 258676.250, 132
Trd, 258676.433, 127
Trd, 258676.550, 120
Trd, 258677.667, 140
Trd, 258678.133, 140
Trd, 258678.317, 140
Trd, 258678.333, 140
Trd, 258678.633, 140
Trd, 258678.667, 140
Trd, 258678.717, 140
Trd, 258678.733, 140
Trd, 258678.833, 140
Trd, 258678.917, 140
Trd, 258679.083, 140
Trd, 258679.200, 140
Trd, 258679.333, 140
Trd, 258679.350, 138
Trd, 258679.600, 139
Trd, 258681.100, 140
Trd, 258681.483, 140
Trd, 258681.583, 140
Trd, 258681.633, 140
Trd, 258681.650, 140
Trd, 258681.767, 140
Trd, 258681.950, 140
Trd, 258682.450, 140
Trd, 258682.533, 140
Trd, 258682.667, 140
Trd, 258682.917, 140
Trd, 258683.033, 140
Trd, 258683.117, 139
Trd, 258683.200, 139
Trd, 258683.467, 139
Trd, 258683.550, 139
Trd, 258683.633, 139
Trd, 258683.717, 138
Trd, 258683.733, 132
Trd, 258683.883, 103
Trd, 258684.133, 140
Trd, 258684.217, 137
Trd, 258684.333, 137
Trd, 258684.533, 135
Trd, 258685.183, 140
Trd, 258685.283, 140
Trd, 258686.117, 140
Trd, 258686.433, 140
Trd, 258686.683, 140
Trd, 258686.933, 140
Trd, 258687.617, 140
Trd, 258687.683, 139
Trd, 258687.700, 138
Trd, 258687.717, 137
Trd, 258688.267, 140
Trd, 258688.517, 135
Trd, 258688.633, 133
Trd, 258688.933, 134
Trd, 258689.100, 139
Trd, 258689.233, 140
Trd, 258689.717, 139
Trd, 258690.000, 139
Trd, 258690.017, 133
Trd, 258690.133, 132
Trd, 258690.350, 123
Trd, 258690.517, 134
Trd, 258690.583, 105
Trd, 258690.733, 135
Trd, 258690.750, 101
Trd, 258690.933, 136
Trd, 258691.300, 140
Trd, 258691.383, 140
Trd, 258691.433, 140
Trd, 258691.533, 101
Trd, 258691.783, 137
Trd, 258692.017, 139
Trd, 258692.750, 140
Trd, 258693.183, 140
Trd, 258693.367, 140
Trd, 258693.417, 140
Trd, 258693.450, 140
Trd, 258693.533, 140
Trd, 258693.583, 140
Trd, 258693.717, 140
Trd, 258694.000, 140
Trd, 258694.117, 140
Trd, 258694.283, 139
Trd, 258694.500, 138
Trd, 258694.783, 127
Trd, 258694.867, 126
Trd, 258696.017, 140
Trd, 258696.150, 140
Trd, 258696.567, 140
Trd, 258696.667, 140
Trd, 258696.950, 140
Trd, 258697.017, 139
Trd, 258697.150, 140
Trd, 258697.350, 140
Trd, 258697.533, 139
Trd, 258697.617, 137
Trd, 258697.917, 140
Trd, 258698.467, 140
Trd, 258698.533, 140
Trd, 258698.567, 140
Trd, 258698.683, 140
Trd, 258698.783, 140
Trd, 258699.017, 140
Trd, 258699.233, 140
Trd, 258699.700, 140
Trd, 258699.783, 132
Trd, 258700.150, 136
Trd, 258700.233, 117
Trd, 258700.517, 140
Trd, 258700.933, 140
Trd, 258701.217, 140
Trd, 258701.267, 140
Trd, 258701.317, 140
Trd, 258701.400, 140
Trd, 258701.417, 140
Trd, 258701.433, 139
Trd, 258701.700, 139
Trd, 258701.900, 138
Trd, 258702.050, 136
Trd, 258702.267, 140
Trd, 258702.367, 137
Trd, 258703.200, 140
Trd, 258703.483, 140
Trd, 258703.550, 140
Trd, 258703.633, 140
Trd, 258703.700, 140
Trd, 258704.117, 138
Trd, 258704.167, 137
Trd, 258704.250, 132
Trd, 258704.300, 132
Trd, 258704.367, 131
Trd, 258704.633, 130
Trd, 258704.867, 135
Trd, 258704.983, 128
Trd, 258705.383, 140
Trd, 258705.517, 140
Trd, 258705.917, 140
Trd, 258706.133, 140
Trd, 258706.317, 140
Trd, 258706.400, 140
Trd, 258706.917, 140
Trd, 258706.933, 139
Trd, 258707.500, 140
Trd, 258707.917, 140
Trd, 258707.983, 140
Trd, 258708.317, 140
Trd, 258708.383, 140
Trd, 258708.600, 140
Trd, 258708.733, 139
Trd, 258708.983, 139
Trd, 258709.283, 140
Trd, 258709.300, 140
Trd, 258709.417, 139
Trd, 258709.433, 139
Trd, 258709.900, 140
Trd, 258709.917, 140
Trd, 258709.950, 139
Trd, 258710.000, 137
Trd, 258710.033, 135
Trd, 258710.567, 137
Trd, 258711.333, 132
Trd, 258711.450, 123
Trd, 258711.500, 135
Trd, 258711.550, 122
Trd, 258711.767, 118
Trd, 258711.983, 118
Trd, 258712.183, 112
Trd, 258712.200, 90
Trd, 258712.350, 135
Trd, 258712.500, 139
Trd, 258713.217, 140
Trd, 258714.233, 140
Trd, 258714.550, 140
Trd, 258714.683, 140
Trd, 258714.817, 140
Trd, 258714.967, 140
Trd, 258715.433, 140
Trd, 258715.933, 139
Trd, 258715.950, 138
Trd, 258716.217, 138
Trd, 258716.283, 139
Trd, 258716.517, 138
Trd, 258717.317, 140
Trd, 258717.617, 140
Trd, 258717.633, 139
Trd, 258717.683, 139
Trd, 258717.717, 138
Trd, 258718.017, 140
Trd, 258718.367, 140
Trd, 258718.383, 140
Trd, 258718.400, 139
Trd, 258718.717, 140
Trd, 258719.050, 140
Trd, 258719.267, 139
Trd, 258720.183, 140
Trd, 258720.233, 140
Trd, 258720.483, 140
Trd, 258720.550, 140
Trd, 258721.117, 140
Trd, 258721.417, 140
Trd, 258721.733, 140
Trd, 258721.800, 140
Trd, 258721.883, 140
Trd, 258722.100, 140
Trd, 258722.367, 140
Trd, 258722.417, 140
Trd, 258722.450, 140
Trd, 258722.467, 140
Trd, 258722.950, 140
Trd, 258723.000, 140
Trd, 258723.033, 140
Trd, 258723.267, 140
Trd, 258723.383, 139
Trd, 258723.683, 139
Trd, 258723.800, 138
Trd, 258724.567, 140
Trd, 258724.583, 140
Trd, 258724.767, 138
Trd, 258724.867, 138
Trd, 258725.083, 140
Trd, 258725.133, 140
Trd, 258725.267, 140
Trd, 258725.367, 140
Trd, 258725.617, 140
Trd, 258725.883, 140
Trd, 258725.933, 140
Trd, 258726.017, 140
Trd, 258726.250, 140
Trd, 258726.383, 140
Trd, 258726.550, 140
Trd, 258726.567, 140
Trd, 258726.683, 140
Trd, 258726.700, 132
Trd, 258726.767, 117
Trd, 258726.783, 115
Trd, 258726.833, 139
Trd, 258727.533, 140
Trd, 258728.083, 140
Trd, 258728.150, 126
Trd, 258728.700, 140
Trd, 258728.733, 139
Trd, 258728.900, 140
Trd, 258729.250, 139
Trd, 258729.433, 140
Trd, 258729.950, 140
Trd, 258730.000, 140
Trd, 258730.150, 140
Trd, 258730.383, 140
Trd, 258730.500, 140
Trd, 258730.617, 140
Trd, 258730.633, 140
Trd, 258730.833, 140
Trd, 258731.117, 140
Trd, 258731.233, 140
Trd, 258731.733, 140
Trd, 258732.400, 140
Trd, 258733.067, 140
Trd, 258733.333, 140
Trd, 258733.400, 140
Trd, 258733.600, 140
Trd, 258733.633, 140
Trd, 258733.650, 140
Trd, 258733.933, 139
Trd, 258734.083, 140
Trd, 258734.150, 139
Trd, 258734.350, 140
Trd, 258734.583, 138
Trd, 258734.850, 139
Trd, 258735.067, 140
Trd, 258735.250, 139
Trd, 258735.400, 138
Trd, 258736.050, 140
Trd, 258736.167, 140
Trd, 258736.217, 140
Trd, 258736.350, 140
Trd, 258736.750, 140
Trd, 258737.117, 140
Trd, 258737.300, 140
Trd, 258738.033, 140
Trd, 258738.167, 140
Trd, 258738.317, 140
Trd, 258738.433, 140
Trd, 258738.500, 132
Trd, 258739.400, 140
Trd, 258739.517, 140
Trd, 258739.983, 140
Trd, 258740.167, 140
Trd, 258740.467, 140
Trd, 258740.483, 140
Trd, 258740.817, 140
Trd, 258740.967, 139
Trd, 258740.983, 140
Trd, 258741.233, 140
Trd, 258741.267, 140
Trd, 258741.667, 139
Trd, 258741.783, 132
Trd, 258741.900, 140
Trd, 258742.467, 140
Trd, 258742.900, 140
Trd, 258743.033, 140
Trd, 258743.167, 134
Trd, 258743.183, 123
Trd, 258743.317, 140
Trd, 258743.483, 137
Trd, 258743.967, 138
Trd, 258744.167, 112
Trd, 258744.317, 130
Trd, 258744.483, 138
Trd, 258744.750, 140
Trd, 258744.917, 140
Trd, 258745.267, 140
Trd, 258745.550, 140
Trd, 258745.617, 140
Trd, 258746.417, 140
Trd, 258746.567, 140
Trd, 258746.733, 140
Trd, 258747.617, 140
Trd, 258747.700, 140
Trd, 258747.933, 140
Trd, 258748.333, 140
Trd, 258748.550, 140
Trd, 258748.750, 140
Trd, 258748.933, 140
Trd, 258749.033, 140
Trd, 258749.233, 140
Trd, 258749.333, 140
Trd, 258749.433, 140
Trd, 258749.833, 140
Trd, 258749.867, 139
Trd, 258750.550, 140
Trd, 258750.583, 140
Trd, 258750.767, 139
Trd, 258750.800, 140
Trd, 258750.867, 139
Trd, 258751.483, 140
Trd, 258751.600, 134
Trd, 258751.633, 137
Trd, 258751.983, 134
Trd, 258752.567, 140
Trd, 258752.817, 140
Trd, 258752.900, 140
Trd, 258753.500, 140
Trd, 258753.583, 140
Trd, 258753.617, 140
Trd, 258753.733, 140
Trd, 258753.817, 140
Trd, 258753.833, 140
Trd, 258753.850, 140
Trd, 258754.167, 138
Trd, 258754.200, 132
Trd, 258754.417, 139
Trd, 258754.483, 140
Trd, 258754.700, 140
Trd, 258754.867, 140
Trd, 258754.967, 139
Trd, 258755.133, 140
Trd, 258755.733, 140
Trd, 258755.767, 140
Trd, 258756.000, 140
Trd, 258756.017, 140
Trd, 258756.383, 140
Trd, 258756.567, 140
Trd, 258756.633, 140
Trd, 258756.833, 140
Trd, 258756.883, 140
Trd, 258757.217, 139
Trd, 258757.550, 130
Trd, 258758.133, 136
Trd, 258758.433, 129
Trd, 258758.833, 123
Trd, 258758.933, 104
Trd, 258759.200, 140
Trd, 258759.467, 140
Trd, 258759.567, 133
Trd, 258759.667, 139
Trd, 258760.783, 140
Trd, 258760.800, 140
Trd, 258761.017, 140
Trd, 258761.300, 140
Trd, 258761.317, 140
Trd, 258761.633, 140
Trd, 258761.700, 140
Trd, 258761.767, 140
Trd, 258761.917, 140
Trd, 258762.050, 140
Trd, 258762.133, 140
Trd, 258762.300, 140
Trd, 258762.900, 140
Trd, 258763.733, 140
Trd, 258763.783, 140
Trd, 258764.667, 140
Trd, 258764.767, 140
Trd, 258764.817, 140
Trd, 258764.950, 140
Trd, 258765.333, 140
Trd, 258765.450, 140
Trd, 258765.767, 140
Trd, 258765.850, 139
Trd, 258765.867, 139
Trd, 258765.917, 139
Trd, 258765.950, 137
Trd, 258767.517, 140
Trd, 258767.733, 140
Trd, 258767.817, 139
Trd, 258767.917, 137
Trd, 258768.100, 137
Trd, 258768.333, 134
Trd, 258768.633, 134
Trd, 258768.667, 132
Trd, 258768.783, 130
Trd, 258768.833, 126
Trd, 258768.867, 117
Trd, 258769.100, 133
Trd, 258769.433, 139
Trd, 258769.617, 102
Trd, 258769.750, 106
Trd, 258770.100, 140
Trd, 258770.317, 140
Trd, 258770.617, 140
Trd, 258771.417, 140
Trd, 258771.567, 140
Trd, 258771.583, 140
Trd, 258771.667, 140
Trd, 258771.833, 140
Trd, 258771.983, 139
Trd, 258772.167, 139
Trd, 258772.700, 140
Trd, 258772.783, 139
Trd, 258772.817, 138
Trd, 258773.067, 137
Trd, 258773.083, 139
Trd, 258773.283, 132
Trd, 258773.483, 137
Trd, 258774.267, 140
Trd, 258774.317, 140
Trd, 258774.417, 139
Trd, 258774.567, 138
Trd, 258774.850, 106
Trd, 258774.967, 138
Trd, 258775.350, 135
Trd, 258775.367, 136
Trd, 258775.450, 106
Trd, 258775.600, 107
Trd, 258775.700, 136
Trd, 258775.717, 111
Trd, 258776.250, 110
Trd, 258776.367, 113
Trd, 258776.583, 114
Trd, 258776.900, 115
Trd, 258777.100, 127
Trd, 258777.217, 115
Trd, 258777.300, 123
Trd, 258777.367, 116
Trd, 258777.567, 115
Trd, 258777.833, 113
Trd, 258777.850, 115
Trd, 258777.983, 112
Trd, 258778.133, 108
Trd, 258778.300, 62
Trd, 258778.367, 126
Trd, 258779.200, 61
Trd, 258779.250, 61
Trd, 258779.300, 62
Trd, 258779.333, 79
Trd, 258779.467, 112
Trd, 258779.533, 112
Trd, 258779.933, 129
Trd, 258779.983, 122
Trd, 258780.050, 111
Trd, 258780.267, 139
Trd, 258780.783, 60
Trd, 258780.900, 60
Trd, 258781.167, 60
Trd, 258781.200, 60
Trd, 258781.233, 60
Trd, 258781.250, 61
Trd, 258781.517, 64
Trd, 258782.000, 60
Trd, 258782.067, 60
Trd, 258782.200, 61
Trd, 258782.233, 64
Trd, 258782.367, 61
Trd, 258782.967, 62
Trd, 258783.300, 63
Trd, 258783.483, 65
Trd, 258783.950, 75
Trd, 258784.167, 68
Trd, 258784.267, 90
Trd, 258784.550, 70
Trd, 258784.683, 96
Trd, 258784.783, 97
Trd, 258784.933, 97
Trd, 258785.267, 71
Trd, 258785.417, 108
Trd, 258785.850, 137
Trd, 258785.867, 126
Trd, 258786.067, 108
Trd, 258786.650, 103
Trd, 258786.800, 102
Trd, 258786.883, 140
Trd, 258787.200, 140
Trd, 258787.767, 140
Trd, 258788.283, 140
Trd, 258788.467, 140
Trd, 258788.483, 140
Trd, 258788.683, 140
Trd, 258788.733, 140
Trd, 258789.333, 140
Trd, 258789.600, 140
Trd, 258789.683, 140
Trd, 258789.817, 139
Trd, 258789.883, 139
Trd, 258790.033, 140
Trd, 258790.300, 140
Trd, 258790.417, 139
Trd, 258790.450, 140
Trd, 258790.483, 139
Trd, 258790.817, 140
Trd, 258791.017, 140
Trd, 258791.417, 140
Trd, 258791.783, 140
Trd, 258791.933, 140
Trd, 258792.400, 140
Trd, 258792.850, 140
Trd, 258793.017, 139
Trd, 258793.217, 138
Trd, 258793.450, 137
Trd, 258793.483, 133
Trd, 258793.550, 136
Trd, 258793.633, 137
Trd, 258793.650, 140
Trd, 258793.683, 133
Trd, 258794.250, 140
Trd, 258794.417, 136
Trd, 258794.717, 134
Trd, 258794.817, 132
Trd, 258794.883, 131
Trd, 258795.283, 140
Trd, 258795.300, 125
Trd, 258796.083, 121
Trd, 258796.117, 120
Trd, 258796.550, 139
Trd, 258796.667, 140
Trd, 258798.033, 140
Trd, 258798.400, 140
Trd, 258798.650, 140
Trd, 258798.717, 140
Trd, 258798.817, 140
Trd, 258798.850, 140
Trd, 258799.150, 140
Trd, 258799.300, 140
Trd, 258799.500, 139
Trd, 258799.750, 140
Trd, 258799.833, 137
Trd, 258800.083, 139
Trd, 258800.133, 138
Trd, 258800.150, 137
Trd, 258800.283, 114
Trd, 258800.400, 140
Trd, 258800.583, 140
Trd, 258801.133, 140
Trd, 258801.800, 140
Trd, 258801.883, 140
Trd, 258802.183, 139
Trd, 258802.833, 140
Trd, 258802.900, 140
Trd, 258803.000, 140
Trd, 258803.167, 140
Trd, 258803.283, 139
Trd, 258803.350, 139
Trd, 258803.367, 138
Trd, 258803.967, 137
Trd, 258804.033, 138
Trd, 258804.467, 135
Trd, 258804.767, 139
Trd, 258805.100, 135
Trd, 258805.283, 135
Trd, 258805.317, 134
Trd, 258805.450, 129
Trd, 258805.517, 128
Trd, 258805.800, 117
Trd, 258805.883, 139
Trd, 258805.967, 116
Trd, 258806.133, 92
Trd, 258806.683, 138
Trd, 258806.833, 140
Trd, 258806.850, 138
Trd, 258806.883, 137
Trd, 258806.967, 112
Trd, 258807.333, 107
Trd, 258807.533, 137
Trd, 258807.700, 114
Trd, 258807.733, 138
Trd, 258808.100, 115
Trd, 258808.267, 138
Trd, 258808.583, 139
Trd, 258808.950, 140
Trd, 258809.933, 140
Trd, 258810.000, 140
Trd, 258810.067, 140
Trd, 258810.233, 140
Trd, 258810.283, 140
Trd, 258810.433, 140
Trd, 258810.733, 140
Trd, 258810.800, 140
Trd, 258810.883, 138
Trd, 258811.017, 133
Trd, 258811.167, 127
Trd, 258811.467, 140
Trd, 258811.733, 140
Trd, 258811.817, 139
Trd, 258812.133, 138
Trd, 258812.200, 131
Trd, 258812.550, 119
Trd, 258812.700, 139
Trd, 258813.450, 140
Trd, 258813.700, 140
Trd, 258813.850, 140
Trd, 258814.050, 140
Trd, 258814.283, 140
Trd, 258814.600, 140
Trd, 258814.900, 140
Trd, 258815.000, 140
Trd, 258815.333, 140
Trd, 258815.633, 140
Trd, 258815.717, 140
Trd, 258815.833, 140
Trd, 258816.000, 140
Trd, 258816.050, 140
Trd, 258816.183, 139
Trd, 258816.200, 139
Trd, 258816.483, 128
Trd, 258816.850, 117
Trd, 258817.017, 125
Trd, 258817.117, 117
Trd, 258817.333, 128
Trd, 258817.583, 139
Trd, 258817.700, 138
Trd, 258817.750, 137
Trd, 258818.050, 140
Trd, 258818.350, 140
Trd, 258818.583, 137
Trd, 258818.667, 136
Trd, 258819.717, 140
Trd, 258819.867, 140
Trd, 258820.267, 140
Trd, 258820.550, 140
Trd, 258820.667, 140
Trd, 258820.683, 140
Trd, 258820.967, 140
Trd, 258821.117, 140
Trd, 258821.133, 140
Trd, 258821.383, 140
Trd, 258821.400, 140
Trd, 258821.500, 138
Trd, 258821.900, 140
Trd, 258821.933, 140
Trd, 258822.217, 140
Trd, 258822.300, 140
Trd, 258822.317, 139
Trd, 258822.483, 137
Trd, 258822.617, 140
Trd, 258822.750, 131
Trd, 258822.850, 115
Trd, 258823.067, 140
Trd, 258823.233, 138
Trd, 258823.433, 140
Trd, 258823.533, 140
Trd, 258823.917, 140
Trd, 258824.350, 140
Trd, 258824.817, 140
Trd, 258826.117, 140
Trd, 258826.300, 140
Trd, 258826.517, 140
Trd, 258826.633, 140
Trd, 258827.000, 140
Trd, 258827.100, 140
Trd, 258827.150, 140
Trd, 258827.250, 140
Trd, 258827.400, 140
Trd, 258827.500, 140
Trd, 258827.650, 140
Trd, 258827.767, 140
Trd, 258827.833, 139
Trd, 258827.850, 139
Trd, 258828.267, 138
Trd, 258828.333, 140
Trd, 258828.583, 137
Trd, 258828.783, 138
Trd, 258829.000, 137
Trd, 258829.400, 140
Trd, 258829.900, 140
Trd, 258830.167, 140
Trd, 258830.533, 140
Trd, 258830.750, 140
Trd, 258830.767, 140
Trd, 258830.917, 140
Trd, 258831.467, 140
Trd, 258832.133, 140
Trd, 258832.317, 140
Trd, 258832.533, 140
Trd, 258832.867, 140
Trd, 258833.267, 140
Trd, 258833.450, 140
Trd, 258834.133, 140
Trd, 258834.150, 140
Trd, 258834.200, 140
Trd, 258834.383, 139
Trd, 258834.533, 140
Trd, 258834.617, 139
Trd, 258834.833, 139
Trd, 258834.850, 140
Trd, 258835.083, 138
Trd, 258835.283, 140
Trd, 258835.333, 139
Trd, 258835.550, 137
Trd, 258835.717, 133
Trd, 258835.917, 140
Trd, 258835.950, 107
Trd, 258836.200, 140
Trd, 258836.700, 140
Trd, 258836.733, 140
Trd, 258837.133, 140
Trd, 258837.617, 140
Trd, 258837.733, 140
Trd, 258837.867, 140
Trd, 258838.017, 140
Trd, 258838.483, 140
Trd, 258838.683, 140
Trd, 258838.717, 140
Trd, 258838.750, 140
Trd, 258838.900, 140
Trd, 258839.267, 140
Trd, 258839.317, 140
Trd, 258839.467, 138
Trd, 258840.417, 139
Trd, 258840.450, 138
Trd, 258840.600, 121
Trd, 258840.917, 140
Trd, 258841.117, 140
Trd, 258841.217, 140
Trd, 258841.300, 140
Trd, 258841.333, 137
Trd, 258841.383, 125
Trd, 258841.400, 119
Trd, 258841.483, 138
Trd, 258841.933, 140
Trd, 258841.983, 140
Trd, 258842.133, 140
Trd, 258842.167, 139
Trd, 258842.217, 136
Trd, 258842.250, 109
Trd, 258842.300, 109
Trd, 258843.033, 140
Trd, 258843.567, 140
Trd, 258843.817, 139
Trd, 258844.433, 139
Trd, 258844.733, 120
Trd, 258844.950, 112
Trd, 258845.083, 136
Trd, 258845.267, 98
Trd, 258845.467, 97
Trd, 258845.750, 95
Trd, 258845.883, 132
Trd, 258846.067, 135
Trd, 258846.517, 134
Trd, 258846.700, 72
Trd, 258847.217, 95
Trd, 258847.250, 71
Trd, 258847.517, 130
Trd, 258847.633, 74
Trd, 258847.717, 72
Trd, 258847.867, 131
Trd, 258848.300, 139
Trd, 258848.433, 138
Trd, 258849.033, 140
Trd, 258849.550, 140
Trd, 258849.583, 140
Trd, 258849.617, 140
Trd, 258849.750, 140
Trd, 258850.033, 140
Trd, 258850.233, 140
Trd, 258850.317, 139
Trd, 258850.617, 140
Trd, 258850.900, 139
Trd, 258851.050, 140
Trd, 258851.200, 139
Trd, 258851.650, 140
Trd, 258851.767, 140
Trd, 258851.817, 139
Trd, 258853.033, 140
Trd, 258853.450, 140
Trd, 258853.617, 140
Trd, 258853.850, 140
Trd, 258854.150, 140
Trd, 258854.200, 140
Trd, 258854.233, 140
Trd, 258854.383, 140
Trd, 258854.533, 140
Trd, 258854.550, 138
Trd, 258855.017, 137
Trd, 258855.150, 138
Trd, 258855.250, 139
Trd, 258855.750, 140
Trd, 258855.967, 140
Trd, 258856.050, 139
Trd, 258856.283, 140
Trd, 258856.317, 138
Trd, 258856.467, 135
Trd, 258857.033, 140
Trd, 258857.083, 140
Trd, 258857.183, 140
Trd, 258857.900, 140
Trd, 258858.017, 140
Trd, 258858.200, 140
Trd, 258858.350, 140
Trd, 258858.517, 138
Trd, 258858.550, 139
Trd, 258858.633, 132
Trd, 258858.800, 137
Trd, 258858.983, 138
Trd, 258859.033, 137
Trd, 258859.217, 138
Trd, 258859.417, 138
Trd, 258859.650, 138
Trd, 258859.733, 137
Trd, 258859.783, 136
Trd, 258860.150, 127
Trd, 258860.367, 134
Trd, 258860.717, 133
Trd, 258860.800, 87
Trd, 258860.883, 86
Trd, 258861.033, 93
Trd, 258861.183, 136
Trd, 258861.383, 140
Trd, 258861.700, 140
Trd, 258861.833, 140
Trd, 258861.933, 138
Trd, 258861.950, 126
Trd, 258862.333, 140
Trd, 258862.983, 140
Trd, 258863.533, 140
Trd, 258863.733, 140
Trd, 258863.867, 140
Trd, 258864.433, 140
Trd, 258864.450, 140
Trd, 258864.550, 140
Trd, 258864.567, 139
Trd, 258864.600, 139
Trd, 258865.550, 140
Trd, 258865.667, 140
Trd, 258865.817, 140
Trd, 258865.850, 139
Trd, 258865.933, 140
Trd, 258866.300, 138
Trd, 258866.850, 140
Trd, 258867.017, 140
Trd, 258867.733, 140
Trd, 258867.767, 140
Trd, 258868.117, 140
Trd, 258868.250, 140
Trd, 258868.600, 140
Trd, 258868.650, 140
Trd, 258869.133, 140
Trd, 258869.183, 140
Trd, 258869.417, 140
Trd, 258869.483, 139
Trd, 258869.533, 139
Trd, 258869.550, 139
Trd, 258869.600, 140
Trd, 258869.783, 139
Trd, 258870.367, 139
Trd, 258870.383, 138
Trd, 258870.400, 138
Trd, 258870.500, 138
Trd, 258870.900, 139
Trd, 258871.033, 140
Trd, 258871.950, 140
Trd, 258872.017, 140
Trd, 258872.333, 140
Trd, 258873.100, 140
Trd, 258873.183, 140
Trd, 258873.417, 140
Trd, 258873.683, 140
Trd, 258873.733, 140
Trd, 258874.033, 140
Trd, 258874.217, 140
Trd, 258874.683, 140
Trd, 258875.300, 140
Trd, 258875.417, 140
Trd, 258876.217, 140
Trd, 258876.233, 140
Trd, 258876.350, 140
Trd, 258876.433, 140
Trd, 258876.700, 140
Trd, 258876.967, 140
Trd, 258877.117, 140
Trd, 258877.150, 140
Trd, 258877.217, 140
Trd, 258877.233, 139
Trd, 258877.683, 140
Trd, 258877.767, 140
Trd, 258878.067, 139
Trd, 258878.100, 139
Trd, 258878.300, 139
Trd, 258878.700, 137
Trd, 258879.033, 140
Trd, 258879.133, 140
Trd, 258879.583, 138
Trd, 258879.783, 140
Trd, 258880.067, 140
Trd, 258880.517, 140
Trd, 258880.583, 140
Trd, 258880.617, 140
Trd, 258880.717, 140
Trd, 258880.767, 139
Trd, 258881.033, 140
Trd, 258881.233, 140
Trd, 258881.417, 138
Trd, 258881.667, 137
Trd, 258881.850, 132
Trd, 258882.383, 133
Trd, 258882.533, 133
Trd, 258883.467, 140
Trd, 258883.967, 140
Trd, 258884.200, 140
Trd, 258884.317, 140
Trd, 258884.417, 140
Trd, 258884.433, 140
Trd, 258884.450, 138
Trd, 258884.483, 136
Trd, 258884.500, 121
Trd, 258884.567, 139
Trd, 258884.767, 139
Trd, 258885.317, 115
Trd, 258885.833, 140
Trd, 258886.033, 140
Trd, 258886.217, 140
Trd, 258886.333, 140
Trd, 258886.717, 140
Trd, 258886.750, 140
Trd, 258886.967, 140
Trd, 258887.033, 140
Trd, 258887.050, 138
Trd, 258887.483, 134
Trd, 258887.533, 130
Trd, 258887.600, 125
Trd, 258887.717, 132
Trd, 258888.217, 132
Trd, 258888.233, 130
Trd, 258888.283, 133
Trd, 258888.667, 134
Trd, 258888.867, 133
Trd, 258889.533, 138
Trd, 258889.617, 133
Trd, 258889.733, 139
Trd, 258889.950, 140
Trd, 258890.450, 140
Trd, 258890.617, 140
Trd, 258891.017, 140
Trd, 258891.033, 140
Trd, 258891.283, 140
Trd, 258891.667, 140
Trd, 258891.933, 140
Trd, 258892.217, 140
Trd, 258892.683, 140
Trd, 258892.717, 140
Trd, 258892.750, 140
Trd, 258892.817, 140
Trd, 258893.733, 140
Trd, 258893.983, 139
Trd, 258894.433, 140
Trd, 258894.617, 140
Trd, 258894.817, 140
Trd, 258894.850, 140
Trd, 258894.917, 139
Trd, 258895.000, 140
Trd, 258895.117, 140
Trd, 258895.317, 139
Trd, 258895.417, 139
Trd, 258895.550, 140
Trd, 258895.867, 134
Trd, 258896.000, 139
Trd, 258896.400, 140
Trd, 258896.600, 140
Trd, 258896.700, 140
Trd, 258897.050, 140
Trd, 258897.067, 140
Trd, 258897.450, 140
Trd, 258897.867, 140
Trd, 258897.950, 139
Trd, 258898.367, 138
Trd, 258898.383, 137
Trd, 258898.717, 136
Trd, 258898.900, 130
Trd, 258899.183, 140
Trd, 258899.967, 140
Trd, 258900.000, 140
Trd, 258900.050, 140
Trd, 258900.117, 139
Trd, 258900.433, 140
Trd, 258900.667, 140
Trd, 258901.267, 140
Trd, 258901.500, 140
Trd, 258901.583, 140
Trd, 258901.800, 140
Trd, 258901.967, 140
Trd, 258902.133, 139
Trd, 258902.417, 140
Trd, 258902.433, 139
Trd, 258902.800, 140
Trd, 258903.050, 139
Trd, 258903.117, 132
Trd, 258903.233, 121
Trd, 258903.283, 121
Trd, 258903.383, 119
Trd, 258903.400, 101
Trd, 258903.417, 80
Trd, 258903.767, 121
Trd, 258904.250, 75
Trd, 258904.333, 60
Trd, 258905.333, 112
Trd, 258905.817, 118
Trd, 258906.100, 115
Trd, 258906.167, 114
Trd, 258906.383, 115
Trd, 258906.433, 116
Trd, 258906.467, 118
Trd, 258906.633, 116
Trd, 258906.700, 118
Trd, 258906.800, 113
Trd, 258906.950, 106
Trd, 258907.083, 94
Trd, 258907.133, 123
Trd, 258907.650, 89
Trd, 258907.717, 79
Trd, 258907.733, 121
Trd, 258907.950, 139
Trd, 258908.033, 77
Trd, 258908.483, 140
Trd, 258909.500, 140
Trd, 258909.850, 140
Trd, 258909.883, 140
Trd, 258910.267, 140
Trd, 258910.283, 140
Trd, 258910.300, 140
Trd, 258910.433, 140
Trd, 258910.517, 139
Trd, 258910.650, 140
Trd, 258910.850, 140
Trd, 258910.950, 139
Trd, 258911.217, 132
Trd, 258911.650, 140
Trd, 258911.783, 140
Trd, 258911.983, 136
Trd, 258912.000, 134
Trd, 258912.517, 135
Trd, 258912.833, 140
Trd, 258913.117, 140
Trd, 258913.283, 140
Trd, 258913.667, 140
Trd, 258913.683, 140
Trd, 258913.900, 140
Trd, 258914.067, 140
Trd, 258914.200, 139
Trd, 258914.433, 140
Trd, 258915.100, 140
Trd, 258915.467, 140
Trd, 258915.700, 139
Trd, 258915.933, 139
Trd, 258916.167, 140
Trd, 258916.200, 140
Trd, 258916.400, 140
Trd, 258916.833, 140
Trd, 258916.867, 139
Trd, 258917.083, 139
Trd, 258917.133, 136
Trd, 258917.200, 134
Trd, 258917.317, 125
Trd, 258917.600, 140
Trd, 258918.050, 140
Trd, 258918.383, 140
Trd, 258918.433, 140
Trd, 258918.483, 140
Trd, 258918.583, 140
Trd, 258918.917, 140
Trd, 258919.167, 140
Trd, 258919.300, 140
Trd, 258919.467, 140
Trd, 258919.500, 140
Trd, 258919.617, 135
Trd, 258919.733, 139
Trd, 258919.950, 134
Trd, 258920.317, 132
Trd, 258920.933, 137
Trd, 258920.950, 139
Trd, 258921.100, 140
Trd, 258921.433, 117
Trd, 258921.533, 111
Trd, 258921.650, 110
Trd, 258921.717, 114
Trd, 258921.850, 97
Trd, 258922.050, 99
Trd, 258922.950, 119
Trd, 258922.967, 116
Trd, 258923.217, 132
Trd, 258923.350, 103
Trd, 258923.367, 100
Trd, 258923.467, 100
Trd, 258923.717, 140
Trd, 258923.933, 140
Trd, 258924.667, 140
Trd, 258926.317, 140
Trd, 258926.417, 140
Trd, 258926.517, 140
Trd, 258926.617, 140
Trd, 258926.633, 140
Trd, 258926.850, 140
Trd, 258926.867, 140
Trd, 258926.917, 140
Trd, 258927.483, 140
Trd, 258928.350, 140
Trd, 258928.417, 140
Trd, 258928.817, 140
Trd, 258928.850, 140
Trd, 258928.983, 140
Trd, 258929.283, 140
Trd, 258929.417, 140
Trd, 258929.667, 140
Trd, 258929.967, 140
Trd, 258930.017, 140
Trd, 258930.733, 140
Trd, 258931.183, 140
Trd, 258931.267, 140
Trd, 258931.417, 140
Trd, 258931.450, 140
Trd, 258931.717, 140
Trd, 258931.867, 139
Trd, 258931.933, 139
Trd, 258931.983, 139
Trd, 258932.067, 139
Trd, 258932.350, 139
Trd, 258933.000, 136
Trd, 258933.050, 123
Trd, 258933.183, 138
Trd, 258933.433, 139
Trd, 258933.517, 123
Trd, 258933.533, 119
Trd, 258933.600, 115
Trd, 258933.617, 107
Trd, 258933.717, 138
Trd, 258933.867, 82
Trd, 258934.067, 136
Trd, 258934.333, 135
Trd, 258934.517, 91
Trd, 258935.000, 109
Trd, 258935.183, 91
Trd, 258935.600, 120
Trd, 258935.833, 119
Trd, 258936.350, 119
Trd, 258936.400, 121
Trd, 258936.483, 132
Trd, 258936.583, 135
Trd, 258936.733, 137
Trd, 258936.783, 80
Trd, 258936.917, 79
Trd, 258937.133, 110
Trd, 258937.267, 104
Trd, 258937.300, 91
Trd, 258937.450, 77
Trd, 258937.583, 64
Trd, 258937.733, 69
Trd, 258938.100, 140
Trd, 258938.150, 140
Trd, 258938.667, 60
Trd, 258938.733, 60
Trd, 258938.817, 63
Trd, 258939.050, 65
Trd, 258940.000, 60
Trd, 258940.517, 60
Trd, 258940.550, 60
Trd, 258940.617, 60
Trd, 258940.900, 72
Trd, 258940.933, 73
Trd, 258941.000, 67
Trd, 258941.133, 84
Trd, 258941.150, 107
Trd, 258941.267, 70
Trd, 258941.850, 115
Trd, 258942.033, 122
Trd, 258942.250, 84
Trd, 258942.433, 84
Trd, 258942.500, 124
Trd, 258942.917, 109
Trd, 258943.217, 140
Trd, 258943.650, 140
Trd, 258943.950, 140
Trd, 258944.150, 140
Trd, 258944.500, 140
Trd, 258944.667, 140
Trd, 258944.783, 140
Trd, 258945.600, 140
Trd, 258945.667, 140
Trd, 258946.083, 140
Trd, 258946.200, 140
Trd, 258946.217, 140
Trd, 258946.283, 140
Trd, 258946.300, 140
Trd, 258946.450, 140
Trd, 258946.533, 139
Trd, 258946.617, 139
Trd, 258946.867, 139
Trd, 258947.083, 139
Trd, 258947.117, 137
Trd, 258947.650, 140
Trd, 258947.967, 140
Trd, 258948.050, 139
Trd, 258948.117, 139
Trd, 258948.267, 138
Trd, 258948.367, 140
Trd, 258949.083, 140
Trd, 258949.350, 140
Trd, 258949.617, 140
Trd, 258949.633, 140
Trd, 258949.767, 140
Trd, 258949.967, 140
Trd, 258950.200, 138
Trd, 258950.483, 138
Trd, 258951.133, 140
Trd, 258951.250, 140
Trd, 258951.850, 140
Trd, 258951.883, 140
Trd, 258951.983, 140
Trd, 258952.083, 140
Trd, 258952.283, 140
Trd, 258952.383, 140
Trd, 258952.583, 140
Trd, 258952.800, 140
Trd, 258952.900, 140
Trd, 258953.067, 140
Trd, 258953.483, 140
Trd, 258953.583, 140
Trd, 258953.617, 137
Trd, 258953.817, 137
Trd, 258954.617, 140
Trd, 258954.650, 139
Trd, 258954.883, 140
Trd, 258954.983, 140
Trd, 258955.017, 140
Trd, 258955.133, 139
Trd, 258955.383, 140
Trd, 258955.700, 139
Trd, 258955.717, 139
Trd, 258956.017, 140
Trd, 258956.033, 139
Trd, 258956.083, 136
Trd, 258956.183, 133
Trd, 258956.450, 140
Trd, 258956.617, 138
Trd, 258956.700, 132
Trd, 258956.783, 138
Trd, 258956.867, 139
Trd, 258956.883, 119
Trd, 258956.983, 110
Trd, 258957.150, 121
Trd, 258957.200, 92
Trd, 258957.300, 140
Trd, 258957.683, 113
Trd, 258958.350, 132
Trd, 258959.200, 140
Trd, 258959.467, 140
Trd, 258959.633, 140
Trd, 258959.733, 140
Trd, 258959.983, 139
Trd, 258960.150, 139
Trd, 258960.300, 96
Trd, 258960.583, 95
Trd, 258960.717, 135
Trd, 258960.833, 117
Trd, 258961.267, 140
Trd, 258961.317, 139
Trd, 258961.433, 135
Trd, 258961.667, 139
Trd, 258962.617, 140
Trd, 258963.450, 140
Trd, 258963.733, 140
Trd, 258964.267, 140
Trd, 258964.467, 140
Trd, 258964.517, 140
Trd, 258964.767, 140
Trd, 258964.817, 140
Trd, 258964.967, 140
Trd, 258966.083, 140
Trd, 258966.150, 140
Trd, 258966.183, 140
Trd, 258966.217, 140
Trd, 258966.300, 140
Trd, 258966.317, 139
Trd, 258966.600, 139
Trd, 258966.700, 139
Trd, 258966.800, 138
Trd, 258966.817, 137
Trd, 258966.917, 136
Trd, 258966.933, 129
Trd, 258966.967, 139
Trd, 258967.150, 140
Trd, 258967.350, 122
Trd, 258967.550, 121
Trd, 258967.617, 118
Trd, 258968.367, 140
Trd, 258968.833, 124
Trd, 258968.900, 124
Trd, 258968.983, 130
Trd, 258969.817, 140
Trd, 258969.883, 140
Trd, 258969.967, 140
Trd, 258970.167, 140
Trd, 258970.233, 140
Trd, 258970.717, 140
Trd, 258970.817, 140
Trd, 258970.967, 140
Trd, 258971.000, 139
Trd, 258971.183, 140
Trd, 258971.250, 140
Trd, 258971.400, 135
Trd, 258971.567, 135
Trd, 258971.783, 137
Trd, 258971.817, 136
Trd, 258972.183, 135
Trd, 258972.517, 137
Trd, 258972.667, 129
Trd, 258972.950, 112
Trd, 258973.700, 139
Trd, 258973.883, 138
Trd, 258974.367, 140
Trd, 258975.050, 140
Trd, 258975.200, 140
Trd, 258975.383, 140
Trd, 258975.417, 140
Trd, 258975.600, 140
Trd, 258975.767, 140
Trd, 258976.133, 140
Trd, 258976.233, 140
Trd, 258976.483, 140
Trd, 258976.583, 140
Trd, 258976.650, 138
Trd, 258977.067, 138
Trd, 258977.250, 140
Trd, 258977.267, 140
Trd, 258977.367, 137
Trd, 258977.933, 137
Trd, 258978.850, 140
Trd, 258979.117, 140
Trd, 258979.417, 140
Trd, 258979.433, 140
Trd, 258979.617, 140
Trd, 258980.050, 140
Trd, 258980.417, 140
Trd, 258980.500, 140
Trd, 258980.533, 140
Trd, 258980.717, 140
Trd, 258980.850, 140
Trd, 258980.983, 140
Trd, 258981.183, 140
Trd, 258981.317, 140
Trd, 258981.333, 140
Trd, 258981.433, 140
Trd, 258981.800, 140
Trd, 258981.833, 140
Trd, 258981.850, 140
Trd, 258981.883, 140
Trd, 258982.317, 140
Trd, 258982.867, 140
Trd, 258982.933, 140
Trd, 258983.733, 138
Trd, 258983.817, 140
Trd, 258984.250, 134
Trd, 258984.567, 135
Trd, 258984.617, 135
Trd, 258984.633, 133
Trd, 258984.733, 135
Trd, 258984.750, 112
Trd, 258984.783, 136
Trd, 258985.083, 140
Trd, 258985.117, 139
Trd, 258985.150, 138
Trd, 258985.250, 123
Trd, 258985.533, 92
Trd, 258985.767, 140
Trd, 258986.167, 140
Trd, 258986.217, 140
Trd, 258986.400, 140
Trd, 258987.100, 140
Trd, 258987.917, 140
Trd, 258988.000, 140
Trd, 258988.033, 140
Trd, 258988.100, 140
Trd, 258988.200, 139
Trd, 258988.433, 139
Trd, 258988.450, 137
Trd, 258989.067, 140
Trd, 258989.883, 140
Trd, 258990.117, 140
Trd, 258990.300, 140
Trd, 258990.367, 140
Trd, 258990.567, 139
Trd, 258990.667, 139
Trd, 258991.200, 140
Trd, 258991.317, 140
Trd, 258991.333, 140
Trd, 258991.433, 139
Trd, 258991.517, 139
Trd, 258991.617, 139
Trd, 258991.950, 137
Trd, 258992.017, 138
Trd, 258992.200, 140
Trd, 258992.967, 135
Trd, 258993.117, 137
Trd, 258993.467, 140
Trd, 258993.733, 140
Trd, 258993.867, 140
Trd, 258994.150, 140
Trd, 258994.300, 140
Trd, 258994.683, 140
Trd, 258994.733, 140
Trd, 258994.983, 140
Trd, 258995.183, 140
Trd, 258995.417, 140
Trd, 258995.533, 140
Trd, 258995.683, 140
Trd, 258995.800, 139
Trd, 258995.917, 139
Trd, 258996.050, 138
Trd, 258996.400, 134
Trd, 258996.733, 135
Trd, 258996.783, 134
Trd, 258996.833, 132
Trd, 258996.900, 136
Trd, 258996.917, 138
Trd, 258996.933, 114
Trd, 258997.367, 140
Trd, 258997.433, 139
Trd, 258998.217, 139
Trd, 258998.283, 137
Trd, 258998.450, 137
Trd, 258998.483, 137
Trd, 258999.117, 133
Trd, 258999.650, 137
Trd, 258999.833, 132
Trd, 258999.883, 131
Trd, 259000.050, 139
Trd, 259000.900, 140
Trd, 259000.967, 140
Trd, 259001.183, 140
Trd, 259001.233, 139
Trd, 259001.617, 132
Trd, 259002.067, 140
Trd, 259002.217, 139
Trd, 259002.767, 139
Trd, 259002.817, 139
Trd, 259002.833, 138
Trd, 259002.883, 138
Trd, 259003.067, 140
Trd, 259003.183, 140
Trd, 259003.583, 140
Trd, 259003.767, 140
Trd, 259003.883, 136
Trd, 259003.983, 134
Trd, 259004.083, 140
Trd, 259004.667, 133
Trd, 259005.083, 132
Trd, 259005.583, 139
Trd, 259006.000, 138
Trd, 259006.317, 128
Trd, 259006.767, 123
Trd, 259007.050, 140
Trd, 259007.783, 140
Trd, 259007.833, 140
Trd, 259008.283, 140
Trd, 259008.817, 140
Trd, 259008.833, 140
Trd, 259009.500, 140
Trd, 259009.717, 140
Trd, 259009.800, 140
Trd, 259009.900, 140
Trd, 259010.267, 140
Trd, 259010.583, 140
Trd, 259010.650, 140
Trd, 259010.883, 140
Trd, 259011.150, 140
Trd, 259011.333, 140
Trd, 259011.550, 140
Trd, 259011.617, 140
Trd, 259011.750, 140
Trd, 259011.783, 140
Trd, 259011.917, 140
Trd, 259012.050, 139
Trd, 259012.083, 138
Trd, 259012.167, 136
Trd, 259012.550, 137
Trd, 259012.583, 135
Trd, 259012.633, 129
Trd, 259012.900, 129
Trd, 259012.950, 128
Trd, 259013.217, 103
Trd, 259013.383, 135
Trd, 259013.433, 136
Trd, 259013.633, 138
Trd, 259013.750, 117
Trd, 259013.883, 140
Trd, 259013.933, 138
Trd, 259014.200, 140
Trd, 259014.617, 140
Trd, 259014.667, 140
Trd, 259015.083, 140
Trd, 259015.400, 140
Trd, 259015.700, 140
Trd, 259016.633, 140
Trd, 259016.817, 140
Trd, 259016.917, 140
Trd, 259017.000, 140
Trd, 259017.117, 139
Trd, 259017.917, 140
Trd, 259018.383, 140
Trd, 259018.533, 140
Trd, 259018.550, 140
Trd, 259018.817, 140
Trd, 259018.850, 140
Trd, 259018.900, 140
Trd, 259018.917, 140
Trd, 259019.533, 140
Trd, 259019.567, 140
Trd, 259019.967, 140
Trd, 259020.067, 140
Trd, 259020.450, 140
Trd, 259020.483, 140
Trd, 259020.883, 140
Trd, 259020.950, 140
Trd, 259021.100, 140
Trd, 259021.183, 139
Trd, 259021.333, 138
Trd, 259021.433, 138
Trd, 259021.633, 136
Trd, 259022.017, 132
Trd, 259022.033, 139
Trd, 259022.300, 140
Trd, 259022.950, 122
Trd, 259023.100, 137
Trd, 259023.150, 138
Trd, 259023.217, 139
Trd, 259023.400, 138
Trd, 259023.867, 124
Trd, 259024.250, 124
Trd, 259024.517, 140
Trd, 259024.850, 140
Trd, 259024.900, 140
Trd, 259024.917, 138
Trd, 259025.483, 140
Trd, 259025.500, 139
Trd, 259025.700, 138
Trd, 259025.833, 138
Trd, 259025.983, 137
Trd, 259026.450, 132
Trd, 259026.483, 131
Trd, 259026.500, 133
Trd, 259026.733, 134
Trd, 259027.100, 118
Trd, 259027.267, 135
Trd, 259027.550, 119
Trd, 259027.800, 132
Trd, 259027.933, 133
Trd, 259027.983, 138
Trd, 259028.633, 124
Trd, 259028.933, 125
Trd, 259029.167, 129
Trd, 259029.217, 125
Trd, 259029.233, 130
Trd, 259029.600, 123
Trd, 259030.000, 128
Trd, 259030.017, 129
Trd, 259030.083, 131
Trd, 259030.167, 134
Trd, 259030.783, 104
Trd, 259030.817, 103
Trd, 259031.033, 115
Trd, 259031.067, 118
Trd, 259031.233, 115
Trd, 259031.283, 114
Trd, 259031.650, 106
Trd, 259031.817, 105
Trd, 259031.850, 117
Trd, 259032.100, 103
Trd, 259032.183, 116
Trd, 259032.250, 102
Trd, 259032.317, 66
Trd, 259032.417, 117
Trd, 259032.767, 102
Trd, 259032.833, 65
Trd, 259033.133, 64
Trd, 259033.600, 64
Trd, 259033.700, 66
Trd, 259033.983, 75
Trd, 259034.050, 65
Trd, 259034.167, 66
Trd, 259034.300, 93
Trd, 259034.917, 86
Trd, 259035.017, 109
Trd, 259035.067, 89
Trd, 259035.167, 71
Trd, 259035.450, 115
Trd, 259035.550, 101
Trd, 259035.600, 116
Trd, 259035.950, 140
Trd, 259036.550, 140
Trd, 259036.700, 140
Trd, 259036.750, 140
Trd, 259036.867, 138
Trd, 259037.000, 140
Trd, 259037.217, 124
Trd, 259037.617, 139
Trd, 259037.733, 124
Trd, 259038.100, 140
Trd, 259038.267, 140
Trd, 259038.400, 140
Trd, 259038.550, 137
Trd, 259038.750, 117
Trd, 259039.767, 140
Trd, 259040.067, 140
Trd, 259040.633, 140
Trd, 259040.717, 140
Trd, 259040.783, 140
Trd, 259040.833, 140
Trd, 259041.067, 140
Trd, 259041.100, 140
Trd, 259041.700, 140
Trd, 259042.083, 140
Trd, 259042.250, 140
Trd, 259042.283, 140
Trd, 259042.383, 140
Trd, 259042.400, 139
Trd, 259042.450, 137
Trd, 259042.667, 140
Trd, 259042.800, 132
Trd, 259044.383, 140
Trd, 259044.583, 140
Trd, 259044.717, 140
Trd, 259044.817, 140
Trd, 259044.967, 140
Trd, 259045.150, 139
Trd, 259045.267, 130
Trd, 259045.300, 124
Trd, 259045.950, 140
Trd, 259045.967, 140
Trd, 259046.183, 140
Trd, 259046.450, 140
Trd, 259046.883, 140
Trd, 259046.983, 140
Trd, 259047.200, 140
Trd, 259047.650, 140
Trd, 259047.867, 140
Trd, 259048.367, 140
Trd, 259048.467, 140
Trd, 259048.550, 140
Trd, 259048.633, 140
Trd, 259049.050, 140
Trd, 259049.133, 140
Trd, 259049.167, 140
Trd, 259049.467, 140
Trd, 259049.750, 140
Trd, 259050.067, 140
Trd, 259050.183, 140
Trd, 259050.233, 140
Trd, 259050.400, 140
Trd, 259050.633, 140
Trd, 259050.867, 140
Trd, 259051.450, 140
Trd, 259051.750, 140
Trd, 259051.783, 140
Trd, 259051.833, 140
Trd, 259051.933, 132
Trd, 259052.000, 124
Trd, 259052.050, 140
Trd, 259053.017, 140
Trd, 259053.083, 140
Trd, 259053.183, 138
Trd, 259053.417, 140
Trd, 259053.733, 138
Trd, 259054.117, 140
Trd, 259054.217, 138
Trd, 259054.233, 138
Trd, 259054.317, 137
Trd, 259054.333, 128
Trd, 259054.367, 139
Trd, 259054.567, 109
Trd, 259054.733, 140
Trd, 259055.083, 105
Trd, 259055.183, 104
Trd, 259056.367, 140
Trd, 259056.667, 140
Trd, 259056.800, 140
Trd, 259056.950, 140
Trd, 259057.300, 140
Trd, 259057.317, 139
Trd, 259057.333, 132
Trd, 259057.517, 140
Trd, 259057.633, 105
Trd, 259058.300, 119
Trd, 259058.367, 109
Trd, 259058.417, 108
Trd, 259058.633, 100
Trd, 259058.767, 82
Trd, 259059.117, 125
Trd, 259059.217, 126
Trd, 259059.567, 118
Trd, 259059.617, 124
Trd, 259059.633, 125
Trd, 259059.700, 127
Trd, 259060.233, 127
Trd, 259060.333, 118
Trd, 259060.517, 135
Trd, 259060.633, 125
Trd, 259061.517, 140
Trd, 259061.867, 140
Trd, 259062.150, 140
Trd, 259062.250, 140
Trd, 259062.267, 140
Trd, 259062.683, 140
Trd, 259062.750, 140
Trd, 259063.233, 140
Trd, 259063.750, 140
Trd, 259064.050, 140
Trd, 259064.100, 140
Trd, 259064.117, 140
Trd, 259064.217, 140
Trd, 259064.583, 140
Trd, 259064.783, 139
Trd, 259064.800, 138
Trd, 259064.900, 139
Trd, 259065.067, 131
Trd, 259065.167, 139
Trd, 259065.283, 125
Trd, 259065.383, 136
Trd, 259065.400, 140
Trd, 259065.450, 115
Trd, 259065.650, 103
Trd, 259065.767, 119
Trd, 259065.817, 120
Trd, 259066.350, 140
Trd, 259066.667, 140
Trd, 259067.000, 140
Trd, 259067.167, 140
Trd, 259067.733, 140
Trd, 259068.200, 140
Trd, 259068.300, 140
Trd, 259068.333, 140
Trd, 259068.567, 140
Trd, 259068.817, 139
Trd, 259068.833, 139
Trd, 259069.267, 139
Trd, 259069.300, 138
Trd, 259069.600, 135
Trd, 259069.733, 139
Trd, 259069.967, 140
Trd, 259070.033, 140
Trd, 259070.083, 127
Trd, 259070.817, 140
Trd, 259070.883, 140
Trd, 259071.250, 140
Trd, 259071.283, 140
Trd, 259071.333, 140
Trd, 259071.550, 138
Trd, 259071.617, 134
Trd, 259071.800, 131
Trd, 259072.067, 119
Trd, 259072.167, 103
Trd, 259072.200, 87
Trd, 259072.367, 86
Trd, 259072.500, 73
Trd, 259072.583, 136
Trd, 259073.317, 75
Trd, 259074.250, 138
Trd, 259074.383, 117
Trd, 259074.600, 140
Trd, 259074.650, 116
Trd, 259074.700, 119
Trd, 259074.800, 116
Trd, 259075.500, 140
Trd, 259075.617, 140
Trd, 259076.300, 140
Trd, 259076.550, 140
Trd, 259076.850, 140
Trd, 259077.000, 140
Trd, 259077.100, 140
Trd, 259077.167, 139
Trd, 259077.267, 139
Trd, 259077.300, 135
Trd, 259077.683, 129
Trd, 259077.850, 136
Trd, 259078.133, 128
Trd, 259078.483, 107
Trd, 259078.650, 132
Trd, 259078.733, 93
Trd, 259079.067, 60
Trd, 259079.250, 60
Trd, 259079.450, 60
Trd, 259079.733, 60
Trd, 259079.867, 61
Trd, 259080.350, 64
Trd, 259080.467, 75
Trd, 259080.517, 102
Trd, 259080.567, 63
Trd, 259080.633, 102
Trd, 259080.833, 68
Trd, 259080.883, 113
Trd, 259080.933, 67
Trd, 259080.983, 137
Trd, 259081.533, 126
Trd, 259082.350, 140
Trd, 259082.717, 140
Trd, 259082.783, 140
Trd, 259083.033, 140
Trd, 259083.100, 140
Trd, 259083.317, 140
Trd, 259083.583, 140
Trd, 259083.867, 140
Trd, 259083.967, 140
Trd, 259084.617, 140
Trd, 259084.683, 140
Trd, 259085.450, 140
Trd, 259085.550, 140
Trd, 259086.217, 140
Trd, 259086.283, 140
Trd, 259086.917, 140
Trd, 259086.933, 140
Trd, 259087.050, 140
Trd, 259087.367, 140
Trd, 259087.383, 140
Trd, 259087.450, 140
Trd, 259087.700, 140
Trd, 259087.717, 140
Trd, 259087.750, 140
Trd, 259087.883, 140
Trd, 259088.367, 140
Trd, 259088.967, 140
Trd, 259089.083, 140
Trd, 259089.183, 140
Trd, 259089.350, 140
Trd, 259089.500, 140
Trd, 259089.750, 140
Trd, 259089.767, 140
Trd, 259089.800, 138
Trd, 259090.050, 138
Trd, 259090.450, 138
Trd, 259090.483, 136
Trd, 259090.883, 138
Trd, 259091.083, 135
Trd, 259091.150, 128
Trd, 259091.283, 138
Trd, 259091.533, 133
Trd, 259091.550, 108
Trd, 259091.883, 93
Trd, 259092.000, 110
Trd, 259093.200, 136
Trd, 259093.583, 140
Trd, 259094.167, 140
Trd, 259094.467, 140
Trd, 259094.700, 140
Trd, 259094.900, 140
Trd, 259094.917, 140
Trd, 259095.067, 140
Trd, 259095.217, 140
Trd, 259095.300, 140
Trd, 259095.333, 140
Trd, 259095.367, 140
Trd, 259095.400, 140
Trd, 259095.483, 140
Trd, 259095.650, 140
Trd, 259095.767, 139
Trd, 259095.917, 139
Trd, 259096.017, 136
Trd, 259096.267, 139
Trd, 259096.800, 139
Trd, 259097.150, 140
Trd, 259097.367, 140
Trd, 259097.467, 140
Trd, 259097.567, 140
Trd, 259098.167, 140
Trd, 259098.217, 140
Trd, 259098.367, 140
Trd, 259098.933, 140
Trd, 259099.467, 140
Trd, 259099.567, 140
Trd, 259099.900, 140
Trd, 259100.300, 140
Trd, 259100.333, 140
Trd, 259100.383, 140
Trd, 259100.583, 140
Trd, 259100.650, 140
Trd, 259100.700, 140
Trd, 259100.883, 140
Trd, 259100.950, 139
Trd, 259101.000, 137
Trd, 259101.183, 140
Trd, 259101.500, 139
Trd, 259101.783, 132
Trd, 259102.083, 130
Trd, 259102.483, 134
Trd, 259102.550, 135
Trd, 259102.783, 114
Trd, 259102.983, 132
Trd, 259103.100, 113
Trd, 259103.167, 108
Trd, 259103.517, 118
Trd, 259103.717, 101
Trd, 259103.817, 100
Trd, 259104.333, 60
Trd, 259104.350, 61
Trd, 259104.467, 64
Trd, 259104.667, 61
Trd, 259104.800, 79
Trd, 259104.850, 80
Trd, 259104.967, 81
Trd, 259105.150, 108
Trd, 259105.383, 138
Trd, 259105.533, 82
Trd, 259106.067, 140
Trd, 259106.317, 140
Trd, 259106.417, 140
Trd, 259106.800, 140
Trd, 259106.917, 140
Trd, 259107.217, 140
Trd, 259107.317, 140
Trd, 259107.667, 140
Trd, 259107.767, 139
Trd, 259108.650, 140
Trd, 259108.667, 140
Trd, 259109.217, 140
Trd, 259110.000, 140
Trd, 259110.117, 140
Trd, 259110.150, 140
Trd, 259110.683, 140
Trd, 259110.917, 140
Trd, 259111.000, 140
Trd, 259111.733, 140
Trd, 259111.750, 140
Trd, 259112.083, 140
Trd, 259112.117, 140
Trd, 259112.133, 140
Trd, 259112.367, 140
Trd, 259112.483, 140
Trd, 259112.517, 140
Trd, 259112.550, 140
Trd, 259112.783, 137
Trd, 259112.800, 136
Trd, 259113.083, 139
Trd, 259113.250, 137
Trd, 259113.450, 136
Trd, 259113.883, 135
Trd, 259113.933, 127
Trd, 259114.183, 137
Trd, 259114.250, 112
Trd, 259114.383, 138
Trd, 259114.633, 140
Trd, 259115.267, 140
Trd, 259115.550, 140
Trd, 259115.700, 140
Trd, 259115.850, 140
Trd, 259116.017, 140
Trd, 259116.517, 140
Trd, 259116.700, 140
Trd, 259116.917, 140
Trd, 259116.967, 140
Trd, 259117.033, 140
Trd, 259117.083, 140
Trd, 259117.333, 139
Trd, 259117.400, 140
Trd, 259117.483, 140
Trd, 259117.617, 140
Trd, 259117.983, 140
Trd, 259118.050, 140
Trd, 259118.650, 140
Trd, 259118.783, 140
Trd, 259119.017, 140
Trd, 259119.250, 140
Trd, 259119.483, 140
Trd, 259119.550, 140
Trd, 259120.200, 140
Trd, 259120.250, 140
Trd, 259120.500, 140
Trd, 259120.883, 140
Trd, 259120.900, 140
Trd, 259121.117, 140
Trd, 259121.283, 140
Trd, 259121.967, 140
Trd, 259122.017, 140
Trd, 259122.267, 138
Trd, 259122.333, 137
Trd, 259122.383, 137
Trd, 259122.983, 134
Trd, 259123.117, 135
Trd, 259123.317, 135
Trd, 259123.467, 133
Trd, 259123.583, 135
Trd, 259123.617, 125
Trd, 259123.900, 140
Trd, 259124.400, 139
Trd, 259124.717, 140
Trd, 259124.800, 140
Trd, 259124.883, 140
Trd, 259125.483, 140
Trd, 259125.533, 140
Trd, 259125.567, 140
Trd, 259125.917, 140
Trd, 259126.183, 140
Trd, 259127.283, 140
Trd, 259127.450, 140
Trd, 259127.550, 140
Trd, 259127.617, 140
Trd, 259127.967, 140
Trd, 259128.000, 140
Trd, 259128.083, 140
Trd, 259128.200, 140
Trd, 259128.533, 140
Trd, 259128.767, 140
Trd, 259128.850, 139
Trd, 259128.900, 139
Trd, 259128.983, 133
Trd, 259129.167, 138
Trd, 259129.300, 139
Trd, 259129.417, 135
Trd, 259129.467, 129
Trd, 259129.583, 128
Trd, 259130.000, 140
Trd, 259130.183, 140
Trd, 259130.433, 140
Trd, 259130.783, 140
Trd, 259131.050, 140
Trd, 259131.067, 139
Trd, 259131.333, 137
Trd, 259131.450, 132
Trd, 259131.650, 120
Trd, 259131.700, 136
Trd, 259132.050, 115
Trd, 259132.133, 115
Trd, 259132.167, 114
Trd, 259132.783, 130
Trd, 259132.933, 111
Trd, 259134.067, 140
Trd, 259134.450, 140
Trd, 259134.683, 140
Trd, 259135.117, 140
Trd, 259135.400, 140
Trd, 259135.883, 140
Trd, 259136.350, 140
Trd, 259136.400, 140
Trd, 259136.417, 140
Trd, 259136.450, 140
Trd, 259136.567, 139
Trd, 259136.800, 140
Trd, 259136.883, 140
Trd, 259136.917, 140
Trd, 259137.167, 140
Trd, 259137.217, 140
Trd, 259137.400, 139
Trd, 259137.633, 139
Trd, 259137.717, 139
Trd, 259137.917, 140
Trd, 259138.467, 140
Trd, 259138.933, 140
Trd, 259139.367, 140
Trd, 259139.433, 140
Trd, 259139.483, 139
Trd, 259139.750, 139
Trd, 259139.783, 136
Trd, 259139.933, 138
Trd, 259140.300, 140
Trd, 259140.567, 138
Trd, 259140.683, 137
Trd, 259140.717, 135
Trd, 259140.767, 134
Trd, 259141.233, 139
Trd, 259141.300, 119
Trd, 259142.083, 140
Trd, 259142.267, 140
Trd, 259142.400, 140
Trd, 259142.767, 135
Trd, 259143.200, 134
Trd, 259143.783, 140
Trd, 259144.233, 140
Trd, 259144.333, 140
Trd, 259144.450, 140
Trd, 259144.467, 140
Trd, 259144.733, 140
Trd, 259144.833, 140
Trd, 259144.917, 140
Trd, 259145.267, 140
Trd, 259145.767, 140
Trd, 259146.050, 140
Trd, 259146.133, 140
Trd, 259146.150, 140
Trd, 259146.217, 140
Trd, 259146.483, 140
Trd, 259146.617, 139
Trd, 259146.700, 136
Trd, 259146.850, 140
Trd, 259147.017, 139
Trd, 259147.067, 139
Trd, 259147.517, 132
Trd, 259147.867, 140
Trd, 259147.967, 140
Trd, 259148.033, 140
Trd, 259148.450, 140
Trd, 259148.533, 140
Trd, 259148.717, 140
Trd, 259149.283, 140
Trd, 259149.400, 140
Trd, 259149.450, 139
Trd, 259149.550, 140
Trd, 259149.633, 131
Trd, 259149.800, 134
Trd, 259150.500, 136
Trd, 259150.567, 135
Trd, 259150.917, 135
Trd, 259150.967, 138
Trd, 259151.233, 138
Trd, 259151.417, 139
Trd, 259151.450, 138
Trd, 259151.467, 137
Trd, 259151.633, 137
Trd, 259151.883, 138
Trd, 259151.917, 137
Trd, 259152.133, 140
Trd, 259152.567, 140
Trd, 259152.750, 140
Trd, 259153.183, 140
Trd, 259153.317, 140
Trd, 259153.517, 139
Trd, 259154.433, 130
Trd, 259154.650, 136
Trd, 259154.950, 129
Trd, 259155.167, 140
Trd, 259155.367, 136
Trd, 259155.567, 124
Trd, 259155.633, 137
Trd, 259155.733, 123
Trd, 259156.217, 122
Trd, 259156.400, 136
Trd, 259156.517, 134
Trd, 259156.750, 136
Trd, 259157.233, 137
Trd, 259157.583, 110
Trd, 259157.983, 140
Trd, 259158.100, 140
Trd, 259158.750, 135
Trd, 259159.167, 123
Trd, 259159.183, 125
Trd, 259159.250, 117
Trd, 259159.667, 140
Trd, 259159.850, 139
Trd, 259159.867, 121
Trd, 259160.267, 140
Trd, 259160.417, 140
Trd, 259160.483, 139
Trd, 259160.717, 140
Trd, 259160.817, 139
Trd, 259161.233, 140
Trd, 259161.267, 139
Trd, 259161.467, 140
Trd, 259161.567, 140
Trd, 259161.600, 139
Trd, 259162.017, 124
Trd, 259162.250, 136
Trd, 259162.283, 116
Trd, 259162.317, 110
Trd, 259162.500, 60
Trd, 259162.617, 60
Trd, 259162.633, 60
Trd, 259163.017, 63
Trd, 259163.067, 87
Trd, 259163.100, 108
Trd, 259163.283, 136
Trd, 259163.867, 101
Trd, 259164.467, 107
Trd, 259164.533, 108
Trd, 259164.633, 118
Trd, 259165.300, 124
Trd, 259165.483, 119
Trd, 259165.583, 88
Trd, 259165.683, 87
Trd, 259165.767, 121
Trd, 259166.067, 94
Trd, 259166.167, 120
Trd, 259166.267, 91
Trd, 259166.350, 121
Trd, 259166.600, 85
Trd, 259167.200, 88
Trd, 259167.367, 120
Trd, 259167.383, 121
Trd, 259167.650, 87
Trd, 259167.717, 86
Trd, 259168.033, 85
Trd, 259168.283, 130
Trd, 259168.433, 138
Trd, 259168.567, 140
Trd, 259168.583, 140
Trd, 259169.567, 140
Trd, 259169.717, 140
Trd, 259170.150, 140
Trd, 259170.767, 140
Trd, 259170.917, 140
Trd, 259171.167, 140
Trd, 259171.233, 140
Trd, 259171.350, 140
Trd, 259171.367, 140
Trd, 259171.667, 140
Trd, 259172.033, 140
Trd, 259172.383, 140
Trd, 259172.433, 139
Trd, 259172.833, 139
Trd, 259172.967, 140
Trd, 259173.350, 139
Trd, 259173.433, 140
Trd, 259173.467, 138
Trd, 259173.617, 137
Trd, 259173.650, 140
Trd, 259174.100, 139
Trd, 259174.167, 140
Trd, 259174.200, 139
Trd, 259174.383, 139
Trd, 259174.817, 140
Trd, 259175.117, 140
Trd, 259175.133, 140
Trd, 259175.267, 140
Trd, 259175.550, 138
Trd, 259175.950, 140
Trd, 259175.983, 139
Trd, 259176.033, 139
Trd, 259176.050, 131
Trd, 259176.317, 110
Trd, 259176.333, 111
Trd, 259176.450, 137
Trd, 259176.983, 139
Trd, 259177.167, 112
Trd, 259177.317, 138
Trd, 259177.683, 140
Trd, 259177.733, 140
Trd, 259177.933, 139
Trd, 259178.017, 111
Trd, 259178.350, 105
Trd, 259178.383, 104
Trd, 259178.700, 140
Trd, 259178.733, 99
Trd, 259178.833, 97
Trd, 259179.067, 138
Trd, 259179.367, 140
Trd, 259179.417, 140
Trd, 259179.550, 140
Trd, 259179.617, 140
Trd, 259179.717, 140
Trd, 259180.017, 139
Trd, 259180.150, 139
Trd, 259180.317, 140
Trd, 259180.450, 140
Trd, 259180.717, 140
Trd, 259180.983, 140
Trd, 259181.133, 140
Trd, 259181.467, 135
Trd, 259181.717, 101
Trd, 259181.783, 140
Trd, 259182.100, 93
Trd, 259182.850, 140
Trd, 259182.883, 140
Trd, 259183.267, 140
Trd, 259183.633, 140
Trd, 259184.033, 140
Trd, 259184.300, 140
Trd, 259184.317, 140
Trd, 259184.517, 140
Trd, 259184.783, 140
Trd, 259185.050, 140
Trd, 259185.117, 140
Trd, 259185.300, 139
Trd, 259185.483, 138
Trd, 259185.567, 139
Trd, 259185.617, 136
Trd, 259185.850, 137
Trd, 259185.900, 133
Trd, 259186.100, 140
Trd, 259186.117, 130
Trd, 259186.400, 95
Trd, 259186.700, 120
Trd, 259186.967, 123
Trd, 259188.033, 140
Trd, 259188.083, 140
Trd, 259188.167, 140
Trd, 259188.217, 140
Trd, 259188.833, 140
Trd, 259188.850, 140
Trd, 259188.883, 140
Trd, 259189.083, 140
Trd, 259189.333, 140
Trd, 259189.517, 140
Trd, 259189.683, 140
Trd, 259189.917, 140
Trd, 259190.367, 140
Trd, 259190.533, 140
Trd, 259191.117, 140
Trd, 259191.650, 140
Trd, 259191.767, 140
Trd, 259191.967, 140
Trd, 259192.200, 140
Trd, 259192.250, 139
Trd, 259192.350, 139
Trd, 259192.367, 137
Trd, 259192.633, 121
Trd, 259192.817, 138
Trd, 259192.967, 136
Trd, 259193.100, 112
Trd, 259193.117, 111
Trd, 259193.250, 110
Trd, 259193.850, 129
Trd, 259194.067, 130
Trd, 259194.233, 131
Trd, 259194.300, 130
Trd, 259194.517, 120
Trd, 259194.867, 131
Trd, 259194.883, 120
Trd, 259195.167, 122
Trd, 259195.200, 121
Trd, 259195.333, 130
Trd, 259195.450, 120
Trd, 259195.483, 118
Trd, 259196.050, 130
Trd, 259196.117, 138
Trd, 259196.300, 139
Trd, 259196.600, 140
Trd, 259196.617, 140
Trd, 259196.750, 140
Trd, 259197.567, 140
Trd, 259197.617, 140
Trd, 259197.883, 140
Trd, 259198.017, 140
Trd, 259198.150, 140
Trd, 259199.483, 140
Trd, 259199.717, 140
