Trd, 258596.767, 128
Trd, 258596.783, 129
Trd, 258596.800, 93
Trd, 258596.883, 92
Trd, 258597.150, 138
Trd, 258597.583, 135
Trd, 258597.600, 139
Trd, 258597.967, 140
Trd, 258598.467, 140
Trd, 258598.517, 140
Trd, 258598.633, 140
Trd, 258598.700, 140
Trd, 258598.750, 140
Trd, 258599.033, 124
Trd, 258599.050, 123
Trd, 258599.200, 106
Trd, 258599.350, 135
Trd, 258599.733, 134
Trd, 258599.883, 99
Trd, 258599.917, 135
Trd, 258600.433, 84
Trd, 258600.483, 139
Trd, 258600.750, 136
Trd, 258601.050, 131
Trd, 258601.233, 135
Trd, 258601.367, 112
Trd, 258601.483, 136
Trd, 258602.233, 140
Trd, 258602.317, 140
Trd, 258602.567, 140
Trd, 258602.717, 140
Trd, 258602.833, 140
Trd, 258603.317, 140
Trd, 258604.783, 140
Trd, 258604.933, 140
Trd, 258605.117, 140
Trd, 258605.633, 140
Trd, 258605.683, 140
Trd, 258605.917, 140
Trd, 258606.000, 139
Trd, 258606.067, 139
Trd, 258606.150, 139
Trd, 258606.483, 140
Trd, 258607.150, 140
Trd, 258607.367, 140
Trd, 258607.450, 140
Trd, 258607.467, 140
Trd, 258607.517, 139
Trd, 258607.650, 138
Trd, 258607.783, 129
Trd, 258608.167, 135
Trd, 258608.283, 134
Trd, 258608.317, 137
Trd, 258608.717, 139
Trd, 258608.733, 139
Trd, 258608.750, 134
Trd, 258608.967, 129
Trd, 258609.117, 121
Trd, 258609.133, 110
Trd, 258609.367, 140
Trd, 258609.550, 140
Trd, 258610.183, 137
Trd, 258610.333, 137
Trd, 258610.683, 139
Trd, 258610.717, 138
Trd, 258610.767, 136
Trd, 258610.933, 135
Trd, 258611.050, 137
Trd, 258611.183, 135
Trd, 258611.200, 136
Trd, 258611.300, 129
Trd, 258611.367, 136
Trd, 258611.417, 137
Trd, 258611.550, 127
Trd, 258612.050, 140
Trd, 258612.483, 140
Trd, 258613.167, 140
Trd, 258613.333, 140
Trd, 258613.617, 140
Trd, 258613.650, 140
Trd, 258613.767, 140
Trd, 258613.900, 139
Trd, 258613.967, 139
Trd, 258613.983, 138
Trd, 258614.167, 138
Trd, 258614.300, 138
Trd, 258614.383, 137
Trd, 258614.483, 139
Trd, 258614.500, 103
Trd, 258615.067, 138
Trd, 258615.150, 101
Trd, 258615.167, 139
Trd, 258615.350, 140
Trd, 258615.417, 123
Trd, 258615.583, 140
Trd, 258615.800, 139
Trd, 258615.983, 100
Trd, 258616.850, 128
Trd, 258617.117, 129
Trd, 258617.250, 101
Trd, 258617.700, 113
Trd, 258617.767, 122
Trd, 258617.950, 108
Trd, 258617.967, 123
Trd, 258618.017, 124
Trd, 258618.383, 100
Trd, 258618.933, 102
Trd, 258618.983, 124
Trd, 258619.133, 126
Trd, 258619.683, 106
Trd, 258620.567, 140
Trd, 258620.950, 123
Trd, 258621.250, 140
Trd, 258621.650, 138
Trd, 258621.667, 137
Trd, 258622.333, 140
Trd, 258622.367, 140
Trd, 258622.400, 139
Trd, 258622.600, 139
Trd, 258622.650, 138
Trd, 258622.733, 137
Trd, 258622.767, 138
Trd, 258622.950, 137
Trd, 258623.967, 128
Trd, 258624.000, 132
Trd, 258624.200, 130
Trd, 258624.300, 133
Trd, 258624.417, 129
Trd, 258624.517, 130
Trd, 258624.567, 135
Trd, 258624.867, 135
Trd, 258624.950, 135
Trd, 258625.100, 134
Trd, 258625.600, 135
Trd, 258625.700, 136
Trd, 258625.783, 135
Trd, 258625.833, 129
Trd, 258626.183, 138
Trd, 258626.200, 138
Trd, 258626.450, 140
Trd, 258627.000, 139
Trd, 258627.150, 127
Trd, 258627.267, 118
Trd, 258627.300, 117
Trd, 258627.417, 137
Trd, 258627.550, 140
Trd, 258627.867, 116
Trd, 258627.900, 113
Trd, 258629.067, 140
Trd, 258629.767, 140
Trd, 258629.817, 140
Trd, 258630.200, 140
Trd, 258631.017, 140
Trd, 258631.050, 140
Trd, 258631.083, 140
Trd, 258631.150, 140
Trd, 258631.183, 140
Trd, 258631.283, 139
Trd, 258631.517, 139
Trd, 258631.567, 138
Trd, 258631.683, 138
Trd, 258631.867, 135
Trd, 258632.017, 135
Trd, 258632.167, 136
Trd, 258632.183, 137
Trd, 258632.267, 110
Trd, 258632.500, 135
Trd, 258632.533, 136
Trd, 258632.683, 125
Trd, 258633.000, 124
Trd, 258633.067, 107
Trd, 258633.083, 88
Trd, 258633.433, 137
Trd, 258633.650, 138
Trd, 258634.083, 74
Trd, 258634.100, 134
Trd, 258634.133, 137
Trd, 258634.550, 140
Trd, 258634.567, 139
Trd, 258634.800, 139
Trd, 258634.850, 138
Trd, 258634.950, 137
Trd, 258635.600, 128
Trd, 258635.667, 129
Trd, 258636.033, 106
Trd, 258636.150, 103
Trd, 258636.700, 101
Trd, 258636.800, 101
Trd, 258636.850, 102
Trd, 258636.883, 102
Trd, 258636.950, 85
Trd, 258637.017, 101
Trd, 258637.033, 84
Trd, 258637.217, 139
Trd, 258637.417, 140
Trd, 258637.533, 135
Trd, 258637.733, 134
Trd, 258637.850, 135
Trd, 258637.933, 140
Trd, 258638.917, 136
Trd, 258640.217, 140
Trd, 258640.483, 140
Trd, 258640.650, 140
Trd, 258640.683, 140
Trd, 258640.967, 140
Trd, 258641.267, 137
Trd, 258641.433, 136
Trd, 258641.483, 119
Trd, 258641.700, 133
Trd, 258641.867, 135
Trd, 258641.900, 135
Trd, 258641.967, 136
Trd, 258642.067, 133
Trd, 258642.550, 120
Trd, 258642.700, 119
Trd, 258642.983, 126
Trd, 258643.000, 134
Trd, 258643.117, 135
Trd, 258643.167, 136
Trd, 258644.350, 140
Trd, 258644.733, 140
Trd, 258644.967, 140
Trd, 258645.333, 140
Trd, 258645.350, 140
Trd, 258645.417, 140
Trd, 258645.483, 140
Trd, 258645.550, 139
Trd, 258645.633, 137
Trd, 258645.817, 139
Trd, 258646.017, 138
Trd, 258646.217, 137
Trd, 258646.250, 128
Trd, 258646.400, 137
Trd, 258646.517, 135
Trd, 258646.633, 127
Trd, 258646.767, 126
Trd, 258646.783, 87
Trd, 258647.283, 134
Trd, 258647.500, 98
Trd, 258647.583, 135
Trd, 258647.650, 76
Trd, 258648.250, 127
Trd, 258648.317, 125
Trd, 258648.350, 83
Trd, 258648.467, 83
Trd, 258648.633, 133
Trd, 258648.867, 135
Trd, 258649.350, 138
Trd, 258649.717, 88
Trd, 258649.817, 69
Trd, 258650.183, 140
Trd, 258650.583, 140
Trd, 258650.700, 140
Trd, 258650.717, 140
Trd, 258650.967, 140
Trd, 258651.033, 140
Trd, 258651.117, 140
Trd, 258651.150, 139
Trd, 258651.483, 139
Trd, 258651.583, 138
Trd, 258651.600, 138
Trd, 258651.950, 105
Trd, 258652.033, 63
Trd, 258652.517, 60
Trd, 258652.633, 60
Trd, 258652.683, 63
Trd, 258653.033, 139
Trd, 258653.467, 139
Trd, 258653.550, 136
Trd, 258653.833, 140
Trd, 258653.883, 128
Trd, 258654.433, 140
Trd, 258654.500, 140
Trd, 258654.683, 138
Trd, 258654.983, 140
Trd, 258655.067, 139
Trd, 258656.017, 140
Trd, 258656.083, 139
Trd, 258656.333, 138
Trd, 258656.550, 133
Trd, 258656.567, 132
Trd, 258656.650, 138
Trd, 258657.267, 129
Trd, 258657.333, 129
Trd, 258657.367, 133
Trd, 258657.483, 134
Trd, 258657.583, 128
Trd, 258658.033, 130
Trd, 258658.183, 127
Trd, 258658.217, 126
Trd, 258658.433, 128
Trd, 258658.533, 129
Trd, 258658.883, 129
Trd, 258659.000, 127
Trd, 258659.050, 129
Trd, 258659.667, 127
Trd, 258659.867, 128
Trd, 258659.917, 129
Trd, 258660.017, 119
Trd, 258660.167, 84
Trd, 258660.333, 107
Trd, 258660.350, 81
Trd, 258660.550, 124
Trd, 258660.583, 112
Trd, 258661.367, 140
Trd, 258661.800, 140
Trd, 258661.967, 140
Trd, 258662.033, 140
Trd, 258662.250, 140
Trd, 258662.333, 140
Trd, 258662.417, 131
Trd, 258662.833, 140
Trd, 258664.150, 140
Trd, 258664.217, 140
Trd, 258664.367, 138
Trd, 258664.417, 139
Trd, 258664.750, 139
Trd, 258664.900, 138
Trd, 258665.550, 136
Trd, 258665.767, 135
Trd, 258666.000, 132
Trd, 258666.083, 135
Trd, 258666.100, 136
Trd, 258666.400, 111
Trd, 258666.500, 98
Trd, 258666.550, 90
Trd, 258666.967, 89
Trd, 258667.117, 105
Trd, 258667.183, 132
Trd, 258667.217, 87
Trd, 258667.367, 131
Trd, 258667.433, 129
Trd, 258667.533, 100
Trd, 258667.833, 122
Trd, 258667.850, 123
Trd, 258668.083, 126
Trd, 258668.117, 87
Trd, 258668.133, 128
Trd, 258668.233, 131
Trd, 258668.450, 65
Trd, 258668.550, 60
Trd, 258668.717, 66
Trd, 258668.817, 65
Trd, 258669.217, 61
Trd, 258669.700, 60
Trd, 258669.767, 62
Trd, 258670.000, 63
Trd, 258670.083, 96
Trd, 258670.667, 61
Trd, 258670.867, 61
Trd, 258670.983, 62
Trd, 258671.083, 97
Trd, 258671.833, 60
Trd, 258672.167, 60
Trd, 258672.217, 60
Trd, 258672.600, 60
Trd, 258672.733, 60
Trd, 258672.867, 60
Trd, 258673.067, 60
Trd, 258673.317, 60
Trd, 258673.500, 60
Trd, 258673.650, 60
Trd, 258673.800, 60
Trd, 258673.900, 61
Trd, 258674.433, 60
Trd, 258674.483, 60
Trd, 258674.733, 60
Trd, 258674.983, 60
Trd, 258675.383, 60
Trd, 258675.533, 61
Trd, 258675.600, 61
Trd, 258675.683, 63
Trd, 258675.850, 63
Trd, 258675.883, 66
Trd, 258676.333, 63
Trd, 258676.467, 60
Trd, 258676.650, 63
Trd, 258676.850, 64
Trd, 258676.933, 70
Trd, 258677.067, 61
Trd, 258677.133, 84
Trd, 258677.383, 60
Trd, 258677.400, 60
Trd, 258677.550, 60
Trd, 258677.567, 60
Trd, 258678.233, 139
Trd, 258678.550, 140
Trd, 258678.650, 140
Trd, 258678.783, 140
Trd, 258679.050, 140
Trd, 258679.350, 139
Trd, 258679.500, 139
Trd, 258679.667, 140
Trd, 258679.767, 139
Trd, 258680.000, 140
Trd, 258680.083, 123
Trd, 258680.150, 140
Trd, 258680.233, 140
Trd, 258680.333, 84
Trd, 258680.800, 98
Trd, 258680.900, 116
Trd, 258680.933, 80
Trd, 258681.267, 137
Trd, 258681.717, 139
Trd, 258682.633, 140
Trd, 258682.700, 140
Trd, 258683.033, 140
Trd, 258683.100, 140
Trd, 258683.150, 140
Trd, 258683.517, 138
Trd, 258683.550, 137
Trd, 258683.767, 135
Trd, 258683.883, 123
Trd, 258684.300, 114
Trd, 258684.450, 114
Trd, 258685.067, 140
Trd, 258685.250, 140
Trd, 258685.517, 140
Trd, 258686.050, 140
Trd, 258686.117, 139
Trd, 258686.283, 140
Trd, 258686.433, 139
Trd, 258686.483, 138
Trd, 258686.533, 136
Trd, 258686.633, 138
Trd, 258686.733, 138
Trd, 258686.800, 136
Trd, 258686.850, 139
Trd, 258687.433, 140
Trd, 258687.517, 139
Trd, 258687.667, 136
Trd, 258688.250, 130
Trd, 258688.567, 127
Trd, 258688.617, 126
Trd, 258688.733, 125
Trd, 258689.033, 139
Trd, 258689.617, 140
Trd, 258690.717, 140
Trd, 258690.983, 140
Trd, 258691.017, 140
Trd, 258691.033, 140
Trd, 258691.117, 139
Trd, 258691.150, 139
Trd, 258691.400, 140
Trd, 258691.550, 140
Trd, 258691.683, 140
Trd, 258691.800, 140
Trd, 258691.967, 140
Trd, 258692.533, 140
Trd, 258692.667, 140
Trd, 258692.700, 140
Trd, 258692.900, 140
Trd, 258692.933, 140
Trd, 258693.017, 140
Trd, 258693.050, 139
Trd, 258693.167, 137
Trd, 258693.533, 111
Trd, 258693.717, 140
Trd, 258693.900, 140
Trd, 258693.917, 140
Trd, 258695.733, 140
Trd, 258695.933, 140
Trd, 258697.200, 140
Trd, 258697.317, 140
Trd, 258697.500, 140
Trd, 258697.833, 140
Trd, 258697.900, 140
Trd, 258697.950, 140
Trd, 258698.150, 140
Trd, 258698.183, 140
Trd, 258698.317, 140
Trd, 258698.350, 140
Trd, 258698.383, 140
Trd, 258698.467, 140
Trd, 258698.650, 140
Trd, 258698.800, 140
Trd, 258698.817, 139
Trd, 258698.917, 139
Trd, 258698.950, 137
Trd, 258699.283, 137
Trd, 258700.067, 140
Trd, 258700.233, 139
Trd, 258700.417, 140
Trd, 258700.450, 139
Trd, 258700.650, 139
Trd, 258700.767, 139
Trd, 258701.033, 138
Trd, 258701.233, 120
Trd, 258701.267, 109
Trd, 258701.367, 138
Trd, 258701.583, 83
Trd, 258701.617, 139
Trd, 258701.683, 139
Trd, 258701.733, 140
Trd, 258702.433, 126
Trd, 258702.567, 134
Trd, 258702.600, 125
Trd, 258702.883, 130
Trd, 258702.917, 131
Trd, 258703.333, 78
Trd, 258703.483, 77
Trd, 258703.833, 86
Trd, 258704.100, 77
Trd, 258704.150, 128
Trd, 258704.233, 77
Trd, 258704.267, 133
Trd, 258704.667, 77
Trd, 258704.833, 132
Trd, 258704.900, 133
Trd, 258704.933, 114
Trd, 258705.200, 134
Trd, 258705.250, 60
Trd, 258706.350, 134
Trd, 258706.567, 134
Trd, 258706.633, 133
Trd, 258706.883, 140
Trd, 258707.283, 140
Trd, 258707.733, 140
Trd, 258707.900, 140
Trd, 258709.150, 140
Trd, 258709.733, 140
Trd, 258709.833, 140
Trd, 258710.433, 140
Trd, 258710.517, 140
Trd, 258710.533, 140
Trd, 258711.000, 140
Trd, 258711.067, 140
Trd, 258711.250, 139
Trd, 258711.317, 139
Trd, 258711.417, 139
Trd, 258711.633, 139
Trd, 258711.717, 138
Trd, 258711.767, 139
Trd, 258711.950, 139
Trd, 258711.967, 138
Trd, 258711.983, 140
Trd, 258712.200, 137
Trd, 258712.267, 131
Trd, 258712.333, 139
Trd, 258712.367, 130
Trd, 258712.500, 139
Trd, 258712.800, 135
Trd, 258712.833, 137
Trd, 258713.083, 117
Trd, 258713.300, 117
Trd, 258713.833, 121
Trd, 258714.233, 127
Trd, 258714.300, 129
Trd, 258714.650, 127
Trd, 258714.967, 109
Trd, 258714.983, 106
Trd, 258715.050, 131
Trd, 258715.400, 128
Trd, 258715.817, 125
Trd, 258716.067, 126
Trd, 258716.200, 129
Trd, 258716.400, 100
Trd, 258716.483, 129
Trd, 258716.633, 140
Trd, 258716.817, 140
Trd, 258717.217, 140
Trd, 258717.250, 122
Trd, 258717.283, 100
Trd, 258717.617, 127
Trd, 258717.783, 106
Trd, 258717.917, 115
Trd, 258717.983, 96
Trd, 258718.950, 140
Trd, 258719.283, 140
Trd, 258719.317, 140
Trd, 258719.717, 140
Trd, 258720.083, 140
Trd, 258720.850, 140
Trd, 258721.033, 140
Trd, 258721.233, 140
Trd, 258721.300, 140
Trd, 258721.700, 140
Trd, 258722.167, 140
Trd, 258723.033, 140
Trd, 258723.133, 140
Trd, 258723.167, 140
Trd, 258723.250, 140
Trd, 258723.450, 140
Trd, 258723.550, 140
Trd, 258723.633, 140
Trd, 258723.683, 140
Trd, 258723.717, 140
Trd, 258723.850, 140
Trd, 258723.917, 139
Trd, 258724.217, 139
Trd, 258724.450, 138
Trd, 258724.783, 138
Trd, 258724.817, 139
Trd, 258724.850, 138
Trd, 258724.917, 140
Trd, 258725.150, 140
Trd, 258725.183, 140
Trd, 258725.217, 137
Trd, 258725.700, 136
Trd, 258726.233, 122
Trd, 258726.683, 137
Trd, 258726.700, 138
Trd, 258727.067, 133
Trd, 258727.250, 133
Trd, 258727.433, 133
Trd, 258727.467, 132
Trd, 258727.900, 132
Trd, 258727.917, 120
Trd, 258727.967, 133
Trd, 258728.100, 140
Trd, 258728.333, 135
Trd, 258728.983, 128
Trd, 258729.033, 130
Trd, 258729.517, 139
Trd, 258729.550, 136
Trd, 258729.717, 111
Trd, 258729.800, 88
Trd, 258730.367, 140
Trd, 258730.617, 140
Trd, 258730.767, 140
Trd, 258730.850, 140
Trd, 258732.217, 140
Trd, 258732.467, 140
Trd, 258732.483, 140
Trd, 258732.633, 140
Trd, 258732.767, 140
Trd, 258732.850, 140
Trd, 258732.967, 140
Trd, 258733.050, 140
Trd, 258733.200, 139
Trd, 258733.233, 140
Trd, 258733.350, 140
Trd, 258733.483, 139
Trd, 258733.533, 138
Trd, 258733.683, 140
Trd, 258734.033, 138
Trd, 258734.083, 137
Trd, 258734.117, 137
Trd, 258734.350, 121
Trd, 258734.367, 119
Trd, 258734.417, 139
Trd, 258734.533, 138
Trd, 258734.617, 119
Trd, 258734.667, 118
Trd, 258734.783, 139
Trd, 258734.833, 137
Trd, 258735.017, 131
Trd, 258735.867, 139
Trd, 258737.067, 140
Trd, 258737.617, 140
Trd, 258737.883, 140
Trd, 258738.017, 140
Trd, 258738.167, 140
Trd, 258738.300, 140
Trd, 258738.650, 140
Trd, 258739.117, 140
Trd, 258739.467, 140
Trd, 258739.800, 140
Trd, 258739.817, 140
Trd, 258740.600, 140
Trd, 258740.983, 140
Trd, 258741.033, 140
Trd, 258741.083, 140
Trd, 258741.450, 140
Trd, 258742.067, 140
Trd, 258742.167, 140
Trd, 258742.783, 140
Trd, 258742.883, 140
Trd, 258743.033, 140
Trd, 258743.117, 140
Trd, 258743.150, 140
Trd, 258743.700, 140
Trd, 258743.867, 140
Trd, 258743.917, 139
Trd, 258744.017, 138
Trd, 258744.150, 134
Trd, 258744.267, 133
Trd, 258744.350, 139
Trd, 258744.450, 125
Trd, 258744.750, 140
Trd, 258744.933, 125
Trd, 258744.967, 124
Trd, 258745.350, 115
Trd, 258745.417, 134
Trd, 258745.600, 133
Trd, 258745.850, 114
Trd, 258746.183, 129
Trd, 258746.250, 113
Trd, 258746.267, 95
Trd, 258746.400, 100
Trd, 258746.633, 61
Trd, 258746.800, 94
Trd, 258746.900, 66
Trd, 258747.133, 96
Trd, 258747.217, 96
Trd, 258747.750, 94
Trd, 258748.033, 91
Trd, 258748.067, 92
Trd, 258748.233, 93
Trd, 258748.400, 95
Trd, 258748.633, 85
Trd, 258748.933, 94
Trd, 258749.117, 95
Trd, 258749.433, 63
Trd, 258749.567, 96
Trd, 258749.733, 138
Trd, 258750.250, 65
Trd, 258750.267, 63
Trd, 258750.367, 65
Trd, 258750.567, 64
Trd, 258750.933, 63
Trd, 258751.000, 65
Trd, 258751.117, 66
Trd, 258751.317, 62
Trd, 258751.367, 108
Trd, 258752.267, 140
Trd, 258752.283, 140
Trd, 258752.533, 140
Trd, 258752.583, 140
Trd, 258753.167, 140
Trd, 258753.183, 140
Trd, 258753.833, 140
Trd, 258754.500, 140
Trd, 258754.650, 140
Trd, 258754.683, 140
Trd, 258754.833, 140
Trd, 258754.850, 140
Trd, 258755.100, 140
Trd, 258755.417, 140
Trd, 258755.533, 140
Trd, 258755.783, 139
Trd, 258755.817, 140
Trd, 258755.950, 139
Trd, 258756.017, 138
Trd, 258756.250, 137
Trd, 258756.483, 139
Trd, 258756.600, 138
Trd, 258756.833, 136
Trd, 258756.900, 137
Trd, 258757.067, 138
Trd, 258757.333, 139
Trd, 258757.433, 135
Trd, 258757.450, 130
Trd, 258757.667, 140
Trd, 258757.833, 130
Trd, 258758.667, 140
Trd, 258758.767, 140
Trd, 258758.883, 140
Trd, 258758.983, 140
Trd, 258759.567, 140
Trd, 258759.650, 140
Trd, 258760.100, 139
Trd, 258760.333, 137
Trd, 258760.600, 118
Trd, 258760.633, 138
Trd, 258761.067, 139
Trd, 258761.367, 124
Trd, 258761.550, 133
Trd, 258761.683, 109
Trd, 258761.900, 135
Trd, 258762.333, 134
Trd, 258762.683, 129
Trd, 258762.700, 128
Trd, 258762.783, 132
Trd, 258762.883, 120
Trd, 258762.917, 134
Trd, 258763.000, 135
Trd, 258763.300, 118
Trd, 258763.450, 133
Trd, 258763.633, 119
Trd, 258763.683, 118
Trd, 258763.917, 107
Trd, 258763.933, 133
Trd, 258764.050, 131
Trd, 258764.433, 82
Trd, 258764.783, 129
Trd, 258765.000, 130
Trd, 258765.150, 140
Trd, 258765.483, 138
Trd, 258765.617, 110
Trd, 258765.633, 105
Trd, 258766.100, 102
Trd, 258766.217, 101
Trd, 258766.567, 140
Trd, 258766.600, 140
Trd, 258767.250, 140
Trd, 258767.667, 140
Trd, 258767.700, 140
Trd, 258768.300, 140
Trd, 258768.333, 140
Trd, 258768.933, 140
Trd, 258769.000, 140
Trd, 258769.017, 140
Trd, 258769.033, 140
Trd, 258769.267, 140
Trd, 258769.400, 140
Trd, 258769.583, 140
Trd, 258769.800, 138
Trd, 258769.933, 139
Trd, 258769.983, 140
Trd, 258770.183, 139
Trd, 258770.433, 137
Trd, 258771.400, 134
Trd, 258771.550, 131
Trd, 258771.567, 132
Trd, 258771.850, 132
Trd, 258772.050, 133
Trd, 258772.383, 132
Trd, 258772.467, 133
Trd, 258772.533, 131
Trd, 258772.567, 134
Trd, 258772.617, 123
Trd, 258772.867, 98
Trd, 258772.967, 78
Trd, 258772.983, 134
Trd, 258773.067, 139
Trd, 258773.117, 76
Trd, 258773.217, 76
Trd, 258773.717, 140
Trd, 258773.950, 140
Trd, 258774.050, 140
Trd, 258774.583, 140
Trd, 258774.733, 140
Trd, 258774.817, 96
Trd, 258775.050, 140
Trd, 258775.250, 136
Trd, 258775.317, 90
Trd, 258775.767, 140
Trd, 258776.133, 140
Trd, 258776.417, 140
Trd, 258776.767, 140
Trd, 258776.900, 140
Trd, 258776.917, 140
Trd, 258777.117, 140
Trd, 258777.150, 140
Trd, 258777.267, 139
Trd, 258777.433, 139
Trd, 258777.500, 138
Trd, 258777.717, 139
Trd, 258777.850, 138
Trd, 258778.000, 138
Trd, 258778.050, 139
Trd, 258778.333, 140
Trd, 258778.433, 139
Trd, 258778.650, 137
Trd, 258778.667, 137
Trd, 258779.617, 140
Trd, 258779.733, 140
Trd, 258779.833, 140
Trd, 258780.350, 139
Trd, 258780.550, 140
Trd, 258781.083, 140
Trd, 258781.633, 140
Trd, 258781.800, 140
Trd, 258782.367, 140
Trd, 258782.567, 140
Trd, 258783.250, 140
Trd, 258783.300, 140
Trd, 258783.433, 140
Trd, 258783.500, 140
Trd, 258783.633, 140
Trd, 258783.650, 139
Trd, 258783.767, 140
Trd, 258783.800, 139
Trd, 258783.833, 138
Trd, 258783.950, 138
Trd, 258784.050, 140
Trd, 258784.150, 140
Trd, 258784.267, 134
Trd, 258784.333, 139
Trd, 258784.617, 136
Trd, 258784.700, 139
Trd, 258784.917, 135
Trd, 258785.083, 138
Trd, 258785.133, 140
Trd, 258785.533, 139
Trd, 258785.900, 116
Trd, 258785.917, 109
Trd, 258785.950, 135
Trd, 258786.117, 97
Trd, 258786.133, 97
Trd, 258787.250, 133
Trd, 258787.500, 135
Trd, 258787.533, 127
Trd, 258787.667, 133
Trd, 258787.800, 134
Trd, 258788.267, 131
Trd, 258788.483, 132
Trd, 258788.533, 132
Trd, 258788.600, 130
Trd, 258789.167, 140
Trd, 258789.533, 140
Trd, 258789.667, 140
Trd, 258789.933, 140
Trd, 258790.267, 140
Trd, 258790.517, 140
Trd, 258790.900, 140
Trd, 258791.433, 140
Trd, 258791.483, 140
Trd, 258791.683, 140
Trd, 258791.783, 139
Trd, 258792.083, 140
Trd, 258792.267, 139
Trd, 258792.283, 140
Trd, 258792.367, 135
Trd, 258792.450, 140
Trd, 258792.883, 123
Trd, 258793.300, 128
Trd, 258793.367, 129
Trd, 258793.383, 130
Trd, 258793.650, 128
Trd, 258793.667, 129
Trd, 258793.900, 123
Trd, 258793.933, 127
Trd, 258794.250, 118
Trd, 258794.367, 117
Trd, 258794.500, 123
Trd, 258794.733, 124
Trd, 258795.000, 118
Trd, 258795.033, 127
Trd, 258795.250, 124
Trd, 258795.733, 118
Trd, 258795.783, 119
Trd, 258795.850, 120
Trd, 258796.017, 121
Trd, 258796.300, 120
Trd, 258796.333, 117
Trd, 258796.600, 122
Trd, 258796.733, 123
Trd, 258797.067, 61
Trd, 258797.250, 61
Trd, 258797.267, 62
Trd, 258797.317, 103
Trd, 258797.817, 60
Trd, 258797.967, 60
Trd, 258798.050, 61
Trd, 258798.150, 62
Trd, 258798.383, 65
Trd, 258798.583, 68
Trd, 258798.700, 123
Trd, 258799.167, 134
Trd, 258799.250, 92
Trd, 258799.367, 93
Trd, 258799.383, 92
Trd, 258799.533, 135
Trd, 258799.950, 140
Trd, 258801.533, 140
Trd, 258801.733, 140
Trd, 258801.783, 140
Trd, 258801.800, 140
Trd, 258801.833, 139
Trd, 258802.617, 140
Trd, 258802.650, 140
Trd, 258802.667, 140
Trd, 258802.750, 140
Trd, 258802.800, 139
Trd, 258802.867, 140
Trd, 258802.983, 140
Trd, 258803.033, 139
Trd, 258803.050, 124
Trd, 258803.400, 120
Trd, 258803.583, 110
Trd, 258803.650, 121
Trd, 258804.083, 93
Trd, 258804.533, 140
Trd, 258804.583, 139
Trd, 258804.883, 136
Trd, 258805.167, 140
Trd, 258805.467, 140
Trd, 258805.600, 138
Trd, 258805.650, 92
Trd, 258805.717, 139
Trd, 258806.200, 139
Trd, 258806.267, 139
Trd, 258806.283, 136
Trd, 258806.883, 136
Trd, 258806.967, 138
Trd, 258807.433, 137
Trd, 258807.467, 139
Trd, 258807.583, 135
Trd, 258807.700, 139
Trd, 258807.983, 132
Trd, 258808.067, 112
Trd, 258808.367, 140
Trd, 258808.417, 140
Trd, 258808.450, 112
Trd, 258808.500, 107
Trd, 258809.167, 140
Trd, 258809.233, 132
Trd, 258809.933, 115
Trd, 258809.967, 119
Trd, 258810.083, 121
Trd, 258810.433, 120
Trd, 258810.467, 121
Trd, 258810.533, 119
Trd, 258810.667, 114
Trd, 258810.700, 110
Trd, 258811.017, 114
Trd, 258811.133, 122
Trd, 258812.400, 140
Trd, 258812.617, 140
Trd, 258812.867, 140
Trd, 258813.183, 140
Trd, 258813.417, 140
Trd, 258813.517, 140
Trd, 258813.600, 140
Trd, 258813.617, 140
Trd, 258813.717, 126
Trd, 258813.733, 139
Trd, 258813.917, 138
Trd, 258814.033, 110
Trd, 258814.283, 137
Trd, 258814.600, 129
Trd, 258814.650, 134
Trd, 258814.750, 135
Trd, 258814.917, 136
Trd, 258814.983, 138
Trd, 258815.550, 119
Trd, 258815.683, 140
Trd, 258816.083, 139
Trd, 258816.217, 140
Trd, 258817.000, 140
Trd, 258817.050, 140
Trd, 258817.150, 140
Trd, 258817.267, 139
Trd, 258817.600, 140
Trd, 258818.100, 140
Trd, 258818.167, 140
Trd, 258818.250, 138
Trd, 258818.533, 138
Trd, 258819.367, 140
Trd, 258819.800, 140
Trd, 258819.833, 140
Trd, 258820.133, 140
Trd, 258820.167, 140
Trd, 258820.367, 140
Trd, 258820.400, 140
Trd, 258820.767, 140
Trd, 258821.017, 140
Trd, 258821.367, 140
Trd, 258821.433, 140
Trd, 258821.667, 128
Trd, 258821.783, 138
Trd, 258821.967, 112
Trd, 258822.067, 103
Trd, 258822.083, 92
Trd, 258822.100, 88
Trd, 258822.300, 115
Trd, 258822.583, 90
Trd, 258822.650, 119
Trd, 258823.950, 140
Trd, 258824.367, 140
Trd, 258824.383, 140
Trd, 258824.750, 140
Trd, 258824.783, 140
Trd, 258825.250, 140
Trd, 258825.283, 140
Trd, 258825.367, 139
Trd, 258825.517, 139
Trd, 258825.533, 138
Trd, 258825.617, 138
Trd, 258825.883, 138
Trd, 258825.917, 114
Trd, 258825.983, 113
Trd, 258826.250, 120
Trd, 258826.400, 140
Trd, 258826.533, 139
Trd, 258826.600, 81
Trd, 258826.767, 140
Trd, 258826.983, 140
Trd, 258827.017, 140
Trd, 258827.350, 114
Trd, 258827.517, 138
Trd, 258828.017, 133
Trd, 258828.117, 134
Trd, 258828.333, 125
Trd, 258828.700, 135
Trd, 258829.250, 132
Trd, 258829.283, 135
Trd, 258829.500, 134
Trd, 258829.917, 123
Trd, 258829.967, 122
Trd, 258830.083, 123
Trd, 258830.100, 130
Trd, 258830.700, 140
Trd, 258830.733, 140
Trd, 258830.783, 140
Trd, 258831.583, 140
Trd, 258831.800, 140
Trd, 258832.000, 140
Trd, 258832.233, 140
Trd, 258832.367, 140
Trd, 258832.550, 140
Trd, 258832.650, 139
Trd, 258833.183, 140
Trd, 258833.317, 140
Trd, 258833.383, 139
Trd, 258833.550, 139
Trd, 258834.017, 140
Trd, 258834.183, 140
Trd, 258834.217, 139
Trd, 258834.433, 138
Trd, 258834.900, 134
Trd, 258835.083, 138
Trd, 258835.133, 139
Trd, 258835.733, 137
Trd, 258835.867, 138
Trd, 258835.933, 136
Trd, 258835.967, 138
Trd, 258836.033, 139
Trd, 258836.450, 135
Trd, 258836.467, 136
Trd, 258836.933, 134
Trd, 258836.983, 135
Trd, 258837.133, 132
Trd, 258837.183, 136
Trd, 258837.433, 140
Trd, 258837.783, 140
Trd, 258837.933, 133
Trd, 258838.400, 139
Trd, 258838.633, 139
Trd, 258838.667, 127
Trd, 258839.183, 139
Trd, 258839.367, 140
Trd, 258839.500, 140
Trd, 258840.067, 140
Trd, 258840.683, 140
Trd, 258840.750, 140
Trd, 258841.083, 140
Trd, 258841.267, 139
Trd, 258841.400, 136
Trd, 258841.583, 133
Trd, 258841.600, 134
Trd, 258841.617, 135
Trd, 258841.683, 129
Trd, 258841.800, 134
Trd, 258841.833, 135
Trd, 258841.900, 129
Trd, 258842.167, 138
Trd, 258842.333, 134
Trd, 258842.383, 116
Trd, 258842.617, 135
Trd, 258842.867, 136
Trd, 258842.933, 130
Trd, 258843.283, 121
Trd, 258843.567, 135
Trd, 258843.750, 128
Trd, 258844.067, 133
Trd, 258844.433, 133
Trd, 258844.500, 134
Trd, 258844.867, 140
Trd, 258845.317, 140
Trd, 258846.467, 140
Trd, 258846.500, 140
Trd, 258846.650, 140
Trd, 258847.017, 140
Trd, 258847.383, 140
Trd, 258847.483, 140
Trd, 258847.700, 140
Trd, 258847.750, 140
Trd, 258848.133, 140
Trd, 258848.333, 140
Trd, 258848.433, 137
Trd, 258848.667, 136
Trd, 258848.683, 124
Trd, 258848.850, 131
Trd, 258849.100, 119
Trd, 258849.333, 130
Trd, 258849.433, 130
Trd, 258849.567, 129
Trd, 258849.850, 127
Trd, 258849.983, 127
Trd, 258850.067, 116
Trd, 258850.100, 126
Trd, 258850.267, 109
Trd, 258850.400, 87
Trd, 258850.417, 91
Trd, 258850.483, 62
Trd, 258850.733, 60
Trd, 258851.000, 60
Trd, 258851.400, 60
Trd, 258851.733, 60
Trd, 258851.750, 60
Trd, 258851.950, 60
Trd, 258852.000, 60
Trd, 258852.200, 62
Trd, 258852.483, 61
Trd, 258852.900, 60
Trd, 258853.117, 60
Trd, 258853.167, 61
Trd, 258853.200, 61
Trd, 258853.300, 64
Trd, 258853.733, 132
Trd, 258853.783, 133
Trd, 258854.083, 60
Trd, 258854.150, 61
Trd, 258854.183, 81
Trd, 258854.517, 140
Trd, 258855.133, 140
Trd, 258856.117, 140
Trd, 258856.267, 140
Trd, 258856.400, 140
Trd, 258856.417, 140
Trd, 258856.917, 140
Trd, 258857.033, 140
Trd, 258857.050, 140
Trd, 258857.417, 140
Trd, 258857.550, 140
Trd, 258857.733, 140
Trd, 258858.633, 140
Trd, 258858.867, 140
Trd, 258859.267, 140
Trd, 258859.450, 140
Trd, 258859.617, 140
Trd, 258859.683, 140
Trd, 258859.783, 140
Trd, 258859.850, 139
Trd, 258859.900, 140
Trd, 258859.983, 140
Trd, 258860.067, 140
Trd, 258860.100, 139
Trd, 258860.150, 139
Trd, 258860.317, 136
Trd, 258860.617, 110
Trd, 258860.783, 140
Trd, 258860.833, 139
Trd, 258860.850, 139
Trd, 258861.000, 140
Trd, 258861.067, 140
Trd, 258861.300, 135
Trd, 258861.717, 127
Trd, 258862.050, 136
Trd, 258862.433, 137
Trd, 258863.083, 128
Trd, 258863.267, 127
Trd, 258863.350, 126
Trd, 258863.633, 124
Trd, 258863.717, 125
Trd, 258863.733, 122
Trd, 258863.800, 121
Trd, 258863.833, 124
Trd, 258863.850, 125
Trd, 258863.917, 126
Trd, 258864.167, 120
Trd, 258864.683, 106
Trd, 258864.900, 93
Trd, 258865.400, 122
Trd, 258865.417, 126
Trd, 258865.533, 68
Trd, 258865.850, 69
Trd, 258866.017, 118
Trd, 258866.183, 60
Trd, 258866.833, 139
Trd, 258866.883, 139
Trd, 258867.050, 140
Trd, 258867.150, 140
Trd, 258867.267, 140
Trd, 258867.367, 140
Trd, 258867.400, 140
Trd, 258867.967, 140
Trd, 258868.233, 140
Trd, 258868.267, 139
Trd, 258868.467, 139
Trd, 258868.483, 139
Trd, 258868.583, 138
Trd, 258868.717, 128
Trd, 258869.133, 140
Trd, 258869.383, 140
Trd, 258869.583, 139
Trd, 258870.067, 139
Trd, 258870.933, 140
Trd, 258871.033, 140
Trd, 258871.817, 140
Trd, 258871.833, 140
Trd, 258871.883, 140
Trd, 258872.117, 140
Trd, 258872.283, 137
Trd, 258872.433, 140
Trd, 258872.750, 140
Trd, 258873.050, 140
Trd, 258873.067, 140
Trd, 258873.117, 134
Trd, 258873.367, 138
Trd, 258873.500, 139
Trd, 258873.550, 130
Trd, 258873.633, 95
Trd, 258873.833, 89
Trd, 258874.033, 126
Trd, 258874.133, 139
Trd, 258874.250, 138
Trd, 258874.683, 137
Trd, 258875.000, 138
Trd, 258875.133, 128
Trd, 258875.750, 129
Trd, 258875.967, 131
Trd, 258876.083, 132
Trd, 258876.117, 128
Trd, 258876.200, 128
Trd, 258876.250, 123
Trd, 258876.467, 133
Trd, 258876.750, 134
Trd, 258876.983, 137
Trd, 258877.000, 134
Trd, 258877.717, 140
Trd, 258877.917, 140
Trd, 258878.217, 140
Trd, 258878.317, 139
Trd, 258878.367, 140
Trd, 258878.933, 140
Trd, 258879.217, 140
Trd, 258879.333, 140
Trd, 258879.550, 140
Trd, 258879.583, 138
Trd, 258879.967, 137
Trd, 258879.983, 137
Trd, 258880.150, 136
Trd, 258880.233, 135
Trd, 258880.250, 134
Trd, 258880.467, 136
Trd, 258880.667, 115
Trd, 258880.917, 135
Trd, 258881.033, 135
Trd, 258881.200, 132
Trd, 258881.400, 134
Trd, 258882.150, 130
Trd, 258882.217, 131
Trd, 258882.583, 116
Trd, 258882.783, 115
Trd, 258882.817, 96
Trd, 258882.967, 118
Trd, 258883.000, 119
Trd, 258883.283, 95
Trd, 258883.367, 76
Trd, 258883.567, 119
Trd, 258883.867, 77
Trd, 258884.067, 117
Trd, 258884.167, 118
Trd, 258884.517, 118
Trd, 258884.667, 118
Trd, 258884.700, 119
Trd, 258884.750, 120
Trd, 258884.767, 75
Trd, 258885.200, 73
Trd, 258885.233, 68
Trd, 258885.283, 138
Trd, 258885.350, 139
Trd, 258885.867, 135
Trd, 258886.033, 120
Trd, 258886.717, 140
Trd, 258886.883, 140
Trd, 258887.067, 140
Trd, 258888.000, 140
Trd, 258888.183, 140
Trd, 258888.283, 140
Trd, 258888.533, 140
Trd, 258888.550, 140
Trd, 258888.617, 140
Trd, 258888.867, 139
Trd, 258888.883, 139
Trd, 258889.133, 139
Trd, 258889.167, 138
Trd, 258889.200, 127
Trd, 258889.367, 138
Trd, 258889.383, 124
Trd, 258889.633, 95
Trd, 258889.700, 100
Trd, 258889.717, 89
Trd, 258889.900, 72
Trd, 258890.367, 77
Trd, 258890.450, 134
Trd, 258890.600, 134
Trd, 258890.917, 128
Trd, 258891.133, 129
Trd, 258891.433, 60
Trd, 258891.617, 98
Trd, 258891.767, 131
Trd, 258891.783, 67
Trd, 258891.917, 132
Trd, 258892.083, 105
Trd, 258892.250, 106
Trd, 258892.300, 64
Trd, 258892.817, 60
Trd, 258893.083, 73
Trd, 258893.433, 60
Trd, 258893.617, 61
Trd, 258894.283, 62
Trd, 258894.467, 65
Trd, 258894.883, 73
Trd, 258894.900, 67
Trd, 258894.950, 126
Trd, 258895.200, 140
Trd, 258895.567, 140
Trd, 258895.733, 140
Trd, 258896.150, 140
Trd, 258896.500, 140
Trd, 258896.533, 140
Trd, 258896.583, 140
Trd, 258897.000, 140
Trd, 258897.217, 140
Trd, 258897.533, 140
Trd, 258897.617, 140
Trd, 258897.633, 140
Trd, 258898.100, 140
Trd, 258898.183, 140
Trd, 258898.267, 140
Trd, 258898.283, 139
Trd, 258898.700, 139
Trd, 258898.883, 140
Trd, 258899.167, 140
Trd, 258899.217, 140
Trd, 258899.250, 140
Trd, 258899.383, 131
Trd, 258899.467, 130
Trd, 258899.950, 138
Trd, 258900.033, 140
Trd, 258900.150, 112
Trd, 258900.283, 110
Trd, 258900.317, 105
Trd, 258900.517, 138
Trd, 258900.600, 139
Trd, 258901.017, 107
Trd, 258901.083, 140
Trd, 258901.167, 136
Trd, 258901.217, 86
Trd, 258901.533, 84
Trd, 258901.550, 75
Trd, 258902.350, 140
Trd, 258903.800, 140
Trd, 258903.983, 140
Trd, 258904.133, 140
Trd, 258904.150, 140
Trd, 258904.483, 140
Trd, 258904.600, 140
Trd, 258904.633, 140
Trd, 258904.783, 140
Trd, 258904.817, 140
Trd, 258905.083, 140
Trd, 258905.250, 140
Trd, 258905.433, 140
Trd, 258905.583, 140
Trd, 258905.800, 140
Trd, 258906.117, 138
Trd, 258906.333, 140
Trd, 258906.467, 139
Trd, 258906.583, 132
Trd, 258906.617, 140
Trd, 258907.183, 140
Trd, 258907.850, 138
Trd, 258908.000, 138
Trd, 258908.167, 140
Trd, 258908.533, 140
Trd, 258908.583, 140
Trd, 258908.750, 140
Trd, 258908.767, 140
Trd, 258909.083, 140
Trd, 258909.250, 140
Trd, 258909.333, 140
Trd, 258909.383, 140
Trd, 258909.683, 139
Trd, 258910.333, 140
Trd, 258910.350, 140
Trd, 258910.667, 140
Trd, 258910.733, 139
Trd, 258910.800, 138
Trd, 258911.067, 136
Trd, 258911.167, 135
Trd, 258911.317, 117
Trd, 258911.400, 115
Trd, 258911.433, 137
Trd, 258911.533, 139
Trd, 258911.850, 132
Trd, 258912.283, 140
Trd, 258912.433, 140
Trd, 258912.567, 140
Trd, 258912.617, 137
Trd, 258912.950, 140
Trd, 258913.233, 107
Trd, 258913.483, 115
Trd, 258913.750, 131
Trd, 258914.317, 140
Trd, 258914.400, 140
Trd, 258914.500, 140
Trd, 258914.933, 140
Trd, 258915.033, 140
Trd, 258915.167, 140
Trd, 258915.200, 140
Trd, 258915.283, 140
Trd, 258915.383, 139
Trd, 258915.583, 139
Trd, 258915.683, 133
Trd, 258916.117, 138
Trd, 258916.333, 137
Trd, 258916.483, 108
Trd, 258916.650, 94
Trd, 258916.717, 131
Trd, 258916.883, 132
Trd, 258916.967, 134
Trd, 258917.333, 112
Trd, 258917.767, 128
Trd, 258918.483, 129
Trd, 258918.700, 126
Trd, 258918.800, 130
Trd, 258918.917, 95
Trd, 258918.950, 131
Trd, 258918.983, 92
Trd, 258919.067, 91
Trd, 258919.583, 140
Trd, 258920.183, 140
Trd, 258920.333, 140
Trd, 258921.617, 140
Trd, 258921.700, 140
Trd, 258921.783, 140
Trd, 258921.850, 140
Trd, 258921.950, 140
Trd, 258922.450, 140
Trd, 258922.733, 140
Trd, 258922.867, 140
Trd, 258923.267, 140
Trd, 258923.733, 140
Trd, 258923.800, 140
Trd, 258924.017, 140
Trd, 258924.250, 140
Trd, 258924.317, 140
Trd, 258924.333, 140
Trd, 258924.400, 139
Trd, 258924.433, 139
Trd, 258924.500, 139
Trd, 258924.750, 135
Trd, 258925.050, 132
Trd, 258925.250, 133
Trd, 258925.350, 132
Trd, 258925.367, 131
Trd, 258925.383, 124
Trd, 258925.483, 121
Trd, 258925.633, 133
Trd, 258925.667, 133
Trd, 258925.733, 134
Trd, 258926.017, 121
Trd, 258926.150, 133
Trd, 258926.383, 129
Trd, 258926.717, 138
Trd, 258927.117, 138
Trd, 258927.233, 139
Trd, 258927.833, 140
Trd, 258928.583, 140
Trd, 258928.617, 140
Trd, 258928.667, 140
Trd, 258928.700, 140
Trd, 258929.083, 140
Trd, 258929.383, 135
Trd, 258930.350, 140
Trd, 258930.367, 140
Trd, 258930.433, 140
Trd, 258930.500, 140
Trd, 258930.533, 140
Trd, 258930.583, 139
Trd, 258930.667, 140
Trd, 258931.467, 140
Trd, 258931.583, 140
Trd, 258931.850, 140
Trd, 258932.317, 139
Trd, 258932.750, 139
Trd, 258932.767, 138
Trd, 258933.033, 136
Trd, 258933.050, 135
Trd, 258933.117, 138
Trd, 258933.617, 133
Trd, 258933.667, 132
Trd, 258934.050, 133
Trd, 258934.217, 130
Trd, 258934.467, 124
Trd, 258934.633, 125
Trd, 258934.767, 123
Trd, 258935.167, 123
Trd, 258935.267, 122
Trd, 258935.417, 111
Trd, 258935.550, 102
Trd, 258935.633, 122
Trd, 258935.800, 123
Trd, 258936.067, 123
Trd, 258936.083, 103
Trd, 258936.550, 108
Trd, 258936.750, 119
Trd, 258936.950, 103
Trd, 258937.050, 116
Trd, 258937.167, 117
Trd, 258937.417, 111
Trd, 258937.567, 118
Trd, 258937.633, 104
Trd, 258937.783, 105
Trd, 258938.333, 103
Trd, 258938.650, 117
Trd, 258938.683, 120
Trd, 258938.850, 120
Trd, 258939.300, 140
Trd, 258939.417, 140
Trd, 258939.600, 138
Trd, 258939.700, 112
Trd, 258940.583, 140
Trd, 258940.633, 139
Trd, 258940.967, 140
Trd, 258941.200, 140
Trd, 258941.267, 140
Trd, 258941.650, 140
Trd, 258941.683, 140
Trd, 258942.083, 140
Trd, 258942.550, 140
Trd, 258942.817, 140
Trd, 258943.183, 140
Trd, 258943.900, 140
Trd, 258944.150, 140
Trd, 258944.367, 140
Trd, 258944.467, 140
Trd, 258944.750, 140
Trd, 258944.833, 140
Trd, 258944.867, 139
Trd, 258945.017, 139
Trd, 258945.067, 139
Trd, 258945.150, 139
Trd, 258945.417, 138
Trd, 258945.633, 138
Trd, 258945.650, 139
Trd, 258945.817, 136
Trd, 258945.883, 137
Trd, 258946.067, 139
Trd, 258946.250, 133
Trd, 258946.283, 125
Trd, 258946.600, 137
Trd, 258946.933, 135
Trd, 258947.617, 134
Trd, 258947.633, 135
Trd, 258947.883, 133
Trd, 258947.950, 127
Trd, 258948.117, 115
Trd, 258948.800, 140
Trd, 258949.050, 140
Trd, 258949.200, 140
Trd, 258949.300, 140
Trd, 258949.383, 139
Trd, 258949.450, 140
Trd, 258949.767, 119
Trd, 258949.817, 118
Trd, 258949.933, 132
Trd, 258950.133, 132
Trd, 258950.183, 132
Trd, 258950.567, 129
Trd, 258950.817, 129
Trd, 258950.967, 121
Trd, 258951.333, 112
Trd, 258951.350, 111
Trd, 258951.383, 136
Trd, 258951.400, 105
Trd, 258951.500, 104
Trd, 258951.533, 98
Trd, 258951.617, 139
Trd, 258951.733, 139
Trd, 258951.817, 89
Trd, 258951.900, 135
Trd, 258952.183, 136
Trd, 258952.233, 115
Trd, 258952.350, 63
Trd, 258952.883, 60
Trd, 258952.983, 61
Trd, 258953.133, 60
Trd, 258953.267, 61
Trd, 258953.517, 73
Trd, 258954.067, 136
Trd, 258954.367, 133
Trd, 258954.633, 133
Trd, 258954.700, 132
Trd, 258954.900, 133
Trd, 258955.083, 131
Trd, 258955.117, 120
Trd, 258955.383, 63
Trd, 258955.667, 64
Trd, 258956.167, 101
Trd, 258956.417, 62
Trd, 258957.017, 60
Trd, 258957.100, 60
Trd, 258957.150, 60
Trd, 258957.350, 61
Trd, 258957.433, 70
Trd, 258957.567, 140
Trd, 258957.667, 62
Trd, 258957.750, 65
Trd, 258958.017, 63
Trd, 258958.350, 63
Trd, 258958.400, 64
Trd, 258958.433, 65
Trd, 258958.550, 66
Trd, 258959.000, 140
Trd, 258959.167, 140
Trd, 258959.333, 139
Trd, 258959.667, 137
Trd, 258960.000, 136
Trd, 258960.400, 135
Trd, 258960.433, 135
Trd, 258960.583, 135
Trd, 258960.767, 136
Trd, 258961.050, 116
Trd, 258961.333, 137
Trd, 258961.400, 115
Trd, 258961.483, 114
Trd, 258961.850, 136
Trd, 258961.883, 138
Trd, 258962.117, 136
Trd, 258962.267, 119
Trd, 258962.467, 109
Trd, 258962.500, 135
Trd, 258963.167, 137
Trd, 258963.300, 127
Trd, 258963.317, 139
Trd, 258963.850, 140
Trd, 258964.183, 140
Trd, 258964.450, 140
Trd, 258964.517, 140
Trd, 258964.850, 140
Trd, 258965.100, 140
Trd, 258965.300, 139
Trd, 258965.533, 140
Trd, 258965.550, 140
Trd, 258965.617, 140
Trd, 258965.783, 139
Trd, 258965.800, 138
Trd, 258966.217, 140
Trd, 258966.267, 140
Trd, 258966.400, 136
Trd, 258967.267, 138
Trd, 258967.367, 136
Trd, 258967.667, 140
Trd, 258967.717, 137
Trd, 258967.867, 110
Trd, 258968.050, 73
Trd, 258968.433, 130
Trd, 258968.600, 73
Trd, 258968.783, 73
Trd, 258968.883, 68
Trd, 258969.350, 61
Trd, 258969.483, 67
Trd, 258969.700, 66
Trd, 258969.900, 65
Trd, 258969.967, 66
Trd, 258970.350, 66
Trd, 258970.400, 66
Trd, 258970.417, 67
Trd, 258970.650, 60
Trd, 258970.817, 62
Trd, 258971.117, 67
Trd, 258971.217, 67
Trd, 258971.317, 68
Trd, 258971.333, 68
Trd, 258971.417, 113
Trd, 258971.617, 126
Trd, 258971.683, 140
Trd, 258971.700, 124
Trd, 258972.617, 140
Trd, 258972.700, 140
Trd, 258972.717, 140
Trd, 258973.483, 140
Trd, 258973.650, 140
Trd, 258974.050, 140
Trd, 258974.083, 140
Trd, 258974.517, 140
Trd, 258975.167, 140
Trd, 258975.183, 140
Trd, 258975.200, 140
Trd, 258975.233, 140
Trd, 258975.317, 140
Trd, 258975.800, 139
Trd, 258975.983, 136
Trd, 258976.150, 120
Trd, 258976.367, 120
Trd, 258976.900, 138
Trd, 258977.017, 137
Trd, 258977.167, 140
Trd, 258977.367, 125
Trd, 258977.750, 138
Trd, 258977.783, 125
Trd, 258978.067, 139
Trd, 258978.383, 139
Trd, 258978.467, 139
Trd, 258978.667, 138
Trd, 258979.317, 139
Trd, 258979.583, 137
Trd, 258979.733, 135
Trd, 258979.767, 119
Trd, 258979.850, 139
Trd, 258980.367, 138
Trd, 258980.600, 135
Trd, 258980.650, 91
Trd, 258980.767, 136
Trd, 258980.900, 135
Trd, 258980.933, 132
Trd, 258980.967, 91
Trd, 258981.217, 105
Trd, 258981.333, 131
Trd, 258981.550, 133
Trd, 258981.750, 133
Trd, 258981.800, 135
Trd, 258981.817, 137
Trd, 258981.833, 108
Trd, 258982.233, 117
Trd, 258982.283, 113
Trd, 258982.400, 113
Trd, 258982.483, 136
Trd, 258982.700, 127
Trd, 258983.017, 106
Trd, 258983.117, 140
Trd, 258983.483, 139
Trd, 258984.117, 139
Trd, 258984.233, 137
Trd, 258984.567, 126
Trd, 258985.500, 140
Trd, 258985.717, 140
Trd, 258985.733, 139
Trd, 258985.750, 134
Trd, 258985.800, 140
Trd, 258986.133, 131
Trd, 258986.583, 108
Trd, 258986.633, 111
Trd, 258986.750, 132
Trd, 258987.150, 128
Trd, 258987.283, 127
Trd, 258987.317, 128
Trd, 258987.400, 109
Trd, 258987.517, 108
Trd, 258987.817, 93
Trd, 258987.933, 94
Trd, 258987.967, 95
Trd, 258988.200, 92
Trd, 258988.650, 126
Trd, 258988.717, 98
Trd, 258988.850, 128
Trd, 258988.950, 130
Trd, 258988.967, 66
Trd, 258989.150, 133
Trd, 258989.183, 94
Trd, 258989.350, 117
Trd, 258989.467, 104
Trd, 258989.650, 114
Trd, 258990.567, 140
Trd, 258990.783, 140
Trd, 258991.400, 140
Trd, 258991.450, 140
Trd, 258991.833, 140
Trd, 258992.167, 140
Trd, 258992.383, 128
Trd, 258992.733, 135
Trd, 258992.850, 136
Trd, 258993.033, 134
Trd, 258993.117, 117
Trd, 258993.350, 134
Trd, 258993.633, 131
Trd, 258993.717, 88
Trd, 258993.833, 132
Trd, 258993.867, 135
Trd, 258994.033, 136
Trd, 258995.067, 140
Trd, 258995.083, 140
Trd, 258995.350, 140
Trd, 258995.633, 140
Trd, 258995.700, 140
Trd, 258995.750, 140
Trd, 258995.817, 140
Trd, 258996.250, 140
Trd, 258996.417, 140
Trd, 258996.717, 140
Trd, 258997.417, 140
Trd, 258997.533, 140
Trd, 258997.833, 140
Trd, 258998.450, 140
Trd, 258998.617, 140
Trd, 258998.667, 140
Trd, 258998.700, 140
Trd, 258998.917, 140
Trd, 258999.050, 140
Trd, 258999.433, 140
Trd, 258999.617, 140
Trd, 258999.700, 140
Trd, 258999.767, 140
Trd, 258999.917, 138
Trd, 259000.117, 139
Trd, 259000.133, 140
Trd, 259000.217, 138
Trd, 259000.267, 138
Trd, 259000.600, 138
Trd, 259000.633, 138
Trd, 259000.683, 139
Trd, 259000.750, 139
Trd, 259000.867, 137
Trd, 259001.217, 101
Trd, 259001.417, 137
Trd, 259001.517, 137
Trd, 259001.667, 103
Trd, 259002.050, 135
Trd, 259002.183, 130
Trd, 259002.200, 135
Trd, 259002.483, 122
Trd, 259002.650, 100
Trd, 259002.667, 94
Trd, 259003.033, 61
Trd, 259003.250, 125
Trd, 259003.517, 60
Trd, 259003.550, 62
Trd, 259003.983, 108
Trd, 259004.133, 89
Trd, 259004.450, 88
Trd, 259004.533, 121
Trd, 259004.767, 122
Trd, 259004.800, 82
Trd, 259004.850, 82
Trd, 259004.867, 81
Trd, 259005.783, 107
Trd, 259005.967, 123
Trd, 259005.983, 67
Trd, 259006.250, 68
Trd, 259006.450, 64
Trd, 259006.617, 67
Trd, 259006.633, 68
Trd, 259006.750, 69
Trd, 259006.767, 125
Trd, 259007.067, 127
Trd, 259007.150, 126
Trd, 259007.467, 140
Trd, 259007.633, 138
Trd, 259007.950, 140
Trd, 259008.067, 140
Trd, 259008.133, 140
Trd, 259008.283, 138
Trd, 259008.333, 137
Trd, 259008.700, 137
Trd, 259009.200, 137
Trd, 259009.400, 137
Trd, 259009.433, 136
Trd, 259009.867, 128
Trd, 259009.933, 135
Trd, 259010.083, 136
Trd, 259010.117, 137
Trd, 259010.967, 140
Trd, 259011.183, 140
Trd, 259011.750, 140
Trd, 259012.017, 140
Trd, 259012.300, 133
Trd, 259012.317, 132
Trd, 259012.367, 115
Trd, 259012.683, 135
Trd, 259012.817, 136
Trd, 259012.850, 137
Trd, 259013.000, 135
Trd, 259013.550, 128
Trd, 259013.683, 127
Trd, 259013.717, 113
Trd, 259013.900, 132
Trd, 259014.133, 123
Trd, 259014.300, 125
Trd, 259014.383, 126
Trd, 259014.800, 128
Trd, 259015.017, 122
Trd, 259015.050, 127
Trd, 259015.117, 121
Trd, 259015.233, 119
Trd, 259015.350, 127
Trd, 259015.417, 78
Trd, 259015.667, 128
Trd, 259015.700, 72
Trd, 259015.900, 68
Trd, 259015.933, 69
Trd, 259015.950, 70
Trd, 259016.100, 128
Trd, 259017.183, 136
Trd, 259017.367, 140
Trd, 259017.467, 140
Trd, 259017.517, 140
Trd, 259017.550, 128
Trd, 259017.583, 111
Trd, 259017.750, 65
Trd, 259018.483, 61
Trd, 259018.617, 60
Trd, 259018.817, 60
Trd, 259019.117, 60
Trd, 259019.133, 60
Trd, 259019.150, 61
Trd, 259019.567, 60
Trd, 259019.583, 60
Trd, 259020.167, 60
Trd, 259020.200, 60
Trd, 259020.683, 60
Trd, 259020.733, 60
Trd, 259020.750, 60
Trd, 259020.850, 61
Trd, 259021.017, 63
Trd, 259021.067, 65
Trd, 259021.533, 60
Trd, 259021.550, 60
Trd, 259021.650, 60
Trd, 259021.783, 61
Trd, 259022.033, 61
Trd, 259022.117, 64
Trd, 259022.217, 61
Trd, 259022.383, 67
Trd, 259022.750, 60
Trd, 259023.233, 63
Trd, 259023.267, 64
Trd, 259023.317, 67
Trd, 259023.333, 62
Trd, 259023.650, 73
Trd, 259023.967, 84
Trd, 259024.600, 140
Trd, 259024.800, 140
Trd, 259025.233, 140
Trd, 259025.700, 140
Trd, 259025.950, 138
Trd, 259026.150, 139
Trd, 259026.300, 138
Trd, 259026.783, 140
Trd, 259027.067, 140
Trd, 259027.500, 140
Trd, 259027.833, 140
Trd, 259027.917, 140
Trd, 259028.100, 140
Trd, 259028.150, 140
Trd, 259028.183, 140
Trd, 259028.200, 140
Trd, 259028.300, 140
Trd, 259028.333, 139
Trd, 259028.983, 140
Trd, 259029.183, 140
Trd, 259029.300, 140
Trd, 259029.400, 139
Trd, 259029.533, 118
Trd, 259029.717, 137
Trd, 259029.733, 140
Trd, 259029.850, 140
Trd, 259030.033, 90
Trd, 259030.267, 84
Trd, 259030.417, 96
Trd, 259031.733, 140
Trd, 259032.067, 140
Trd, 259032.167, 140
Trd, 259032.367, 140
Trd, 259032.850, 140
Trd, 259033.367, 140
Trd, 259033.650, 140
Trd, 259033.717, 140
Trd, 259034.050, 140
Trd, 259034.300, 140
Trd, 259034.383, 140
Trd, 259034.533, 140
Trd, 259035.233, 140
Trd, 259035.333, 140
Trd, 259035.383, 140
Trd, 259036.350, 140
Trd, 259036.500, 140
Trd, 259036.600, 140
Trd, 259036.733, 140
Trd, 259037.517, 140
Trd, 259037.533, 140
Trd, 259037.583, 140
Trd, 259037.733, 140
Trd, 259037.783, 140
Trd, 259038.067, 139
Trd, 259038.233, 137
Trd, 259038.317, 140
Trd, 259038.333, 135
Trd, 259038.517, 124
Trd, 259038.583, 112
Trd, 259038.617, 138
Trd, 259038.633, 106
Trd, 259038.817, 120
Trd, 259038.917, 104
Trd, 259038.950, 105
Trd, 259039.083, 131
Trd, 259039.133, 132
Trd, 259039.433, 131
Trd, 259039.617, 132
Trd, 259039.767, 134
Trd, 259039.900, 132
Trd, 259040.000, 90
Trd, 259041.117, 139
Trd, 259041.433, 140
Trd, 259041.450, 140
Trd, 259042.250, 140
Trd, 259042.750, 140
Trd, 259042.767, 140
Trd, 259043.483, 140
Trd, 259043.633, 139
Trd, 259043.700, 139
Trd, 259043.950, 139
Trd, 259044.200, 140
Trd, 259044.300, 140
Trd, 259044.333, 139
Trd, 259044.367, 139
Trd, 259044.950, 137
Trd, 259045.017, 138
Trd, 259045.083, 136
Trd, 259045.117, 135
Trd, 259045.250, 128
Trd, 259045.467, 128
Trd, 259046.050, 131
Trd, 259046.200, 131
Trd, 259046.283, 132
Trd, 259046.367, 133
Trd, 259046.450, 134
Trd, 259046.483, 135
Trd, 259046.617, 140
Trd, 259046.667, 118
Trd, 259046.783, 118
Trd, 259046.900, 116
Trd, 259047.417, 122
Trd, 259047.567, 120
Trd, 259047.800, 140
Trd, 259048.083, 140
Trd, 259049.067, 140
Trd, 259049.200, 140
Trd, 259049.667, 140
Trd, 259049.767, 140
Trd, 259049.917, 139
Trd, 259050.100, 139
Trd, 259050.117, 140
Trd, 259050.267, 138
Trd, 259050.283, 105
Trd, 259050.517, 137
Trd, 259050.883, 135
Trd, 259050.983, 136
Trd, 259051.283, 139
Trd, 259051.433, 134
Trd, 259051.717, 134
Trd, 259051.783, 133
Trd, 259051.950, 114
Trd, 259052.017, 133
Trd, 259052.067, 135
Trd, 259052.100, 103
Trd, 259052.333, 134
Trd, 259052.517, 96
Trd, 259052.583, 134
Trd, 259053.500, 139
Trd, 259054.267, 140
Trd, 259054.467, 140
Trd, 259054.567, 139
Trd, 259054.633, 139
Trd, 259054.783, 138
Trd, 259055.033, 136
Trd, 259055.167, 138
Trd, 259056.133, 140
Trd, 259056.383, 140
Trd, 259056.483, 140
Trd, 259056.717, 140
Trd, 259056.733, 140
Trd, 259056.833, 140
Trd, 259057.067, 140
Trd, 259057.183, 140
Trd, 259057.267, 138
Trd, 259057.500, 126
Trd, 259057.783, 133
Trd, 259057.833, 130
Trd, 259058.300, 135
Trd, 259058.483, 127
Trd, 259058.750, 82
Trd, 259058.800, 132
Trd, 259059.033, 64
Trd, 259059.100, 65
Trd, 259059.217, 62
Trd, 259059.433, 60
Trd, 259059.667, 60
Trd, 259059.733, 60
Trd, 259059.967, 65
Trd, 259060.033, 105
Trd, 259060.067, 136
Trd, 259060.533, 60
Trd, 259060.600, 64
Trd, 259060.933, 135
Trd, 259061.233, 135
Trd, 259061.950, 114
Trd, 259062.033, 106
Trd, 259062.183, 105
Trd, 259062.233, 105
Trd, 259062.333, 105
Trd, 259062.433, 105
Trd, 259062.567, 112
Trd, 259062.583, 113
Trd, 259062.717, 115
Trd, 259062.733, 104
Trd, 259062.933, 107
Trd, 259062.967, 116
Trd, 259063.133, 99
Trd, 259063.200, 133
Trd, 259063.317, 73
Trd, 259063.450, 140
Trd, 259063.750, 140
Trd, 259064.467, 140
Trd, 259064.767, 140
Trd, 259064.783, 140
Trd, 259065.250, 140
Trd, 259065.300, 140
Trd, 259065.417, 139
Trd, 259065.483, 139
Trd, 259066.400, 137
Trd, 259066.417, 139
Trd, 259066.450, 136
Trd, 259066.583, 135
Trd, 259067.467, 136
Trd, 259067.633, 133
Trd, 259067.867, 133
Trd, 259067.950, 130
Trd, 259067.967, 129
Trd, 259068.067, 127
Trd, 259068.200, 134
Trd, 259068.217, 136
Trd, 259069.250, 140
Trd, 259069.350, 140
Trd, 259069.550, 139
Trd, 259069.717, 139
Trd, 259069.883, 129
Trd, 259070.117, 127
Trd, 259070.950, 140
Trd, 259071.083, 140
Trd, 259071.217, 140
Trd, 259071.383, 140
Trd, 259071.417, 139
Trd, 259071.450, 140
Trd, 259071.717, 139
Trd, 259071.733, 138
Trd, 259072.067, 138
Trd, 259072.317, 139
Trd, 259072.583, 140
Trd, 259072.733, 140
Trd, 259072.967, 140
Trd, 259073.017, 140
Trd, 259073.150, 137
Trd, 259073.250, 104
Trd, 259073.500, 106
Trd, 259074.017, 113
Trd, 259074.383, 139
Trd, 259074.600, 140
Trd, 259074.983, 140
Trd, 259075.517, 140
Trd, 259075.650, 140
Trd, 259076.067, 140
Trd, 259076.317, 140
Trd, 259076.883, 128
Trd, 259077.033, 125
Trd, 259077.117, 124
Trd, 259077.300, 140
Trd, 259077.350, 123
Trd, 259077.400, 139
Trd, 259077.433, 105
Trd, 259077.467, 140
Trd, 259077.750, 132
Trd, 259078.333, 132
Trd, 259078.450, 130
Trd, 259078.617, 130
Trd, 259078.667, 88
Trd, 259078.883, 130
Trd, 259079.067, 132
Trd, 259079.333, 116
Trd, 259079.450, 132
Trd, 259079.467, 134
Trd, 259079.700, 115
Trd, 259079.733, 95
Trd, 259079.750, 136
Trd, 259080.850, 140
Trd, 259080.917, 140
Trd, 259082.017, 140
Trd, 259082.400, 140
Trd, 259082.567, 140
Trd, 259082.633, 140
Trd, 259082.917, 140
Trd, 259082.983, 140
Trd, 259083.167, 140
Trd, 259083.500, 138
Trd, 259083.700, 138
Trd, 259083.717, 137
Trd, 259084.050, 131
Trd, 259084.250, 105
Trd, 259084.367, 130
Trd, 259084.583, 128
Trd, 259084.800, 104
Trd, 259084.817, 130
Trd, 259085.000, 133
Trd, 259085.067, 135
Trd, 259085.117, 94
Trd, 259085.767, 140
Trd, 259086.417, 140
Trd, 259086.667, 140
Trd, 259086.700, 140
Trd, 259086.733, 140
Trd, 259086.900, 140
Trd, 259087.017, 140
Trd, 259087.117, 140
Trd, 259087.167, 140
Trd, 259087.283, 140
Trd, 259087.383, 140
Trd, 259087.450, 140
Trd, 259087.950, 140
Trd, 259088.217, 140
Trd, 259088.250, 140
Trd, 259088.467, 140
Trd, 259088.833, 140
Trd, 259088.967, 140
Trd, 259089.967, 140
Trd, 259090.117, 140
Trd, 259090.900, 140
Trd, 259090.917, 140
Trd, 259091.300, 140
Trd, 259091.417, 139
Trd, 259091.633, 138
Trd, 259091.767, 140
Trd, 259092.333, 135
Trd, 259092.567, 128
Trd, 259092.700, 132
Trd, 259092.783, 133
Trd, 259092.850, 127
Trd, 259092.900, 132
Trd, 259093.067, 129
Trd, 259093.117, 135
Trd, 259093.217, 138
Trd, 259093.283, 139
Trd, 259093.350, 121
Trd, 259093.850, 140
Trd, 259094.117, 139
Trd, 259095.767, 140
Trd, 259095.783, 140
Trd, 259095.850, 140
Trd, 259096.533, 140
Trd, 259096.700, 140
Trd, 259096.883, 140
Trd, 259096.933, 140
Trd, 259097.017, 140
Trd, 259097.350, 138
Trd, 259097.917, 132
Trd, 259097.933, 131
Trd, 259098.033, 134
Trd, 259098.233, 133
Trd, 259098.300, 131
Trd, 259098.317, 133
Trd, 259098.350, 131
Trd, 259098.383, 130
Trd, 259098.567, 134
Trd, 259098.633, 132
Trd, 259098.867, 131
Trd, 259098.917, 123
Trd, 259099.167, 121
Trd, 259099.317, 132
Trd, 259099.717, 129
Trd, 259099.850, 118
Trd, 259100.017, 130
Trd, 259100.433, 116
Trd, 259100.567, 130
Trd, 259100.650, 113
Trd, 259100.783, 123
Trd, 259100.833, 108
Trd, 259100.917, 107
Trd, 259101.067, 131
Trd, 259101.183, 133
Trd, 259101.483, 70
Trd, 259101.683, 63
Trd, 259102.083, 61
Trd, 259102.500, 60
Trd, 259103.117, 60
Trd, 259103.183, 60
Trd, 259103.200, 60
Trd, 259103.217, 60
Trd, 259103.400, 60
Trd, 259103.433, 61
Trd, 259103.600, 64
Trd, 259103.800, 76
Trd, 259104.283, 60
Trd, 259104.567, 60
Trd, 259104.733, 60
Trd, 259105.017, 62
Trd, 259105.167, 62
Trd, 259105.183, 62
Trd, 259105.283, 60
Trd, 259105.517, 62
Trd, 259105.617, 63
Trd, 259105.717, 62
Trd, 259105.983, 60
Trd, 259106.000, 63
Trd, 259106.183, 67
Trd, 259106.383, 64
Trd, 259106.483, 67
Trd, 259106.650, 65
Trd, 259106.783, 67
Trd, 259106.833, 63
Trd, 259107.933, 140
Trd, 259108.317, 140
Trd, 259108.367, 140
Trd, 259108.983, 140
Trd, 259109.017, 140
Trd, 259109.100, 140
Trd, 259109.183, 139
Trd, 259109.233, 139
Trd, 259109.817, 140
Trd, 259110.050, 140
Trd, 259110.283, 140
Trd, 259110.300, 139
Trd, 259110.500, 140
Trd, 259110.517, 138
Trd, 259111.250, 137
Trd, 259111.683, 136
Trd, 259111.750, 137
Trd, 259111.767, 125
Trd, 259111.800, 129
Trd, 259111.967, 124
Trd, 259112.767, 134
Trd, 259112.817, 132
Trd, 259112.833, 136
Trd, 259113.083, 138
Trd, 259113.317, 137
Trd, 259113.367, 132
Trd, 259113.533, 137
Trd, 259113.700, 132
Trd, 259113.933, 134
Trd, 259113.983, 129
Trd, 259114.000, 136
Trd, 259114.033, 123
Trd, 259114.267, 121
Trd, 259114.467, 129
Trd, 259115.150, 140
Trd, 259115.850, 140
Trd, 259116.267, 140
Trd, 259116.533, 140
Trd, 259116.617, 140
Trd, 259116.967, 140
Trd, 259117.167, 140
Trd, 259117.183, 139
Trd, 259117.233, 139
Trd, 259117.317, 136
Trd, 259117.517, 128
Trd, 259117.583, 138
Trd, 259117.600, 103
Trd, 259117.917, 100
Trd, 259118.333, 95
Trd, 259118.517, 81
Trd, 259118.600, 80
Trd, 259119.217, 92
Trd, 259119.350, 84
Trd, 259119.517, 84
Trd, 259119.533, 92
Trd, 259119.633, 93
Trd, 259119.700, 94
Trd, 259119.733, 127
Trd, 259119.767, 83
Trd, 259119.883, 123
Trd, 259120.383, 140
Trd, 259120.850, 140
Trd, 259121.750, 140
Trd, 259121.833, 140
Trd, 259122.267, 140
Trd, 259122.583, 140
Trd, 259123.183, 140
Trd, 259124.183, 140
Trd, 259124.267, 140
Trd, 259124.367, 140
Trd, 259124.733, 140
Trd, 259124.833, 140
Trd, 259124.867, 140
Trd, 259124.950, 139
Trd, 259125.183, 140
Trd, 259125.217, 139
Trd, 259125.367, 140
Trd, 259125.450, 140
Trd, 259125.550, 140
Trd, 259125.833, 139
Trd, 259125.883, 139
Trd, 259126.000, 139
Trd, 259126.033, 139
Trd, 259126.450, 139
Trd, 259126.683, 114
Trd, 259127.950, 140
Trd, 259128.517, 140
Trd, 259128.550, 140
Trd, 259128.817, 140
Trd, 259128.933, 140
Trd, 259129.233, 140
Trd, 259129.433, 140
Trd, 259129.483, 140
Trd, 259129.500, 140
Trd, 259129.717, 139
Trd, 259129.917, 139
Trd, 259130.300, 136
Trd, 259130.550, 134
Trd, 259130.617, 136
Trd, 259130.667, 116
Trd, 259130.783, 140
Trd, 259130.933, 115
Trd, 259131.067, 139
Trd, 259131.267, 139
Trd, 259131.633, 138
Trd, 259131.717, 137
Trd, 259132.350, 140
Trd, 259132.417, 140
Trd, 259132.900, 137
Trd, 259133.083, 140
Trd, 259133.983, 139
Trd, 259134.100, 140
Trd, 259134.317, 140
Trd, 259134.333, 140
Trd, 259134.633, 139
Trd, 259134.683, 139
Trd, 259134.817, 139
Trd, 259134.883, 138
Trd, 259135.000, 106
Trd, 259135.067, 106
Trd, 259135.217, 136
Trd, 259135.233, 137
Trd, 259135.350, 137
Trd, 259135.367, 138
Trd, 259135.433, 140
Trd, 259135.517, 127
Trd, 259136.217, 133
Trd, 259136.550, 134
Trd, 259136.600, 135
Trd, 259136.883, 134
Trd, 259137.183, 138
Trd, 259137.217, 133
Trd, 259137.250, 132
Trd, 259137.350, 139
Trd, 259137.500, 140
Trd, 259138.333, 140
Trd, 259138.700, 140
Trd, 259139.133, 140
Trd, 259139.217, 140
Trd, 259139.250, 139
Trd, 259139.367, 137
Trd, 259139.717, 137
Trd, 259139.833, 127
Trd, 259140.233, 109
Trd, 259140.350, 140
Trd, 259140.633, 139
Trd, 259140.933, 138
Trd, 259140.950, 127
Trd, 259141.067, 136
Trd, 259141.217, 137
Trd, 259141.850, 131
Trd, 259141.900, 128
Trd, 259142.250, 126
Trd, 259142.350, 111
Trd, 259142.367, 132
Trd, 259142.417, 134
Trd, 259142.450, 111
Trd, 259142.533, 137
Trd, 259142.783, 123
Trd, 259142.917, 137
Trd, 259143.033, 105
Trd, 259143.333, 99
Trd, 259143.383, 136
Trd, 259143.483, 137
Trd, 259143.567, 79
Trd, 259143.700, 81
Trd, 259143.967, 140
Trd, 259144.017, 135
Trd, 259144.217, 139
Trd, 259144.617, 139
Trd, 259144.750, 138
Trd, 259144.917, 62
Trd, 259145.150, 139
Trd, 259145.533, 140
Trd, 259145.750, 106
Trd, 259145.917, 140
Trd, 259146.000, 140
Trd, 259146.167, 138
Trd, 259146.217, 137
Trd, 259146.417, 139
Trd, 259146.667, 140
Trd, 259146.750, 117
Trd, 259146.933, 107
Trd, 259148.267, 140
Trd, 259149.500, 140
Trd, 259149.583, 140
Trd, 259149.667, 140
Trd, 259149.750, 140
Trd, 259149.767, 140
Trd, 259149.817, 140
Trd, 259150.017, 138
Trd, 259150.167, 140
Trd, 259150.700, 135
Trd, 259150.833, 136
Trd, 259150.883, 134
Trd, 259151.067, 126
Trd, 259151.217, 132
Trd, 259151.283, 125
Trd, 259151.300, 122
Trd, 259151.450, 135
Trd, 259151.750, 133
Trd, 259151.783, 135
Trd, 259151.817, 122
Trd, 259151.900, 121
Trd, 259151.950, 119
Trd, 259153.383, 140
Trd, 259153.917, 140
Trd, 259154.050, 140
Trd, 259154.317, 140
Trd, 259154.383, 140
Trd, 259154.400, 139
Trd, 259154.433, 139
Trd, 259155.617, 140
Trd, 259155.767, 140
Trd, 259155.900, 140
Trd, 259155.950, 140
Trd, 259155.983, 140
Trd, 259156.033, 139
Trd, 259156.150, 140
Trd, 259156.517, 139
Trd, 259156.583, 138
Trd, 259156.800, 127
Trd, 259157.017, 120
Trd, 259157.217, 137
Trd, 259157.267, 108
Trd, 259157.517, 138
Trd, 259157.717, 137
Trd, 259157.767, 139
Trd, 259157.900, 124
Trd, 259158.000, 79
Trd, 259158.483, 60
Trd, 259158.550, 60
Trd, 259158.667, 61
Trd, 259158.817, 63
Trd, 259158.883, 68
Trd, 259158.900, 69
Trd, 259159.417, 140
Trd, 259159.767, 140
Trd, 259159.817, 140
Trd, 259159.900, 140
Trd, 259160.283, 140
Trd, 259160.600, 140
Trd, 259161.500, 140
Trd, 259162.167, 140
Trd, 259162.300, 140
Trd, 259162.350, 140
Trd, 259162.667, 140
Trd, 259162.933, 140
Trd, 259162.967, 140
Trd, 259163.483, 140
Trd, 259163.917, 140
Trd, 259164.333, 140
Trd, 259164.383, 140
Trd, 259164.583, 139
Trd, 259164.767, 138
Trd, 259165.283, 137
Trd, 259165.433, 136
Trd, 259165.650, 121
Trd, 259165.667, 120
Trd, 259165.750, 132
Trd, 259165.883, 132
Trd, 259166.017, 130
Trd, 259166.050, 121
Trd, 259166.133, 120
Trd, 259166.217, 131
Trd, 259166.267, 105
Trd, 259166.283, 132
Trd, 259166.500, 112
Trd, 259166.517, 95
Trd, 259166.550, 138
Trd, 259166.767, 105
Trd, 259167.133, 140
Trd, 259167.733, 140
Trd, 259168.200, 140
Trd, 259168.900, 140
Trd, 259169.083, 140
Trd, 259169.117, 140
Trd, 259169.167, 140
Trd, 259169.200, 137
Trd, 259169.483, 140
Trd, 259169.550, 134
Trd, 259170.317, 140
Trd, 259170.400, 139
Trd, 259170.483, 139
Trd, 259170.867, 140
Trd, 259170.900, 139
Trd, 259171.150, 140
Trd, 259171.317, 140
Trd, 259171.433, 140
Trd, 259171.600, 140
Trd, 259171.800, 140
Trd, 259171.967, 140
Trd, 259172.117, 140
Trd, 259172.400, 140
Trd, 259172.683, 140
Trd, 259173.233, 140
Trd, 259173.400, 140
Trd, 259173.417, 139
Trd, 259173.483, 139
Trd, 259173.567, 138
Trd, 259173.600, 139
Trd, 259173.633, 139
Trd, 259173.667, 99
Trd, 259173.883, 139
Trd, 259174.417, 140
Trd, 259175.000, 138
Trd, 259175.083, 136
Trd, 259175.283, 121
Trd, 259175.367, 115
Trd, 259175.450, 136
Trd, 259175.533, 137
Trd, 259175.667, 138
Trd, 259175.800, 113
Trd, 259176.367, 130
Trd, 259176.400, 112
Trd, 259176.533, 98
Trd, 259176.700, 74
Trd, 259176.817, 111
Trd, 259176.833, 71
Trd, 259177.083, 62
Trd, 259177.467, 61
Trd, 259177.500, 63
Trd, 259177.633, 63
Trd, 259177.900, 61
Trd, 259178.267, 60
Trd, 259178.350, 60
Trd, 259178.550, 60
Trd, 259178.650, 60
Trd, 259178.883, 60
Trd, 259179.100, 60
Trd, 259179.133, 61
Trd, 259179.433, 62
Trd, 259179.767, 60
Trd, 259179.833, 138
Trd, 259180.417, 140
Trd, 259180.617, 139
Trd, 259180.650, 140
Trd, 259180.700, 137
Trd, 259181.517, 139
Trd, 259181.633, 139
Trd, 259181.717, 138
Trd, 259181.950, 139
Trd, 259182.133, 138
Trd, 259182.333, 137
Trd, 259182.367, 136
Trd, 259182.467, 137
Trd, 259182.717, 138
Trd, 259182.817, 139
Trd, 259182.950, 137
Trd, 259183.317, 136
Trd, 259183.350, 135
Trd, 259184.183, 139
Trd, 259184.333, 134
Trd, 259184.617, 140
Trd, 259184.900, 139
Trd, 259185.350, 139
Trd, 259185.567, 140
Trd, 259185.783, 140
Trd, 259186.233, 140
Trd, 259186.433, 140
Trd, 259186.850, 140
Trd, 259186.900, 140
Trd, 259187.100, 140
Trd, 259187.217, 139
Trd, 259187.267, 139
Trd, 259187.333, 138
Trd, 259187.767, 138
Trd, 259187.900, 138
Trd, 259188.017, 128
Trd, 259188.150, 108
Trd, 259188.233, 110
Trd, 259188.617, 138
Trd, 259188.767, 137
Trd, 259189.033, 129
Trd, 259189.167, 137
Trd, 259189.383, 139
Trd, 259189.450, 126
Trd, 259189.550, 81
Trd, 259190.583, 140
Trd, 259190.617, 139
Trd, 259190.733, 138
Trd, 259190.767, 136
Trd, 259190.883, 134
Trd, 259191.733, 140
Trd, 259192.167, 140
Trd, 259192.250, 140
Trd, 259192.467, 140
Trd, 259192.567, 140
Trd, 259192.683, 140
Trd, 259192.817, 136
Trd, 259193.083, 133
Trd, 259193.617, 140
Trd, 259193.750, 140
Trd, 259193.783, 140
Trd, 259193.833, 138
Trd, 259194.000, 139
Trd, 259194.033, 139
Trd, 259194.100, 133
Trd, 259194.283, 137
Trd, 259194.317, 136
Trd, 259194.467, 119
Trd, 259195.033, 135
Trd, 259195.267, 137
Trd, 259195.617, 136
Trd, 259195.850, 135
Trd, 259195.917, 137
Trd, 259195.933, 135
Trd, 259196.183, 140
Trd, 259196.533, 140
Trd, 259196.717, 140
Trd, 259197.083, 139
Trd, 259197.600, 140
Trd, 259197.750, 139
Trd, 259197.833, 140
Trd, 259197.850, 139
Trd, 259198.250, 140
Trd, 259198.350, 140
Trd, 259198.567, 139
Trd, 259198.667, 140
Trd, 259198.833, 139
Trd, 259198.867, 138
Trd, 259198.950, 140
Trd, 259199.167, 113
Trd, 259199.550, 83
