Trd, 258590.183, 137
Trd, 258590.717, 140
Trd, 258591.000, 140
Trd, 258591.033, 139
Trd, 258591.100, 108
Trd, 258591.200, 78
Trd, 258591.300, 72
Trd, 258591.317, 63
Trd, 258592.000, 64
Trd, 258592.417, 60
Trd, 258592.567, 60
Trd, 258592.750, 129
Trd, 258592.917, 60
Trd, 258593.067, 60
Trd, 258593.367, 81
Trd, 258593.917, 91
Trd, 258593.967, 75
Trd, 258594.067, 96
Trd, 258594.167, 75
Trd, 258594.317, 103
Trd, 258594.867, 101
Trd, 258595.117, 105
Trd, 258595.267, 82
Trd, 258595.417, 76
Trd, 258595.483, 137
Trd, 258596.050, 140
Trd, 258596.300, 140
Trd, 258596.333, 140
Trd, 258596.950, 140
Trd, 258596.967, 140
Trd, 258597.200, 140
Trd, 258597.500, 140
Trd, 258597.883, 139
Trd, 258598.317, 140
Trd, 258599.267, 140
Trd, 258599.283, 140
Trd, 258599.667, 139
Trd, 258599.767, 139
Trd, 258600.000, 138
Trd, 258600.083, 136
Trd, 258600.633, 140
Trd, 258601.567, 140
Trd, 258601.617, 137
Trd, 258601.633, 137
Trd, 258601.783, 119
Trd, 258602.150, 126
Trd, 258602.583, 137
Trd, 258603.283, 140
Trd, 258603.333, 140
Trd, 258603.500, 140
Trd, 258604.033, 140
Trd, 258604.183, 140
Trd, 258604.250, 140
Trd, 258604.367, 140
Trd, 258604.583, 139
Trd, 258604.933, 129
Trd, 258605.233, 120
Trd, 258605.383, 138
Trd, 258605.650, 110
Trd, 258605.667, 109
Trd, 258605.683, 109
Trd, 258605.717, 135
Trd, 258605.833, 107
Trd, 258605.967, 77
Trd, 258606.450, 67
Trd, 258606.467, 66
Trd, 258606.667, 67
Trd, 258607.417, 61
Trd, 258607.667, 60
Trd, 258607.750, 61
Trd, 258607.800, 63
Trd, 258607.967, 62
Trd, 258608.067, 62
Trd, 258608.217, 61
Trd, 258608.300, 61
Trd, 258608.367, 60
Trd, 258608.383, 63
Trd, 258608.400, 79
Trd, 258608.967, 61
Trd, 258609.133, 62
Trd, 258609.150, 63
Trd, 258609.333, 63
Trd, 258609.350, 73
Trd, 258609.633, 61
Trd, 258609.867, 76
Trd, 258609.883, 95
Trd, 258610.033, 64
Trd, 258610.333, 66
Trd, 258610.550, 140
Trd, 258610.900, 138
Trd, 258610.917, 126
Trd, 258611.800, 140
Trd, 258611.933, 140
Trd, 258611.967, 140
Trd, 258612.050, 128
Trd, 258612.133, 65
Trd, 258612.450, 65
Trd, 258612.750, 65
Trd, 258614.317, 60
Trd, 258614.417, 60
Trd, 258614.550, 60
Trd, 258614.767, 61
Trd, 258614.933, 62
Trd, 258615.067, 60
Trd, 258615.267, 61
Trd, 258615.333, 62
Trd, 258615.417, 63
Trd, 258615.450, 64
Trd, 258615.583, 68
Trd, 258615.717, 62
Trd, 258615.950, 61
Trd, 258616.150, 93
Trd, 258616.233, 101
Trd, 258616.450, 128
Trd, 258616.767, 73
Trd, 258617.100, 67
Trd, 258617.133, 112
Trd, 258617.400, 79
Trd, 258617.417, 80
Trd, 258617.433, 113
Trd, 258617.883, 70
Trd, 258618.033, 113
Trd, 258618.067, 114
Trd, 258618.150, 69
Trd, 258618.750, 64
Trd, 258618.817, 65
Trd, 258619.083, 60
Trd, 258619.117, 64
Trd, 258619.150, 65
Trd, 258619.283, 128
Trd, 258620.233, 140
Trd, 258620.467, 140
Trd, 258620.833, 140
Trd, 258620.850, 140
Trd, 258621.200, 140
Trd, 258621.217, 139
Trd, 258621.400, 139
Trd, 258621.467, 139
Trd, 258621.933, 140
Trd, 258622.417, 136
Trd, 258622.650, 135
Trd, 258622.850, 110
Trd, 258622.950, 109
Trd, 258623.350, 107
Trd, 258623.700, 96
Trd, 258623.900, 98
Trd, 258624.000, 137
Trd, 258624.200, 85
Trd, 258624.300, 78
Trd, 258624.333, 132
Trd, 258624.567, 76
Trd, 258625.017, 128
Trd, 258625.117, 130
Trd, 258625.317, 130
Trd, 258625.483, 131
Trd, 258625.550, 138
Trd, 258625.817, 140
Trd, 258626.067, 140
Trd, 258626.100, 140
Trd, 258626.700, 138
Trd, 258626.833, 138
Trd, 258626.967, 132
Trd, 258627.467, 140
Trd, 258627.567, 140
Trd, 258627.767, 140
Trd, 258628.033, 140
Trd, 258628.567, 140
Trd, 258628.750, 140
Trd, 258628.817, 140
Trd, 258629.067, 139
Trd, 258629.383, 139
Trd, 258629.550, 122
Trd, 258629.783, 121
Trd, 258629.983, 121
Trd, 258630.000, 121
Trd, 258630.033, 117
Trd, 258630.617, 138
Trd, 258630.783, 137
Trd, 258631.267, 139
Trd, 258631.450, 138
Trd, 258631.700, 140
Trd, 258631.817, 140
Trd, 258632.033, 140
Trd, 258632.083, 140
Trd, 258632.167, 125
Trd, 258632.183, 108
Trd, 258632.200, 140
Trd, 258632.267, 100
Trd, 258632.483, 107
Trd, 258632.900, 137
Trd, 258633.133, 139
Trd, 258633.633, 139
Trd, 258633.650, 119
Trd, 258633.767, 140
Trd, 258633.983, 111
Trd, 258634.300, 140
Trd, 258634.350, 133
Trd, 258634.517, 116
Trd, 258634.550, 116
Trd, 258634.600, 125
Trd, 258634.617, 106
Trd, 258634.817, 107
Trd, 258634.833, 76
Trd, 258634.883, 138
Trd, 258635.300, 129
Trd, 258635.400, 140
Trd, 258635.750, 140
Trd, 258635.767, 104
Trd, 258636.200, 64
Trd, 258636.267, 66
Trd, 258636.500, 62
Trd, 258636.533, 114
Trd, 258637.000, 95
Trd, 258637.067, 112
Trd, 258637.267, 113
Trd, 258637.583, 139
Trd, 258637.817, 139
Trd, 258638.083, 140
Trd, 258638.250, 137
Trd, 258638.417, 129
Trd, 258638.650, 140
Trd, 258638.700, 140
Trd, 258639.083, 139
Trd, 258639.133, 140
Trd, 258639.217, 137
Trd, 258640.733, 113
Trd, 258641.100, 125
Trd, 258641.167, 131
Trd, 258641.500, 133
Trd, 258641.900, 128
Trd, 258642.067, 127
Trd, 258642.083, 135
Trd, 258642.100, 127
Trd, 258642.133, 137
Trd, 258642.333, 132
Trd, 258642.783, 136
Trd, 258642.900, 131
Trd, 258642.933, 130
Trd, 258643.033, 129
Trd, 258643.317, 139
Trd, 258643.583, 139
Trd, 258644.450, 140
Trd, 258645.017, 140
Trd, 258645.367, 139
Trd, 258645.400, 139
Trd, 258645.817, 140
Trd, 258646.183, 140
Trd, 258646.217, 140
Trd, 258646.400, 140
Trd, 258646.417, 140
Trd, 258646.633, 139
Trd, 258646.667, 126
Trd, 258646.867, 123
Trd, 258647.017, 122
Trd, 258647.350, 140
Trd, 258647.433, 128
Trd, 258647.583, 123
Trd, 258647.700, 124
Trd, 258647.817, 118
Trd, 258647.867, 124
Trd, 258648.333, 105
Trd, 258648.417, 139
Trd, 258648.767, 140
Trd, 258648.900, 117
Trd, 258649.233, 127
Trd, 258649.967, 140
Trd, 258649.983, 119
Trd, 258650.117, 118
Trd, 258650.183, 113
Trd, 258650.283, 138
Trd, 258650.317, 112
Trd, 258650.333, 96
Trd, 258650.450, 90
Trd, 258650.550, 125
Trd, 258651.083, 140
Trd, 258651.100, 140
Trd, 258651.633, 139
Trd, 258651.750, 116
Trd, 258652.250, 137
Trd, 258652.383, 137
Trd, 258652.417, 129
Trd, 258652.933, 96
Trd, 258653.117, 86
Trd, 258653.283, 97
Trd, 258653.467, 140
Trd, 258653.700, 138
Trd, 258653.717, 118
Trd, 258654.000, 137
Trd, 258654.067, 85
Trd, 258654.150, 137
Trd, 258654.250, 138
Trd, 258654.300, 139
Trd, 258654.517, 103
Trd, 258655.917, 140
Trd, 258655.933, 140
Trd, 258655.950, 139
Trd, 258656.283, 140
Trd, 258656.433, 140
Trd, 258656.717, 139
Trd, 258656.750, 131
Trd, 258657.850, 140
Trd, 258657.900, 140
Trd, 258658.250, 139
Trd, 258658.600, 140
Trd, 258659.150, 140
Trd, 258659.717, 140
Trd, 258659.883, 140
Trd, 258659.950, 140
Trd, 258659.983, 139
Trd, 258660.067, 139
Trd, 258660.683, 138
Trd, 258660.933, 137
Trd, 258661.000, 130
Trd, 258661.017, 128
Trd, 258661.067, 119
Trd, 258661.367, 108
Trd, 258661.767, 113
Trd, 258661.783, 135
Trd, 258661.967, 135
Trd, 258662.200, 134
Trd, 258662.317, 112
Trd, 258662.383, 136
Trd, 258662.667, 137
Trd, 258662.700, 136
Trd, 258662.850, 124
Trd, 258662.950, 132
Trd, 258663.583, 110
Trd, 258663.733, 132
Trd, 258663.933, 110
Trd, 258665.267, 140
Trd, 258665.400, 140
Trd, 258665.833, 140
Trd, 258665.967, 140
Trd, 258666.233, 140
Trd, 258666.267, 139
Trd, 258666.600, 140
Trd, 258666.717, 139
Trd, 258666.833, 139
Trd, 258667.050, 138
Trd, 258667.150, 138
Trd, 258667.183, 138
Trd, 258667.233, 138
Trd, 258667.300, 137
Trd, 258667.600, 125
Trd, 258667.617, 124
Trd, 258668.017, 140
Trd, 258668.050, 125
Trd, 258668.300, 121
Trd, 258668.367, 111
Trd, 258668.817, 125
Trd, 258668.883, 123
Trd, 258669.017, 139
Trd, 258669.050, 102
Trd, 258669.183, 140
Trd, 258669.283, 98
Trd, 258669.333, 91
Trd, 258669.517, 140
Trd, 258669.600, 139
Trd, 258669.617, 139
Trd, 258670.300, 92
Trd, 258670.800, 134
Trd, 258670.933, 135
Trd, 258671.100, 140
Trd, 258671.250, 78
Trd, 258671.400, 86
Trd, 258671.500, 77
Trd, 258671.783, 117
Trd, 258672.017, 118
Trd, 258672.117, 117
Trd, 258672.383, 128
Trd, 258672.417, 123
Trd, 258672.517, 130
Trd, 258672.567, 107
Trd, 258673.217, 94
Trd, 258673.317, 131
Trd, 258673.883, 112
Trd, 258674.283, 101
Trd, 258674.333, 95
Trd, 258674.650, 140
Trd, 258674.733, 132
Trd, 258674.983, 140
Trd, 258675.517, 140
Trd, 258675.683, 140
Trd, 258675.883, 140
Trd, 258676.017, 139
Trd, 258676.233, 125
Trd, 258676.750, 140
Trd, 258677.383, 140
Trd, 258677.517, 140
Trd, 258678.200, 140
Trd, 258678.600, 140
Trd, 258678.883, 140
Trd, 258679.167, 140
Trd, 258679.250, 134
Trd, 258679.400, 123
Trd, 258679.500, 122
Trd, 258679.550, 140
Trd, 258679.617, 117
Trd, 258680.200, 133
Trd, 258680.233, 126
Trd, 258680.300, 137
Trd, 258680.550, 118
Trd, 258680.700, 138
Trd, 258680.967, 140
Trd, 258681.317, 121
Trd, 258681.650, 139
Trd, 258681.667, 121
Trd, 258681.767, 112
Trd, 258682.100, 95
Trd, 258682.217, 139
Trd, 258682.233, 140
Trd, 258682.250, 130
Trd, 258682.717, 140
Trd, 258682.750, 137
Trd, 258682.867, 128
Trd, 258682.967, 140
Trd, 258683.600, 140
Trd, 258684.317, 140
Trd, 258684.867, 140
Trd, 258685.217, 140
Trd, 258685.267, 139
Trd, 258685.483, 138
Trd, 258685.800, 139
Trd, 258686.067, 134
Trd, 258686.750, 140
Trd, 258686.783, 140
Trd, 258686.833, 140
Trd, 258686.900, 140
Trd, 258687.350, 140
Trd, 258687.700, 140
Trd, 258687.900, 140
Trd, 258687.967, 140
Trd, 258688.300, 140
Trd, 258688.400, 140
Trd, 258688.700, 139
Trd, 258688.817, 140
Trd, 258689.050, 140
Trd, 258689.067, 139
Trd, 258689.133, 137
Trd, 258689.333, 138
Trd, 258689.683, 127
Trd, 258689.950, 111
Trd, 258690.200, 108
Trd, 258690.433, 121
Trd, 258690.483, 120
Trd, 258690.550, 139
Trd, 258690.600, 103
Trd, 258691.367, 138
Trd, 258691.783, 140
Trd, 258691.833, 140
Trd, 258692.250, 140
Trd, 258692.333, 140
Trd, 258692.917, 140
Trd, 258693.117, 140
Trd, 258693.150, 140
Trd, 258693.183, 140
Trd, 258693.383, 139
Trd, 258693.900, 140
Trd, 258693.983, 131
Trd, 258694.233, 140
Trd, 258694.317, 130
Trd, 258694.667, 131
Trd, 258694.700, 130
Trd, 258694.883, 140
Trd, 258695.267, 140
Trd, 258695.283, 125
Trd, 258695.767, 140
Trd, 258695.800, 140
Trd, 258696.383, 112
Trd, 258696.433, 111
Trd, 258696.767, 140
Trd, 258696.850, 104
Trd, 258696.967, 100
Trd, 258697.000, 92
Trd, 258697.167, 84
Trd, 258697.450, 104
Trd, 258697.567, 98
Trd, 258698.317, 126
Trd, 258698.367, 127
Trd, 258698.383, 128
Trd, 258698.500, 129
Trd, 258698.533, 137
Trd, 258698.783, 128
Trd, 258698.967, 127
Trd, 258699.117, 100
Trd, 258699.250, 133
Trd, 258699.283, 92
Trd, 258699.300, 83
Trd, 258699.483, 134
Trd, 258699.633, 112
Trd, 258699.800, 61
Trd, 258700.083, 138
Trd, 258700.617, 116
Trd, 258700.850, 116
Trd, 258700.917, 115
Trd, 258701.200, 94
Trd, 258701.600, 140
Trd, 258701.667, 140
Trd, 258701.883, 138
Trd, 258702.167, 139
Trd, 258702.767, 140
Trd, 258703.117, 140
Trd, 258703.217, 139
Trd, 258703.467, 131
Trd, 258703.550, 135
Trd, 258704.283, 130
Trd, 258704.383, 126
Trd, 258704.650, 135
Trd, 258704.717, 126
Trd, 258705.517, 126
Trd, 258705.567, 132
Trd, 258705.933, 126
Trd, 258706.033, 123
Trd, 258706.733, 139
Trd, 258706.900, 139
Trd, 258706.967, 137
Trd, 258707.083, 125
Trd, 258707.283, 140
Trd, 258707.367, 138
Trd, 258707.883, 140
Trd, 258707.900, 140
Trd, 258708.267, 139
Trd, 258708.283, 138
Trd, 258708.467, 119
Trd, 258708.583, 118
Trd, 258708.733, 103
Trd, 258709.083, 97
Trd, 258709.117, 98
Trd, 258709.233, 99
Trd, 258709.483, 137
Trd, 258709.550, 126
Trd, 258710.583, 125
Trd, 258710.650, 131
Trd, 258710.733, 132
Trd, 258711.017, 131
Trd, 258711.233, 128
Trd, 258711.533, 128
Trd, 258711.617, 127
Trd, 258711.667, 125
Trd, 258711.967, 100
Trd, 258712.300, 100
Trd, 258712.633, 125
Trd, 258712.667, 115
Trd, 258712.750, 126
Trd, 258712.900, 100
Trd, 258712.917, 125
Trd, 258713.083, 129
Trd, 258713.200, 95
Trd, 258713.533, 119
Trd, 258713.750, 108
Trd, 258713.767, 108
Trd, 258713.967, 140
Trd, 258714.000, 139
Trd, 258714.450, 140
Trd, 258714.467, 139
Trd, 258714.867, 137
Trd, 258714.883, 136
Trd, 258715.317, 139
Trd, 258715.483, 135
Trd, 258715.900, 126
Trd, 258716.067, 123
Trd, 258716.700, 140
Trd, 258717.167, 140
Trd, 258717.533, 140
Trd, 258717.883, 140
Trd, 258718.050, 140
Trd, 258718.317, 140
Trd, 258718.800, 140
Trd, 258718.933, 140
Trd, 258719.033, 140
Trd, 258719.417, 140
Trd, 258719.483, 140
Trd, 258719.633, 139
Trd, 258719.950, 134
Trd, 258720.067, 125
Trd, 258720.133, 139
Trd, 258720.283, 119
Trd, 258720.417, 103
Trd, 258720.533, 100
Trd, 258720.700, 138
Trd, 258720.767, 70
Trd, 258721.050, 102
Trd, 258721.450, 127
Trd, 258721.500, 139
Trd, 258721.517, 126
Trd, 258721.567, 111
Trd, 258721.700, 111
Trd, 258721.767, 109
Trd, 258721.983, 100
Trd, 258722.117, 124
Trd, 258722.400, 123
Trd, 258722.583, 133
Trd, 258722.683, 131
Trd, 258722.950, 104
Trd, 258722.967, 133
Trd, 258723.350, 134
Trd, 258723.500, 129
Trd, 258725.167, 140
Trd, 258725.267, 140
Trd, 258725.383, 139
Trd, 258725.567, 138
Trd, 258725.667, 137
Trd, 258725.733, 136
Trd, 258725.800, 131
Trd, 258726.367, 140
Trd, 258726.517, 140
Trd, 258726.633, 139
Trd, 258726.833, 138
Trd, 258727.033, 138
Trd, 258727.217, 137
Trd, 258727.383, 131
Trd, 258728.167, 138
Trd, 258728.183, 123
Trd, 258728.383, 138
Trd, 258728.833, 139
Trd, 258729.083, 117
Trd, 258729.433, 137
Trd, 258729.683, 136
Trd, 258729.983, 135
Trd, 258730.333, 136
Trd, 258730.367, 135
Trd, 258730.417, 132
Trd, 258730.450, 137
Trd, 258730.783, 120
Trd, 258731.067, 140
Trd, 258731.100, 140
Trd, 258731.383, 140
Trd, 258731.617, 140
Trd, 258732.017, 139
Trd, 258732.667, 125
Trd, 258732.750, 119
Trd, 258733.050, 139
Trd, 258733.067, 110
Trd, 258733.167, 137
Trd, 258733.350, 138
Trd, 258733.600, 129
Trd, 258733.617, 127
Trd, 258734.083, 137
Trd, 258734.100, 133
Trd, 258734.733, 128
Trd, 258734.850, 135
Trd, 258734.917, 128
Trd, 258735.000, 137
Trd, 258735.167, 127
Trd, 258735.267, 122
Trd, 258735.400, 140
Trd, 258736.083, 140
Trd, 258736.633, 140
Trd, 258736.783, 140
Trd, 258736.850, 118
Trd, 258737.033, 123
Trd, 258737.467, 139
Trd, 258737.517, 115
Trd, 258737.583, 128
Trd, 258738.067, 140
Trd, 258738.817, 140
Trd, 258738.900, 140
Trd, 258738.967, 140
Trd, 258739.300, 139
Trd, 258739.333, 139
Trd, 258739.483, 139
Trd, 258739.517, 131
Trd, 258739.750, 137
Trd, 258740.250, 118
Trd, 258740.483, 117
Trd, 258740.667, 107
Trd, 258740.733, 103
Trd, 258740.950, 129
Trd, 258741.167, 108
Trd, 258741.283, 98
Trd, 258741.500, 80
Trd, 258741.650, 130
Trd, 258741.733, 137
Trd, 258741.867, 139
Trd, 258742.100, 140
Trd, 258742.800, 140
Trd, 258742.850, 139
Trd, 258742.933, 123
Trd, 258743.033, 122
Trd, 258743.367, 110
Trd, 258743.633, 140
Trd, 258743.900, 140
Trd, 258744.500, 140
Trd, 258744.567, 140
Trd, 258744.717, 140
Trd, 258745.000, 118
Trd, 258745.383, 118
Trd, 258745.700, 125
Trd, 258746.100, 140
Trd, 258746.183, 140
Trd, 258746.467, 140
Trd, 258746.517, 140
Trd, 258746.733, 139
Trd, 258746.750, 139
Trd, 258746.767, 139
Trd, 258747.200, 130
Trd, 258747.250, 113
Trd, 258747.300, 102
Trd, 258747.317, 100
Trd, 258747.333, 98
Trd, 258747.433, 139
Trd, 258747.733, 61
Trd, 258747.883, 63
Trd, 258748.017, 64
Trd, 258748.050, 92
Trd, 258748.317, 92
Trd, 258748.683, 93
Trd, 258749.583, 140
Trd, 258749.617, 139
Trd, 258749.833, 140
Trd, 258750.100, 140
Trd, 258750.433, 139
Trd, 258750.750, 139
Trd, 258751.167, 129
Trd, 258751.650, 140
Trd, 258751.683, 140
Trd, 258751.733, 140
Trd, 258752.017, 119
Trd, 258752.183, 116
Trd, 258752.533, 135
Trd, 258752.683, 132
Trd, 258752.767, 136
Trd, 258752.917, 125
Trd, 258752.950, 119
Trd, 258753.033, 115
Trd, 258753.083, 138
Trd, 258753.283, 106
Trd, 258753.367, 135
Trd, 258753.733, 71
Trd, 258753.933, 87
Trd, 258754.117, 140
Trd, 258754.533, 140
Trd, 258755.550, 140
Trd, 258755.683, 140
Trd, 258755.767, 140
Trd, 258755.817, 140
Trd, 258755.917, 140
Trd, 258756.067, 140
Trd, 258756.100, 139
Trd, 258756.333, 139
Trd, 258756.483, 138
Trd, 258756.967, 138
Trd, 258757.433, 137
Trd, 258757.517, 138
Trd, 258757.600, 137
Trd, 258757.683, 122
Trd, 258757.817, 109
Trd, 258757.850, 108
Trd, 258757.883, 102
Trd, 258758.333, 116
Trd, 258758.500, 139
Trd, 258758.733, 140
Trd, 258758.767, 115
Trd, 258759.517, 137
Trd, 258759.567, 139
Trd, 258760.117, 119
Trd, 258760.633, 138
Trd, 258760.817, 140
Trd, 258760.883, 140
Trd, 258761.483, 139
Trd, 258761.533, 138
Trd, 258761.633, 138
Trd, 258761.850, 137
Trd, 258761.983, 140
Trd, 258762.283, 130
Trd, 258762.450, 137
Trd, 258762.500, 136
Trd, 258762.700, 130
Trd, 258763.050, 129
Trd, 258763.583, 136
Trd, 258763.950, 125
Trd, 258764.150, 126
Trd, 258764.217, 125
Trd, 258764.233, 123
Trd, 258764.450, 118
Trd, 258764.950, 129
Trd, 258765.117, 111
Trd, 258765.267, 131
Trd, 258765.283, 105
Trd, 258765.417, 135
Trd, 258765.550, 138
Trd, 258765.750, 100
Trd, 258765.800, 88
Trd, 258766.017, 138
Trd, 258766.217, 136
Trd, 258766.467, 104
Trd, 258766.850, 103
Trd, 258766.883, 101
Trd, 258766.950, 113
Trd, 258767.083, 116
Trd, 258767.150, 126
Trd, 258767.300, 103
Trd, 258767.350, 96
Trd, 258767.367, 94
Trd, 258767.600, 81
Trd, 258767.833, 63
Trd, 258768.133, 73
Trd, 258768.183, 75
Trd, 258768.350, 75
Trd, 258769.033, 66
Trd, 258769.383, 66
Trd, 258769.700, 64
Trd, 258769.717, 67
Trd, 258769.800, 63
Trd, 258770.033, 70
Trd, 258770.300, 64
Trd, 258770.417, 64
Trd, 258770.567, 63
Trd, 258770.867, 74
Trd, 258771.017, 101
Trd, 258771.033, 73
Trd, 258771.200, 71
Trd, 258771.417, 110
Trd, 258771.433, 62
Trd, 258771.533, 65
Trd, 258771.967, 80
Trd, 258772.083, 99
Trd, 258772.333, 130
Trd, 258773.033, 133
Trd, 258773.050, 132
Trd, 258773.133, 131
Trd, 258773.183, 133
Trd, 258773.417, 132
Trd, 258773.450, 133
Trd, 258773.500, 111
Trd, 258773.517, 136
Trd, 258773.567, 105
Trd, 258774.200, 140
Trd, 258774.600, 140
Trd, 258774.667, 140
Trd, 258774.900, 140
Trd, 258775.517, 140
Trd, 258775.617, 133
Trd, 258775.933, 140
Trd, 258776.950, 139
Trd, 258777.067, 118
Trd, 258777.100, 117
Trd, 258777.283, 111
Trd, 258777.450, 119
Trd, 258778.083, 140
Trd, 258778.217, 140
Trd, 258778.283, 140
Trd, 258778.417, 140
Trd, 258778.433, 140
Trd, 258779.217, 140
Trd, 258779.667, 140
Trd, 258779.700, 137
Trd, 258779.967, 130
Trd, 258780.867, 140
Trd, 258780.967, 139
Trd, 258781.050, 139
Trd, 258781.100, 139
Trd, 258781.150, 121
Trd, 258781.200, 122
Trd, 258781.433, 139
Trd, 258781.483, 137
Trd, 258781.517, 139
Trd, 258782.267, 140
Trd, 258782.600, 140
Trd, 258782.667, 140
Trd, 258782.683, 140
Trd, 258782.883, 140
Trd, 258783.083, 139
Trd, 258783.100, 139
Trd, 258783.217, 118
Trd, 258783.600, 136
Trd, 258783.950, 136
Trd, 258784.417, 133
Trd, 258784.500, 111
Trd, 258784.650, 132
Trd, 258784.867, 106
Trd, 258785.117, 105
Trd, 258785.383, 106
Trd, 258785.617, 127
Trd, 258785.733, 134
Trd, 258785.967, 101
Trd, 258786.217, 100
Trd, 258786.400, 137
Trd, 258786.467, 138
Trd, 258786.483, 100
Trd, 258786.633, 67
Trd, 258787.000, 97
Trd, 258787.483, 140
Trd, 258787.617, 139
Trd, 258787.750, 137
Trd, 258788.017, 140
Trd, 258788.750, 140
Trd, 258789.250, 139
Trd, 258789.367, 111
Trd, 258789.383, 104
Trd, 258789.433, 101
Trd, 258789.467, 112
Trd, 258789.517, 113
Trd, 258789.933, 140
Trd, 258790.000, 140
Trd, 258790.033, 140
Trd, 258790.100, 139
Trd, 258790.650, 139
Trd, 258791.667, 140
Trd, 258792.667, 140
Trd, 258792.833, 140
Trd, 258792.867, 140
Trd, 258792.933, 140
Trd, 258793.533, 140
Trd, 258794.250, 140
Trd, 258794.283, 140
Trd, 258794.533, 140
Trd, 258794.567, 140
Trd, 258794.717, 139
Trd, 258794.983, 139
Trd, 258795.100, 140
Trd, 258795.117, 139
Trd, 258795.150, 124
Trd, 258795.533, 126
Trd, 258795.617, 125
Trd, 258795.800, 139
Trd, 258795.933, 124
Trd, 258796.283, 118
Trd, 258796.717, 126
Trd, 258796.800, 127
Trd, 258797.033, 112
Trd, 258797.050, 127
Trd, 258797.617, 91
Trd, 258797.683, 89
Trd, 258797.717, 121
Trd, 258797.783, 86
Trd, 258797.833, 85
Trd, 258797.917, 91
Trd, 258798.000, 122
Trd, 258798.133, 129
Trd, 258799.100, 140
Trd, 258799.117, 136
Trd, 258799.217, 140
Trd, 258799.833, 136
Trd, 258799.850, 135
Trd, 258800.550, 138
Trd, 258801.400, 137
Trd, 258801.600, 136
Trd, 258801.933, 140
Trd, 258802.800, 140
Trd, 258803.133, 140
Trd, 258803.717, 140
Trd, 258803.733, 140
Trd, 258803.917, 140
Trd, 258803.950, 140
Trd, 258804.050, 140
Trd, 258804.067, 140
Trd, 258804.117, 140
Trd, 258804.183, 139
Trd, 258804.233, 139
Trd, 258804.250, 132
Trd, 258804.350, 139
Trd, 258804.700, 132
Trd, 258805.067, 110
Trd, 258805.733, 129
Trd, 258805.867, 129
Trd, 258805.967, 110
Trd, 258806.000, 103
Trd, 258806.067, 135
Trd, 258806.450, 127
Trd, 258806.767, 134
Trd, 258807.150, 125
Trd, 258807.267, 134
Trd, 258807.283, 124
Trd, 258807.600, 137
Trd, 258807.650, 114
Trd, 258807.767, 114
Trd, 258807.967, 98
Trd, 258808.817, 140
Trd, 258808.983, 140
Trd, 258809.000, 140
Trd, 258809.017, 140
Trd, 258809.117, 139
Trd, 258809.350, 133
Trd, 258809.500, 105
Trd, 258809.517, 103
Trd, 258809.567, 139
Trd, 258809.733, 139
Trd, 258810.183, 102
Trd, 258810.233, 126
Trd, 258810.500, 140
Trd, 258811.067, 140
Trd, 258811.117, 140
Trd, 258811.367, 140
Trd, 258811.383, 140
Trd, 258811.583, 139
Trd, 258811.700, 133
Trd, 258811.950, 118
Trd, 258811.983, 106
Trd, 258812.050, 139
Trd, 258812.167, 129
Trd, 258812.417, 137
Trd, 258813.050, 140
Trd, 258813.200, 140
Trd, 258813.217, 140
Trd, 258813.483, 139
Trd, 258813.733, 121
Trd, 258814.533, 140
Trd, 258814.883, 139
Trd, 258815.050, 140
Trd, 258815.500, 137
Trd, 258815.883, 135
Trd, 258815.900, 134
Trd, 258815.967, 119
Trd, 258816.117, 120
Trd, 258816.267, 140
Trd, 258816.350, 110
Trd, 258816.750, 139
Trd, 258816.933, 140
Trd, 258817.000, 114
Trd, 258817.183, 139
Trd, 258817.233, 139
Trd, 258817.350, 128
Trd, 258818.500, 134
Trd, 258818.517, 127
Trd, 258818.700, 127
Trd, 258818.817, 134
Trd, 258818.950, 111
Trd, 258819.133, 110
Trd, 258819.267, 109
Trd, 258819.300, 132
Trd, 258819.750, 110
Trd, 258819.850, 106
Trd, 258819.950, 99
Trd, 258820.267, 110
Trd, 258820.500, 95
Trd, 258820.683, 138
Trd, 258820.950, 94
Trd, 258820.983, 80
Trd, 258821.350, 136
Trd, 258821.783, 139
Trd, 258821.850, 132
Trd, 258821.917, 130
Trd, 258822.467, 140
Trd, 258822.500, 138
Trd, 258822.633, 140
Trd, 258822.883, 139
Trd, 258822.950, 107
Trd, 258823.217, 130
Trd, 258823.517, 127
Trd, 258823.650, 127
Trd, 258823.733, 126
Trd, 258823.917, 128
Trd, 258824.217, 128
Trd, 258824.233, 127
Trd, 258824.550, 140
Trd, 258824.600, 106
Trd, 258824.750, 111
Trd, 258824.983, 136
Trd, 258825.167, 131
Trd, 258825.300, 112
Trd, 258826.117, 140
Trd, 258826.167, 140
Trd, 258826.333, 140
Trd, 258826.400, 128
Trd, 258826.867, 120
Trd, 258827.283, 103
Trd, 258827.300, 102
Trd, 258827.367, 125
Trd, 258827.400, 102
Trd, 258827.500, 126
Trd, 258827.617, 128
Trd, 258828.000, 94
Trd, 258828.350, 121
Trd, 258828.733, 124
Trd, 258828.917, 126
Trd, 258828.950, 109
Trd, 258829.500, 138
Trd, 258829.517, 97
Trd, 258829.600, 140
Trd, 258830.350, 124
Trd, 258830.633, 140
Trd, 258830.917, 140
Trd, 258831.050, 140
Trd, 258831.100, 140
Trd, 258831.333, 140
Trd, 258831.350, 139
Trd, 258831.617, 120
Trd, 258832.400, 139
Trd, 258832.650, 121
Trd, 258832.667, 121
Trd, 258832.933, 130
Trd, 258833.183, 128
Trd, 258833.233, 120
Trd, 258833.267, 131
Trd, 258833.667, 122
Trd, 258833.767, 128
Trd, 258833.883, 131
Trd, 258834.000, 105
Trd, 258834.150, 132
Trd, 258834.400, 103
Trd, 258834.767, 93
Trd, 258834.800, 92
Trd, 258835.017, 90
Trd, 258835.067, 115
Trd, 258835.183, 98
Trd, 258835.350, 87
Trd, 258835.567, 72
Trd, 258837.017, 140
Trd, 258837.067, 140
Trd, 258837.083, 140
Trd, 258837.133, 139
Trd, 258837.150, 125
Trd, 258837.183, 121
Trd, 258837.250, 114
Trd, 258837.350, 105
Trd, 258837.617, 119
Trd, 258838.383, 140
Trd, 258838.500, 121
Trd, 258838.517, 118
Trd, 258838.633, 125
Trd, 258838.667, 116
Trd, 258838.683, 100
Trd, 258838.967, 123
Trd, 258839.267, 60
Trd, 258839.367, 121
Trd, 258839.567, 74
Trd, 258840.000, 60
Trd, 258840.050, 64
Trd, 258840.533, 64
Trd, 258840.767, 73
Trd, 258840.917, 74
Trd, 258841.183, 64
Trd, 258841.550, 67
Trd, 258841.717, 66
Trd, 258842.117, 61
Trd, 258842.183, 62
Trd, 258842.200, 63
Trd, 258842.300, 64
Trd, 258842.450, 68
Trd, 258842.583, 75
Trd, 258843.367, 140
Trd, 258843.550, 140
Trd, 258844.017, 140
Trd, 258844.517, 140
Trd, 258844.917, 140
Trd, 258844.983, 140
Trd, 258845.017, 140
Trd, 258845.100, 140
Trd, 258845.200, 139
Trd, 258845.333, 140
Trd, 258845.400, 140
Trd, 258845.567, 140
Trd, 258845.600, 139
Trd, 258845.617, 118
Trd, 258845.700, 118
Trd, 258845.783, 111
Trd, 258845.900, 138
Trd, 258846.500, 139
Trd, 258846.883, 138
Trd, 258846.983, 133
Trd, 258847.033, 110
Trd, 258847.333, 138
Trd, 258847.400, 139
Trd, 258848.050, 138
Trd, 258848.083, 126
Trd, 258848.783, 140
Trd, 258848.900, 103
Trd, 258848.983, 103
Trd, 258849.400, 139
Trd, 258849.500, 139
Trd, 258850.050, 136
Trd, 258850.167, 104
Trd, 258850.550, 100
Trd, 258850.950, 132
Trd, 258851.033, 133
Trd, 258851.133, 134
Trd, 258851.233, 122
Trd, 258851.283, 110
Trd, 258851.450, 135
Trd, 258851.517, 136
Trd, 258851.850, 135
Trd, 258852.650, 140
Trd, 258852.767, 139
Trd, 258852.933, 139
Trd, 258852.950, 139
Trd, 258853.283, 135
Trd, 258853.333, 133
Trd, 258853.483, 123
Trd, 258854.233, 129
Trd, 258854.267, 139
Trd, 258854.767, 139
Trd, 258854.900, 140
Trd, 258855.200, 140
Trd, 258855.333, 140
Trd, 258855.450, 140
Trd, 258855.517, 139
Trd, 258855.900, 137
Trd, 258855.933, 137
Trd, 258856.083, 136
Trd, 258856.167, 135
Trd, 258856.267, 122
Trd, 258857.417, 131
Trd, 258857.683, 131
Trd, 258857.717, 132
Trd, 258858.200, 130
Trd, 258858.417, 129
Trd, 258858.467, 121
Trd, 258858.500, 131
Trd, 258858.833, 120
Trd, 258858.850, 103
Trd, 258858.983, 101
Trd, 258859.100, 87
Trd, 258859.217, 130
Trd, 258859.933, 64
Trd, 258859.967, 65
Trd, 258860.117, 65
Trd, 258860.533, 135
Trd, 258860.833, 117
Trd, 258860.850, 116
Trd, 258860.933, 123
Trd, 258860.983, 115
Trd, 258861.367, 122
Trd, 258861.483, 96
Trd, 258861.650, 128
Trd, 258861.700, 129
Trd, 258862.033, 139
Trd, 258862.333, 117
Trd, 258862.933, 90
Trd, 258863.067, 126
Trd, 258863.783, 140
Trd, 258864.250, 140
Trd, 258864.317, 139
Trd, 258864.467, 136
Trd, 258864.567, 115
Trd, 258864.800, 95
Trd, 258865.417, 119
Trd, 258865.667, 120
Trd, 258865.733, 135
Trd, 258865.917, 120
Trd, 258866.417, 121
Trd, 258866.533, 124
Trd, 258866.850, 120
Trd, 258866.883, 121
Trd, 258867.433, 123
Trd, 258867.567, 120
Trd, 258867.600, 124
Trd, 258867.617, 121
Trd, 258867.667, 131
Trd, 258867.967, 134
Trd, 258868.283, 140
Trd, 258868.300, 133
Trd, 258868.333, 123
Trd, 258868.417, 122
Trd, 258869.000, 140
Trd, 258869.233, 120
Trd, 258869.300, 119
Trd, 258869.333, 98
Trd, 258869.667, 130
Trd, 258870.017, 140
Trd, 258870.117, 140
Trd, 258870.283, 136
Trd, 258870.333, 97
Trd, 258870.417, 96
Trd, 258870.600, 84
Trd, 258870.967, 135
Trd, 258871.317, 111
Trd, 258871.517, 82
Trd, 258872.083, 140
Trd, 258872.483, 140
Trd, 258873.067, 140
Trd, 258873.417, 140
Trd, 258873.717, 140
Trd, 258873.867, 140
Trd, 258873.933, 139
Trd, 258873.967, 139
Trd, 258874.383, 139
Trd, 258874.450, 140
Trd, 258874.550, 138
Trd, 258875.017, 136
Trd, 258875.417, 123
Trd, 258875.467, 122
Trd, 258875.650, 135
Trd, 258876.050, 135
Trd, 258876.117, 134
Trd, 258876.133, 133
Trd, 258876.250, 121
Trd, 258876.667, 119
Trd, 258876.733, 119
Trd, 258876.750, 135
Trd, 258876.817, 112
Trd, 258877.383, 140
Trd, 258877.650, 131
Trd, 258877.700, 119
Trd, 258877.717, 112
Trd, 258878.400, 140
Trd, 258878.700, 139
Trd, 258878.767, 135
Trd, 258879.033, 140
Trd, 258879.217, 124
Trd, 258879.317, 140
Trd, 258879.617, 140
Trd, 258880.033, 140
Trd, 258880.183, 140
Trd, 258880.667, 140
Trd, 258882.033, 140
Trd, 258882.100, 140
Trd, 258882.283, 140
Trd, 258882.433, 140
Trd, 258882.467, 140
Trd, 258882.500, 140
Trd, 258882.817, 140
Trd, 258882.917, 140
Trd, 258883.067, 139
Trd, 258883.217, 139
Trd, 258883.233, 137
Trd, 258883.267, 131
Trd, 258883.333, 111
Trd, 258883.400, 104
Trd, 258883.517, 102
Trd, 258883.717, 132
Trd, 258883.983, 104
Trd, 258884.133, 138
Trd, 258884.400, 107
Trd, 258884.633, 137
Trd, 258884.833, 137
Trd, 258884.900, 136
Trd, 258884.983, 117
Trd, 258885.150, 117
Trd, 258885.750, 116
Trd, 258885.817, 113
Trd, 258886.167, 130
Trd, 258886.233, 134
Trd, 258886.250, 112
Trd, 258886.533, 112
Trd, 258886.583, 112
Trd, 258886.600, 116
Trd, 258886.717, 120
Trd, 258886.750, 127
Trd, 258886.933, 111
Trd, 258887.550, 105
Trd, 258887.667, 110
Trd, 258888.117, 110
Trd, 258888.550, 109
Trd, 258888.700, 107
Trd, 258889.000, 111
Trd, 258889.233, 135
Trd, 258889.517, 140
Trd, 258890.050, 140
Trd, 258890.400, 140
Trd, 258890.533, 140
Trd, 258890.933, 140
Trd, 258891.117, 140
Trd, 258891.417, 140
Trd, 258892.233, 140
Trd, 258892.383, 140
Trd, 258892.683, 140
Trd, 258892.867, 140
Trd, 258892.883, 139
Trd, 258893.417, 140
Trd, 258893.433, 140
Trd, 258893.500, 140
Trd, 258894.000, 130
Trd, 258894.317, 139
Trd, 258894.350, 129
Trd, 258894.417, 129
Trd, 258894.450, 138
Trd, 258894.467, 124
Trd, 258894.533, 140
Trd, 258894.983, 137
Trd, 258895.367, 139
Trd, 258895.383, 139
Trd, 258895.617, 140
Trd, 258895.683, 140
Trd, 258895.983, 136
Trd, 258896.183, 136
Trd, 258896.650, 138
Trd, 258896.750, 135
Trd, 258896.817, 130
Trd, 258896.867, 127
Trd, 258896.917, 120
Trd, 258897.100, 101
Trd, 258897.233, 94
Trd, 258897.250, 84
Trd, 258897.267, 80
Trd, 258897.983, 135
Trd, 258898.033, 98
Trd, 258898.267, 68
Trd, 258898.467, 77
Trd, 258898.583, 79
Trd, 258898.800, 95
Trd, 258898.983, 96
Trd, 258899.417, 136
Trd, 258899.500, 129
Trd, 258899.900, 137
Trd, 258900.700, 140
Trd, 258900.717, 140
Trd, 258901.533, 140
Trd, 258902.083, 140
Trd, 258902.317, 140
Trd, 258903.100, 140
Trd, 258903.283, 140
Trd, 258903.317, 140
Trd, 258903.533, 140
Trd, 258903.800, 140
Trd, 258903.833, 140
Trd, 258903.950, 140
Trd, 258904.250, 139
Trd, 258904.300, 126
Trd, 258904.767, 138
Trd, 258904.850, 118
Trd, 258905.000, 127
Trd, 258905.083, 140
Trd, 258905.383, 140
Trd, 258905.800, 127
Trd, 258906.000, 126
Trd, 258906.017, 128
Trd, 258906.183, 121
Trd, 258906.483, 118
Trd, 258906.517, 137
Trd, 258906.933, 112
Trd, 258907.100, 112
Trd, 258907.117, 111
Trd, 258907.467, 117
Trd, 258907.583, 102
Trd, 258908.050, 128
Trd, 258908.100, 130
Trd, 258908.183, 105
Trd, 258908.317, 105
Trd, 258908.517, 88
Trd, 258908.550, 118
Trd, 258908.567, 119
Trd, 258908.733, 134
Trd, 258908.750, 82
Trd, 258909.000, 99
Trd, 258909.083, 85
Trd, 258909.183, 76
Trd, 258909.533, 136
Trd, 258909.650, 138
Trd, 258910.050, 136
Trd, 258910.367, 100
Trd, 258910.633, 140
Trd, 258910.700, 140
Trd, 258910.833, 139
Trd, 258910.967, 128
Trd, 258911.100, 127
Trd, 258911.333, 140
Trd, 258911.617, 138
Trd, 258912.350, 140
Trd, 258912.567, 140
Trd, 258912.867, 140
Trd, 258912.933, 140
Trd, 258913.050, 140
Trd, 258913.300, 139
Trd, 258913.600, 133
Trd, 258913.850, 137
Trd, 258913.983, 120
Trd, 258914.117, 120
Trd, 258914.267, 139
Trd, 258914.400, 119
Trd, 258914.417, 114
Trd, 258914.667, 106
Trd, 258914.733, 100
Trd, 258914.817, 139
Trd, 258914.967, 88
Trd, 258915.133, 115
Trd, 258915.283, 102
Trd, 258915.433, 110
Trd, 258916.133, 129
Trd, 258916.233, 140
Trd, 258916.367, 138
Trd, 258916.483, 131
Trd, 258916.500, 111
Trd, 258916.733, 111
Trd, 258917.600, 140
Trd, 258917.833, 140
Trd, 258918.100, 140
Trd, 258918.733, 140
Trd, 258918.983, 140
Trd, 258919.133, 140
Trd, 258919.283, 139
Trd, 258919.517, 138
Trd, 258919.617, 136
Trd, 258920.167, 128
Trd, 258920.367, 116
Trd, 258920.883, 134
Trd, 258920.900, 114
Trd, 258921.233, 107
Trd, 258921.300, 131
Trd, 258921.333, 132
Trd, 258921.883, 132
Trd, 258922.133, 132
Trd, 258922.317, 138
Trd, 258922.367, 134
Trd, 258922.433, 133
Trd, 258922.633, 116
Trd, 258923.150, 140
Trd, 258923.300, 138
Trd, 258923.700, 136
Trd, 258923.717, 121
Trd, 258923.750, 120
Trd, 258924.067, 122
Trd, 258924.733, 120
Trd, 258924.800, 139
Trd, 258925.000, 119
Trd, 258925.033, 134
Trd, 258925.283, 94
Trd, 258926.017, 112
Trd, 258926.167, 138
Trd, 258926.233, 137
Trd, 258926.283, 139
Trd, 258926.583, 94
Trd, 258926.733, 137
Trd, 258926.783, 91
Trd, 258926.850, 89
Trd, 258926.967, 67
Trd, 258927.083, 103
Trd, 258927.267, 60
Trd, 258927.517, 98
Trd, 258928.083, 126
Trd, 258928.267, 124
Trd, 258928.383, 125
Trd, 258928.417, 99
Trd, 258928.550, 94
Trd, 258928.650, 125
Trd, 258928.900, 74
Trd, 258929.067, 75
Trd, 258929.117, 76
Trd, 258929.283, 94
Trd, 258929.350, 95
Trd, 258929.400, 122
Trd, 258929.417, 84
Trd, 258929.700, 84
Trd, 258929.867, 89
Trd, 258930.050, 75
Trd, 258930.617, 89
Trd, 258931.017, 92
Trd, 258931.033, 93
Trd, 258931.100, 116
Trd, 258931.550, 95
Trd, 258931.733, 140
Trd, 258931.767, 98
Trd, 258932.167, 108
Trd, 258932.450, 108
Trd, 258932.500, 109
Trd, 258932.667, 93
Trd, 258932.733, 115
Trd, 258933.033, 112
Trd, 258933.150, 113
Trd, 258933.217, 92
Trd, 258933.267, 115
Trd, 258933.417, 92
Trd, 258933.517, 127
Trd, 258933.667, 90
Trd, 258934.583, 140
Trd, 258935.050, 140
Trd, 258935.250, 140
Trd, 258935.367, 140
Trd, 258935.683, 140
Trd, 258935.817, 139
Trd, 258936.583, 140
Trd, 258936.767, 140
Trd, 258936.950, 140
Trd, 258937.083, 139
Trd, 258937.133, 140
Trd, 258937.633, 140
Trd, 258938.033, 140
Trd, 258938.050, 140
Trd, 258938.183, 139
Trd, 258938.767, 140
Trd, 258939.533, 140
Trd, 258939.717, 140
Trd, 258940.083, 140
Trd, 258940.167, 140
Trd, 258940.283, 139
Trd, 258940.317, 138
Trd, 258940.500, 138
Trd, 258940.567, 129
Trd, 258940.917, 137
Trd, 258941.017, 128
Trd, 258941.233, 129
Trd, 258941.333, 137
Trd, 258941.483, 128
Trd, 258941.600, 114
Trd, 258941.633, 137
Trd, 258942.167, 111
Trd, 258942.183, 133
Trd, 258942.533, 132
Trd, 258942.600, 134
Trd, 258942.633, 131
Trd, 258943.000, 134
Trd, 258943.017, 110
Trd, 258943.050, 108
Trd, 258943.100, 139
Trd, 258943.417, 105
Trd, 258943.750, 139
Trd, 258943.783, 137
Trd, 258944.550, 115
Trd, 258944.783, 139
Trd, 258944.800, 116
Trd, 258944.967, 105
Trd, 258945.767, 137
Trd, 258945.833, 140
Trd, 258945.883, 109
Trd, 258946.017, 138
Trd, 258946.583, 140
Trd, 258946.633, 139
Trd, 258946.833, 137
Trd, 258947.067, 137
Trd, 258947.350, 138
Trd, 258947.433, 140
Trd, 258947.467, 138
Trd, 258947.533, 137
Trd, 258947.833, 139
Trd, 258948.067, 136
Trd, 258948.117, 136
Trd, 258948.533, 139
Trd, 258948.917, 139
Trd, 258949.000, 132
Trd, 258949.100, 127
Trd, 258949.583, 117
Trd, 258949.850, 139
Trd, 258949.867, 135
Trd, 258949.883, 100
Trd, 258950.167, 138
Trd, 258950.283, 111
Trd, 258950.667, 138
Trd, 258951.133, 132
Trd, 258951.550, 117
Trd, 258951.767, 124
Trd, 258951.867, 140
Trd, 258952.217, 140
Trd, 258952.250, 140
Trd, 258952.367, 140
Trd, 258952.483, 140
Trd, 258952.567, 140
Trd, 258952.783, 139
Trd, 258953.067, 124
Trd, 258953.633, 122
Trd, 258953.717, 139
Trd, 258953.867, 107
Trd, 258954.267, 113
Trd, 258954.317, 119
Trd, 258954.350, 107
Trd, 258954.633, 119
Trd, 258954.817, 107
Trd, 258954.933, 106
Trd, 258955.183, 103
Trd, 258955.367, 140
Trd, 258955.767, 118
Trd, 258955.833, 110
Trd, 258956.233, 138
Trd, 258956.517, 140
Trd, 258956.617, 139
Trd, 258956.717, 131
Trd, 258956.850, 138
Trd, 258956.967, 138
Trd, 258957.683, 118
Trd, 258958.000, 140
Trd, 258958.017, 140
Trd, 258958.250, 140
Trd, 258958.383, 137
Trd, 258958.967, 140
Trd, 258959.067, 137
Trd, 258959.100, 136
Trd, 258959.250, 139
Trd, 258959.650, 140
Trd, 258959.683, 139
Trd, 258959.800, 136
Trd, 258960.083, 123
Trd, 258960.567, 139
Trd, 258960.817, 127
Trd, 258961.367, 140
Trd, 258961.533, 140
Trd, 258961.917, 140
Trd, 258962.250, 140
Trd, 258962.383, 138
Trd, 258962.500, 136
Trd, 258962.517, 128
Trd, 258962.550, 118
Trd, 258962.900, 139
Trd, 258963.033, 139
Trd, 258963.217, 138
Trd, 258963.817, 128
Trd, 258964.133, 120
Trd, 258964.150, 119
Trd, 258964.450, 130
Trd, 258964.567, 133
Trd, 258964.667, 136
Trd, 258964.917, 128
Trd, 258965.317, 140
Trd, 258965.567, 114
Trd, 258965.633, 108
Trd, 258966.033, 103
Trd, 258966.133, 99
Trd, 258966.250, 115
Trd, 258966.383, 77
Trd, 258966.483, 134
Trd, 258966.583, 135
Trd, 258966.883, 94
Trd, 258967.050, 94
Trd, 258967.767, 64
Trd, 258968.183, 119
Trd, 258968.433, 120
Trd, 258968.500, 77
Trd, 258968.800, 119
Trd, 258968.850, 93
Trd, 258969.017, 84
Trd, 258969.167, 91
Trd, 258969.367, 119
Trd, 258969.517, 120
Trd, 258969.583, 86
Trd, 258969.733, 86
Trd, 258969.817, 140
Trd, 258969.900, 111
Trd, 258970.033, 85
Trd, 258970.567, 137
Trd, 258970.600, 136
Trd, 258970.617, 97
Trd, 258970.950, 84
Trd, 258971.333, 101
Trd, 258971.467, 137
Trd, 258971.883, 140
Trd, 258972.467, 140
Trd, 258972.783, 140
Trd, 258972.817, 140
Trd, 258972.900, 140
Trd, 258973.350, 140
Trd, 258973.500, 140
Trd, 258973.567, 139
Trd, 258973.633, 139
Trd, 258973.717, 122
Trd, 258973.767, 140
Trd, 258973.917, 117
Trd, 258974.167, 113
Trd, 258974.250, 112
Trd, 258974.533, 136
Trd, 258974.650, 139
Trd, 258974.817, 140
Trd, 258974.850, 139
Trd, 258974.933, 111
Trd, 258974.967, 108
Trd, 258975.067, 139
Trd, 258975.533, 136
Trd, 258975.783, 136
Trd, 258975.817, 137
Trd, 258975.983, 132
Trd, 258976.383, 122
Trd, 258976.450, 107
Trd, 258976.500, 100
Trd, 258976.550, 100
Trd, 258977.000, 138
Trd, 258977.233, 140
Trd, 258977.900, 140
Trd, 258978.483, 140
Trd, 258978.633, 139
Trd, 258978.783, 139
Trd, 258978.883, 138
Trd, 258979.267, 139
Trd, 258979.317, 140
Trd, 258979.533, 138
Trd, 258979.717, 140
Trd, 258979.983, 139
Trd, 258980.133, 129
Trd, 258980.183, 136
Trd, 258980.300, 120
Trd, 258980.450, 119
Trd, 258980.583, 123
Trd, 258980.850, 134
Trd, 258981.367, 129
Trd, 258981.583, 126
Trd, 258981.733, 117
Trd, 258981.983, 119
Trd, 258982.600, 117
Trd, 258982.617, 119
Trd, 258982.817, 107
Trd, 258983.050, 120
Trd, 258983.117, 119
Trd, 258983.333, 121
Trd, 258983.467, 92
Trd, 258983.517, 85
Trd, 258983.667, 102
Trd, 258983.767, 138
Trd, 258984.150, 140
Trd, 258984.883, 140
Trd, 258984.933, 140
Trd, 258984.950, 140
Trd, 258985.067, 140
Trd, 258985.333, 140
Trd, 258985.383, 137
Trd, 258985.567, 136
Trd, 258985.633, 124
Trd, 258985.833, 140
Trd, 258985.850, 140
Trd, 258986.317, 139
Trd, 258987.017, 131
Trd, 258987.083, 140
Trd, 258987.317, 140
Trd, 258987.550, 131
Trd, 258988.033, 115
Trd, 258988.183, 138
Trd, 258988.283, 139
Trd, 258988.467, 111
Trd, 258988.533, 96
Trd, 258989.183, 137
Trd, 258989.333, 139
Trd, 258989.417, 130
Trd, 258989.817, 139
Trd, 258990.250, 135
Trd, 258990.300, 134
Trd, 258990.417, 115
Trd, 258990.550, 112
Trd, 258990.583, 106
Trd, 258991.317, 113
Trd, 258991.583, 138
Trd, 258991.833, 131
Trd, 258992.033, 122
Trd, 258992.150, 115
Trd, 258992.983, 116
Trd, 258993.467, 106
Trd, 258993.483, 110
Trd, 258993.533, 117
Trd, 258993.583, 122
Trd, 258993.767, 132
Trd, 258993.983, 105
Trd, 258994.183, 117
Trd, 258994.400, 105
Trd, 258994.433, 105
Trd, 258994.483, 105
Trd, 258994.600, 100
Trd, 258994.617, 98
Trd, 258994.833, 131
Trd, 258995.233, 140
Trd, 258995.250, 140
Trd, 258995.550, 140
Trd, 258995.700, 139
Trd, 258996.133, 139
Trd, 258996.550, 139
Trd, 258996.850, 140
Trd, 258997.483, 140
Trd, 258997.717, 140
Trd, 258997.783, 140
Trd, 258998.050, 140
Trd, 258998.100, 139
Trd, 258998.333, 138
Trd, 258998.500, 138
Trd, 258998.633, 137
Trd, 258998.967, 140
Trd, 258999.083, 140
Trd, 258999.267, 116
Trd, 258999.583, 118
Trd, 258999.767, 114
Trd, 258999.983, 134
Trd, 259000.400, 102
Trd, 259000.583, 102
Trd, 259000.717, 125
Trd, 259000.817, 129
Trd, 259000.967, 129
Trd, 259001.017, 131
Trd, 259001.217, 123
Trd, 259001.417, 104
Trd, 259001.617, 105
Trd, 259001.817, 102
Trd, 259002.650, 103
Trd, 259002.867, 135
Trd, 259002.917, 137
Trd, 259003.633, 140
Trd, 259003.650, 139
Trd, 259004.283, 140
Trd, 259004.417, 138
Trd, 259004.600, 137
Trd, 259004.900, 130
Trd, 259004.983, 132
Trd, 259005.033, 130
Trd, 259005.133, 129
Trd, 259005.217, 128
Trd, 259005.350, 133
Trd, 259005.433, 120
Trd, 259005.967, 113
Trd, 259006.133, 112
Trd, 259006.317, 140
Trd, 259006.533, 122
Trd, 259006.583, 131
Trd, 259006.617, 113
Trd, 259007.067, 140
Trd, 259007.483, 116
Trd, 259007.500, 139
Trd, 259007.533, 140
Trd, 259007.633, 116
Trd, 259007.967, 140
Trd, 259008.117, 112
Trd, 259008.717, 138
Trd, 259008.817, 128
Trd, 259008.983, 133
Trd, 259009.067, 109
Trd, 259009.400, 133
Trd, 259009.517, 111
Trd, 259010.100, 112
Trd, 259010.133, 132
Trd, 259010.183, 111
Trd, 259010.400, 110
Trd, 259010.517, 110
Trd, 259010.683, 110
Trd, 259010.733, 109
Trd, 259010.750, 107
Trd, 259010.817, 111
Trd, 259011.133, 128
Trd, 259011.350, 122
Trd, 259011.367, 101
Trd, 259011.533, 129
Trd, 259011.683, 140
Trd, 259011.883, 105
Trd, 259011.900, 102
Trd, 259012.667, 140
Trd, 259013.350, 138
Trd, 259013.817, 140
Trd, 259014.217, 140
Trd, 259014.367, 140
Trd, 259014.467, 140
Trd, 259014.533, 137
Trd, 259014.983, 138
Trd, 259015.200, 137
Trd, 259015.433, 138
Trd, 259015.450, 130
Trd, 259015.533, 140
Trd, 259016.400, 130
Trd, 259016.700, 128
Trd, 259016.867, 128
Trd, 259017.483, 120
Trd, 259017.517, 127
Trd, 259017.533, 118
Trd, 259017.683, 126
Trd, 259017.950, 111
Trd, 259018.250, 126
Trd, 259018.667, 117
Trd, 259018.833, 118
Trd, 259018.950, 104
Trd, 259019.350, 103
Trd, 259019.383, 115
Trd, 259019.400, 119
Trd, 259019.600, 95
Trd, 259019.667, 84
Trd, 259020.233, 102
Trd, 259020.533, 136
Trd, 259020.733, 135
Trd, 259020.783, 138
Trd, 259021.417, 140
Trd, 259021.617, 140
Trd, 259021.633, 140
Trd, 259021.733, 133
Trd, 259021.983, 140
Trd, 259022.467, 140
Trd, 259022.517, 140
Trd, 259022.767, 140
Trd, 259022.800, 132
Trd, 259023.100, 132
Trd, 259023.283, 134
Trd, 259023.433, 128
Trd, 259023.633, 127
Trd, 259023.700, 121
Trd, 259023.750, 138
Trd, 259024.633, 140
Trd, 259024.667, 140
Trd, 259024.700, 140
Trd, 259024.883, 139
Trd, 259024.900, 139
Trd, 259024.950, 138
Trd, 259025.067, 133
Trd, 259025.200, 107
Trd, 259025.800, 138
Trd, 259025.833, 112
Trd, 259026.200, 123
Trd, 259026.233, 139
Trd, 259026.950, 139
Trd, 259026.967, 134
Trd, 259027.400, 123
Trd, 259027.783, 139
Trd, 259028.333, 138
Trd, 259028.583, 138
Trd, 259028.650, 138
Trd, 259028.883, 136
Trd, 259028.950, 134
Trd, 259029.150, 140
Trd, 259029.550, 136
Trd, 259029.817, 138
Trd, 259029.833, 134
Trd, 259030.183, 125
Trd, 259030.300, 124
Trd, 259030.317, 119
Trd, 259030.383, 137
Trd, 259030.400, 139
Trd, 259030.517, 109
Trd, 259030.667, 95
Trd, 259030.683, 94
Trd, 259031.033, 87
Trd, 259031.400, 129
Trd, 259031.433, 86
Trd, 259031.900, 135
Trd, 259032.367, 136
Trd, 259032.550, 135
Trd, 259032.650, 118
Trd, 259032.783, 117
Trd, 259032.950, 108
Trd, 259033.033, 137
Trd, 259033.300, 140
Trd, 259033.583, 88
Trd, 259033.717, 134
Trd, 259033.867, 115
Trd, 259034.350, 110
Trd, 259034.867, 139
Trd, 259035.383, 140
Trd, 259035.517, 140
Trd, 259035.783, 140
Trd, 259035.967, 140
Trd, 259036.100, 140
Trd, 259036.483, 140
Trd, 259036.783, 140
Trd, 259038.133, 140
Trd, 259038.200, 140
Trd, 259038.483, 139
Trd, 259038.650, 140
Trd, 259039.217, 140
Trd, 259039.467, 139
Trd, 259039.883, 140
Trd, 259040.133, 140
Trd, 259040.400, 139
Trd, 259040.417, 138
Trd, 259040.683, 122
Trd, 259040.733, 115
Trd, 259040.917, 102
Trd, 259041.033, 102
Trd, 259041.050, 95
Trd, 259041.133, 138
Trd, 259041.383, 135
Trd, 259041.550, 133
Trd, 259041.683, 136
Trd, 259041.850, 137
Trd, 259041.900, 123
Trd, 259042.333, 115
Trd, 259042.933, 123
Trd, 259042.967, 124
Trd, 259043.017, 94
Trd, 259043.067, 92
Trd, 259043.300, 92
Trd, 259043.817, 120
Trd, 259043.833, 92
Trd, 259043.950, 123
Trd, 259044.250, 108
Trd, 259044.500, 131
Trd, 259044.817, 138
Trd, 259045.033, 137
Trd, 259045.450, 135
Trd, 259046.483, 140
Trd, 259046.600, 140
Trd, 259046.617, 140
Trd, 259046.883, 140
Trd, 259047.000, 140
Trd, 259048.117, 140
Trd, 259048.167, 140
Trd, 259048.217, 140
Trd, 259048.933, 140
Trd, 259049.233, 140
Trd, 259049.350, 140
Trd, 259049.467, 140
Trd, 259049.650, 140
Trd, 259049.733, 140
Trd, 259049.767, 139
Trd, 259050.033, 139
Trd, 259050.350, 114
Trd, 259050.533, 113
Trd, 259051.417, 140
Trd, 259052.067, 139
Trd, 259052.117, 139
Trd, 259052.200, 138
Trd, 259052.367, 137
Trd, 259052.417, 138
Trd, 259052.450, 136
Trd, 259052.517, 131
Trd, 259052.533, 140
Trd, 259052.767, 140
Trd, 259052.900, 129
Trd, 259053.033, 117
Trd, 259053.217, 125
Trd, 259053.400, 139
Trd, 259053.550, 125
Trd, 259053.733, 138
Trd, 259054.117, 138
Trd, 259054.583, 133
Trd, 259054.667, 132
Trd, 259054.783, 124
Trd, 259055.567, 118
Trd, 259055.783, 103
Trd, 259055.883, 98
Trd, 259056.200, 138
Trd, 259056.333, 138
Trd, 259056.417, 129
Trd, 259057.217, 140
Trd, 259057.283, 138
Trd, 259057.700, 140
Trd, 259057.767, 139
Trd, 259058.383, 140
Trd, 259058.483, 140
Trd, 259058.600, 140
Trd, 259058.633, 105
Trd, 259058.867, 119
Trd, 259059.667, 140
Trd, 259059.850, 140
Trd, 259059.983, 140
Trd, 259060.367, 140
Trd, 259060.550, 139
Trd, 259060.650, 138
Trd, 259060.833, 134
Trd, 259060.917, 111
Trd, 259061.083, 107
Trd, 259061.333, 124
Trd, 259061.433, 135
Trd, 259061.683, 138
Trd, 259061.933, 138
Trd, 259062.133, 128
Trd, 259062.317, 140
Trd, 259062.467, 128
Trd, 259063.133, 140
Trd, 259063.167, 139
Trd, 259063.267, 112
Trd, 259063.617, 129
Trd, 259063.700, 134
Trd, 259063.900, 107
Trd, 259064.017, 93
Trd, 259064.217, 126
Trd, 259064.350, 104
Trd, 259064.383, 103
Trd, 259064.717, 94
Trd, 259064.750, 92
Trd, 259064.800, 124
Trd, 259064.983, 68
Trd, 259065.333, 111
Trd, 259065.467, 121
Trd, 259065.600, 66
Trd, 259065.750, 126
Trd, 259066.167, 66
Trd, 259066.383, 128
Trd, 259066.433, 134
Trd, 259066.450, 115
Trd, 259066.800, 137
Trd, 259067.350, 140
Trd, 259067.533, 140
Trd, 259067.633, 140
Trd, 259067.933, 140
Trd, 259068.067, 118
Trd, 259068.133, 131
Trd, 259068.433, 108
Trd, 259068.567, 108
Trd, 259068.917, 140
Trd, 259069.067, 97
Trd, 259069.683, 140
Trd, 259069.700, 140
Trd, 259070.500, 140
Trd, 259070.800, 140
Trd, 259070.883, 140
Trd, 259070.983, 140
Trd, 259071.117, 139
Trd, 259071.317, 138
Trd, 259071.483, 130
Trd, 259071.600, 135
Trd, 259071.817, 130
Trd, 259071.967, 124
Trd, 259072.183, 123
Trd, 259072.217, 125
Trd, 259072.300, 119
Trd, 259072.333, 114
Trd, 259072.483, 137
Trd, 259072.717, 137
Trd, 259072.833, 133
Trd, 259072.983, 136
Trd, 259073.267, 136
Trd, 259073.400, 136
Trd, 259074.067, 111
Trd, 259074.150, 110
Trd, 259074.400, 106
Trd, 259074.833, 140
Trd, 259075.250, 140
Trd, 259075.567, 140
Trd, 259075.783, 139
Trd, 259076.383, 139
Trd, 259076.483, 139
Trd, 259077.200, 140
Trd, 259077.267, 140
Trd, 259077.433, 140
Trd, 259077.533, 140
Trd, 259077.617, 126
Trd, 259077.667, 126
Trd, 259078.033, 138
Trd, 259078.267, 138
Trd, 259078.300, 126
Trd, 259078.833, 125
Trd, 259079.150, 137
Trd, 259079.567, 140
Trd, 259079.583, 125
Trd, 259079.767, 121
Trd, 259079.867, 110
Trd, 259080.000, 106
Trd, 259080.467, 134
Trd, 259080.750, 130
Trd, 259080.833, 113
Trd, 259081.017, 138
Trd, 259081.183, 132
Trd, 259081.317, 138
Trd, 259081.350, 121
Trd, 259081.367, 120
Trd, 259081.650, 120
Trd, 259081.900, 136
Trd, 259082.033, 120
Trd, 259082.300, 119
Trd, 259082.383, 135
Trd, 259082.617, 105
Trd, 259082.717, 104
Trd, 259082.933, 104
Trd, 259083.117, 103
Trd, 259083.183, 130
Trd, 259084.133, 128
Trd, 259084.600, 128
Trd, 259084.683, 129
Trd, 259084.750, 119
Trd, 259084.950, 129
Trd, 259085.350, 123
Trd, 259085.383, 123
Trd, 259085.483, 136
Trd, 259085.533, 120
Trd, 259085.667, 140
Trd, 259085.700, 114
Trd, 259085.983, 140
Trd, 259086.067, 137
Trd, 259086.150, 115
Trd, 259086.333, 113
Trd, 259086.350, 100
Trd, 259086.533, 117
Trd, 259086.550, 102
Trd, 259086.833, 89
Trd, 259088.367, 140
Trd, 259088.517, 140
Trd, 259088.633, 140
Trd, 259088.883, 140
Trd, 259089.017, 140
Trd, 259089.433, 140
Trd, 259089.567, 140
Trd, 259089.817, 139
Trd, 259090.100, 139
Trd, 259090.250, 140
Trd, 259090.267, 139
Trd, 259090.417, 138
Trd, 259090.800, 137
Trd, 259090.850, 135
Trd, 259090.917, 127
Trd, 259090.967, 126
Trd, 259091.000, 139
Trd, 259091.133, 109
Trd, 259091.267, 107
Trd, 259091.883, 140
Trd, 259092.750, 140
Trd, 259092.883, 139
Trd, 259093.000, 140
Trd, 259093.050, 140
Trd, 259093.317, 139
Trd, 259093.367, 138
Trd, 259093.383, 135
Trd, 259093.783, 140
Trd, 259094.183, 140
Trd, 259094.383, 140
Trd, 259094.467, 140
Trd, 259094.933, 140
Trd, 259095.467, 140
Trd, 259095.517, 139
Trd, 259095.533, 139
Trd, 259095.733, 127
Trd, 259095.967, 122
Trd, 259096.717, 140
Trd, 259096.767, 140
Trd, 259096.817, 139
Trd, 259096.967, 138
Trd, 259097.133, 132
Trd, 259097.350, 114
Trd, 259097.483, 105
Trd, 259097.600, 133
Trd, 259097.633, 136
Trd, 259097.950, 138
Trd, 259098.150, 107
Trd, 259098.717, 103
Trd, 259098.800, 138
Trd, 259098.833, 115
Trd, 259099.100, 110
Trd, 259099.133, 139
Trd, 259099.650, 97
Trd, 259099.733, 97
Trd, 259099.917, 137
Trd, 259100.183, 138
Trd, 259100.433, 99
Trd, 259100.450, 92
Trd, 259100.800, 92
Trd, 259100.967, 138
Trd, 259101.267, 126
Trd, 259101.750, 135
Trd, 259101.950, 140
Trd, 259102.067, 112
Trd, 259102.150, 111
Trd, 259103.067, 136
Trd, 259103.217, 140
Trd, 259103.283, 110
Trd, 259103.733, 139
Trd, 259104.183, 140
Trd, 259104.917, 140
Trd, 259104.950, 139
Trd, 259105.050, 131
Trd, 259105.183, 137
Trd, 259105.250, 132
Trd, 259105.417, 140
Trd, 259105.583, 140
Trd, 259106.267, 140
Trd, 259106.383, 139
Trd, 259106.767, 122
Trd, 259107.167, 140
Trd, 259107.450, 140
Trd, 259107.950, 140
Trd, 259108.017, 140
Trd, 259108.150, 140
Trd, 259108.400, 140
Trd, 259108.450, 140
Trd, 259108.500, 140
Trd, 259108.517, 140
Trd, 259108.767, 129
Trd, 259108.833, 120
Trd, 259108.850, 103
Trd, 259108.933, 105
Trd, 259108.967, 100
Trd, 259109.133, 107
Trd, 259109.333, 122
Trd, 259109.367, 94
Trd, 259109.967, 118
Trd, 259110.050, 119
Trd, 259110.100, 113
Trd, 259110.167, 113
Trd, 259110.183, 124
Trd, 259110.417, 136
Trd, 259110.433, 112
Trd, 259110.533, 84
Trd, 259111.033, 140
Trd, 259111.100, 137
Trd, 259111.483, 137
Trd, 259111.700, 136
Trd, 259111.883, 61
Trd, 259112.067, 60
Trd, 259112.283, 69
Trd, 259112.450, 80
Trd, 259112.533, 64
Trd, 259112.750, 60
Trd, 259113.300, 62
Trd, 259113.517, 63
Trd, 259113.667, 67
Trd, 259113.700, 108
Trd, 259114.200, 140
Trd, 259114.500, 140
Trd, 259114.667, 140
Trd, 259114.983, 140
Trd, 259115.417, 140
Trd, 259115.750, 140
Trd, 259115.850, 139
Trd, 259116.333, 140
Trd, 259116.533, 140
Trd, 259117.267, 140
Trd, 259117.467, 140
Trd, 259117.517, 139
Trd, 259118.183, 140
Trd, 259118.300, 140
Trd, 259118.450, 140
Trd, 259118.550, 140
Trd, 259118.700, 132
Trd, 259118.933, 125
Trd, 259119.383, 140
Trd, 259119.450, 140
Trd, 259119.583, 140
Trd, 259120.083, 140
Trd, 259120.433, 140
Trd, 259120.550, 140
Trd, 259120.867, 138
Trd, 259121.083, 126
Trd, 259121.300, 135
Trd, 259121.317, 127
Trd, 259121.750, 132
Trd, 259122.183, 127
Trd, 259122.200, 128
Trd, 259122.450, 130
Trd, 259122.517, 127
Trd, 259123.117, 126
Trd, 259123.150, 118
Trd, 259123.517, 125
Trd, 259123.683, 127
Trd, 259123.717, 111
Trd, 259123.767, 112
Trd, 259123.833, 110
Trd, 259123.850, 127
Trd, 259123.917, 106
Trd, 259124.017, 133
Trd, 259124.183, 138
Trd, 259124.433, 66
Trd, 259124.533, 118
Trd, 259124.900, 116
Trd, 259125.600, 65
Trd, 259125.983, 61
Trd, 259126.217, 65
Trd, 259126.233, 70
Trd, 259126.267, 70
Trd, 259126.283, 71
Trd, 259126.383, 71
Trd, 259126.667, 123
Trd, 259126.717, 125
Trd, 259126.750, 118
Trd, 259126.817, 117
Trd, 259127.267, 115
Trd, 259127.383, 114
Trd, 259127.483, 69
Trd, 259127.567, 66
Trd, 259127.683, 89
Trd, 259128.083, 63
Trd, 259128.350, 60
Trd, 259128.367, 62
Trd, 259128.383, 65
Trd, 259128.933, 101
Trd, 259129.183, 113
Trd, 259129.550, 112
Trd, 259130.083, 113
Trd, 259130.117, 102
Trd, 259130.350, 138
Trd, 259130.433, 102
Trd, 259131.167, 140
Trd, 259131.267, 140
Trd, 259131.533, 140
Trd, 259131.917, 139
Trd, 259132.033, 139
Trd, 259132.500, 135
Trd, 259133.050, 139
Trd, 259133.417, 138
Trd, 259133.550, 140
Trd, 259133.733, 140
Trd, 259133.867, 132
Trd, 259133.967, 106
Trd, 259134.267, 100
Trd, 259134.417, 121
Trd, 259134.500, 122
Trd, 259134.550, 99
Trd, 259135.150, 124
Trd, 259135.383, 101
Trd, 259135.483, 135
Trd, 259135.683, 137
Trd, 259136.117, 140
Trd, 259136.283, 140
Trd, 259136.483, 140
Trd, 259136.900, 133
Trd, 259137.283, 140
Trd, 259137.450, 140
Trd, 259137.633, 140
Trd, 259137.800, 139
Trd, 259137.833, 139
Trd, 259138.600, 140
Trd, 259138.683, 137
Trd, 259138.917, 134
Trd, 259139.067, 137
Trd, 259139.167, 132
Trd, 259139.217, 123
Trd, 259139.483, 140
Trd, 259139.733, 135
Trd, 259139.750, 134
Trd, 259139.817, 119
Trd, 259140.467, 127
Trd, 259140.683, 127
Trd, 259140.800, 126
Trd, 259140.867, 124
Trd, 259140.933, 127
Trd, 259140.983, 128
Trd, 259141.033, 112
Trd, 259141.867, 140
Trd, 259141.883, 140
Trd, 259141.950, 140
Trd, 259142.233, 140
Trd, 259142.567, 140
Trd, 259143.050, 140
Trd, 259143.250, 117
Trd, 259143.283, 116
Trd, 259144.000, 130
Trd, 259144.667, 139
Trd, 259144.767, 140
Trd, 259145.100, 140
Trd, 259145.133, 140
Trd, 259145.167, 133
Trd, 259145.250, 140
Trd, 259145.950, 139
Trd, 259146.150, 139
Trd, 259146.250, 138
Trd, 259146.533, 138
Trd, 259146.700, 132
Trd, 259146.900, 138
Trd, 259147.200, 131
Trd, 259147.333, 134
Trd, 259147.600, 135
Trd, 259147.883, 135
Trd, 259148.383, 137
Trd, 259148.450, 138
Trd, 259148.633, 136
Trd, 259149.100, 140
Trd, 259149.283, 135
Trd, 259149.333, 115
Trd, 259149.700, 140
Trd, 259149.850, 140
Trd, 259150.083, 100
Trd, 259150.400, 116
Trd, 259150.533, 113
Trd, 259150.650, 112
Trd, 259150.767, 139
Trd, 259150.783, 138
Trd, 259151.167, 136
Trd, 259151.183, 118
Trd, 259151.500, 117
Trd, 259151.667, 123
Trd, 259151.717, 108
Trd, 259152.067, 124
Trd, 259152.450, 108
Trd, 259152.467, 105
Trd, 259152.633, 90
Trd, 259153.133, 101
Trd, 259153.150, 95
Trd, 259153.533, 115
Trd, 259153.617, 116
Trd, 259153.700, 118
Trd, 259153.867, 118
Trd, 259153.933, 119
Trd, 259154.150, 121
Trd, 259154.183, 109
Trd, 259154.267, 108
Trd, 259154.733, 89
Trd, 259154.883, 135
Trd, 259154.950, 88
Trd, 259155.167, 84
Trd, 259155.667, 136
Trd, 259155.867, 135
Trd, 259156.283, 140
Trd, 259156.717, 137
Trd, 259156.917, 137
Trd, 259157.483, 136
Trd, 259157.733, 139
Trd, 259157.833, 135
Trd, 259158.067, 123
Trd, 259158.133, 122
Trd, 259158.183, 101
Trd, 259158.200, 88
Trd, 259158.400, 140
Trd, 259158.583, 140
Trd, 259159.033, 140
Trd, 259159.050, 139
Trd, 259159.117, 129
Trd, 259159.383, 140
Trd, 259159.483, 140
Trd, 259159.500, 139
Trd, 259160.250, 140
Trd, 259160.400, 140
Trd, 259160.450, 140
Trd, 259161.000, 139
Trd, 259161.183, 138
Trd, 259161.267, 127
Trd, 259161.600, 138
Trd, 259161.667, 139
Trd, 259161.867, 122
Trd, 259162.183, 108
Trd, 259162.267, 109
Trd, 259162.300, 134
Trd, 259162.583, 108
Trd, 259162.650, 132
Trd, 259162.717, 133
Trd, 259162.733, 134
Trd, 259163.567, 126
Trd, 259163.583, 138
Trd, 259163.600, 139
Trd, 259163.750, 140
Trd, 259164.133, 140
Trd, 259164.750, 139
Trd, 259165.533, 140
Trd, 259165.567, 139
Trd, 259165.600, 138
Trd, 259165.883, 137
Trd, 259165.933, 116
Trd, 259166.067, 120
Trd, 259166.150, 111
Trd, 259166.283, 108
Trd, 259166.483, 101
Trd, 259166.617, 132
Trd, 259166.683, 132
Trd, 259167.283, 62
Trd, 259167.417, 60
Trd, 259168.050, 60
Trd, 259168.083, 60
Trd, 259168.133, 60
Trd, 259168.167, 60
Trd, 259168.217, 61
Trd, 259168.317, 62
Trd, 259168.383, 62
Trd, 259168.917, 60
Trd, 259169.033, 62
Trd, 259169.417, 64
Trd, 259169.583, 66
Trd, 259169.767, 62
Trd, 259169.800, 60
Trd, 259169.967, 63
Trd, 259170.400, 63
Trd, 259170.583, 61
Trd, 259170.783, 62
Trd, 259170.883, 77
Trd, 259171.367, 64
Trd, 259171.483, 77
Trd, 259171.633, 69
Trd, 259172.517, 76
Trd, 259172.967, 89
Trd, 259172.983, 88
Trd, 259173.067, 97
Trd, 259173.100, 99
Trd, 259173.233, 96
Trd, 259173.283, 88
Trd, 259173.300, 87
Trd, 259173.500, 107
Trd, 259173.717, 114
Trd, 259173.750, 115
Trd, 259174.117, 136
Trd, 259174.733, 140
Trd, 259174.850, 139
Trd, 259174.967, 130
Trd, 259175.067, 140
Trd, 259175.117, 119
Trd, 259175.200, 115
Trd, 259175.333, 94
Trd, 259175.483, 94
Trd, 259176.150, 140
Trd, 259176.450, 130
Trd, 259176.600, 93
Trd, 259176.717, 82
Trd, 259176.733, 132
Trd, 259177.717, 135
Trd, 259178.283, 137
Trd, 259178.483, 138
Trd, 259178.783, 139
Trd, 259179.017, 140
Trd, 259179.117, 139
Trd, 259179.150, 136
Trd, 259179.383, 123
Trd, 259179.883, 140
Trd, 259179.983, 140
Trd, 259180.067, 139
Trd, 259180.117, 130
Trd, 259180.533, 138
Trd, 259180.800, 140
Trd, 259181.017, 140
Trd, 259181.483, 140
Trd, 259181.683, 140
Trd, 259181.850, 139
Trd, 259182.017, 138
Trd, 259182.100, 135
Trd, 259182.500, 117
Trd, 259182.917, 133
Trd, 259183.283, 114
Trd, 259183.383, 130
Trd, 259183.400, 101
Trd, 259183.467, 130
Trd, 259183.783, 109
Trd, 259183.850, 99
Trd, 259184.017, 127
Trd, 259184.033, 81
Trd, 259184.133, 127
Trd, 259184.350, 84
Trd, 259184.383, 127
Trd, 259184.433, 129
Trd, 259184.667, 78
Trd, 259184.850, 140
Trd, 259186.467, 140
Trd, 259186.550, 140
Trd, 259186.650, 140
Trd, 259186.750, 140
Trd, 259187.000, 140
Trd, 259187.250, 140
Trd, 259187.500, 140
Trd, 259187.783, 132
Trd, 259188.033, 140
Trd, 259188.433, 140
Trd, 259188.467, 132
Trd, 259188.667, 121
Trd, 259189.067, 140
Trd, 259189.633, 140
Trd, 259189.883, 140
Trd, 259190.133, 140
Trd, 259190.367, 140
Trd, 259190.700, 140
Trd, 259190.817, 140
Trd, 259191.167, 140
Trd, 259191.183, 140
Trd, 259191.250, 139
Trd, 259191.333, 139
Trd, 259191.500, 130
Trd, 259191.633, 138
Trd, 259191.683, 124
Trd, 259191.833, 123
Trd, 259192.500, 117
Trd, 259192.517, 129
Trd, 259192.650, 113
Trd, 259192.667, 90
Trd, 259192.750, 128
Trd, 259192.833, 79
Trd, 259193.733, 140
Trd, 259194.350, 140
Trd, 259194.383, 140
Trd, 259194.483, 140
Trd, 259195.300, 140
Trd, 259195.367, 140
Trd, 259195.400, 140
Trd, 259195.433, 137
Trd, 259196.050, 140
Trd, 259196.150, 137
Trd, 259196.367, 138
Trd, 259196.800, 136
Trd, 259196.933, 139
Trd, 259197.333, 140
Trd, 259197.450, 140
Trd, 259197.600, 127
Trd, 259197.650, 121
Trd, 259198.333, 114
Trd, 259198.400, 129
Trd, 259198.650, 114
Trd, 259198.900, 95
Trd, 259199.183, 133
Trd, 259199.417, 113
Trd, 259199.533, 120
Trd, 259199.600, 130
Trd, 259199.783, 133
Trd, 259199.917, 92
