Trd, 258577.650, 95
Trd, 258577.750, 110
Trd, 258577.833, 91
Trd, 258578.033, 110
Trd, 258578.400, 110
Trd, 258578.433, 99
Trd, 258578.850, 109
Trd, 258579.150, 99
Trd, 258579.283, 112
Trd, 258580.017, 127
Trd, 258580.567, 128
Trd, 258581.000, 127
Trd, 258581.033, 103
Trd, 258581.167, 134
Trd, 258581.183, 125
Trd, 258581.250, 105
Trd, 258581.450, 100
Trd, 258581.583, 106
Trd, 258582.017, 124
Trd, 258582.133, 126
Trd, 258582.567, 135
Trd, 258582.600, 104
Trd, 258582.783, 102
Trd, 258582.917, 102
Trd, 258583.800, 128
Trd, 258583.817, 127
Trd, 258584.167, 129
Trd, 258584.483, 127
Trd, 258584.667, 126
Trd, 258584.983, 127
Trd, 258585.383, 125
Trd, 258585.433, 128
Trd, 258585.517, 129
Trd, 258585.767, 125
Trd, 258586.017, 132
Trd, 258586.433, 132
Trd, 258586.467, 124
Trd, 258586.517, 123
Trd, 258586.583, 133
Trd, 258586.600, 134
Trd, 258586.800, 132
Trd, 258587.400, 139
Trd, 258587.733, 96
Trd, 258587.867, 93
Trd, 258588.017, 137
Trd, 258588.650, 129
Trd, 258588.833, 123
Trd, 258588.883, 116
Trd, 258589.533, 108
Trd, 258589.883, 123
Trd, 258590.100, 125
Trd, 258590.217, 100
Trd, 258590.350, 117
Trd, 258590.500, 98
Trd, 258590.800, 97
Trd, 258590.900, 111
Trd, 258591.050, 97
Trd, 258591.100, 91
Trd, 258591.300, 80
Trd, 258591.517, 80
Trd, 258591.983, 93
Trd, 258592.283, 105
Trd, 258592.333, 104
Trd, 258592.500, 108
Trd, 258592.600, 105
Trd, 258593.400, 107
Trd, 258594.267, 117
Trd, 258594.283, 119
Trd, 258594.350, 116
Trd, 258594.367, 112
Trd, 258595.133, 128
Trd, 258595.167, 126
Trd, 258595.450, 120
Trd, 258595.550, 125
Trd, 258596.017, 137
Trd, 258596.683, 131
Trd, 258596.817, 124
Trd, 258597.083, 122
Trd, 258597.167, 140
Trd, 258597.567, 138
Trd, 258597.767, 119
Trd, 258598.017, 122
Trd, 258598.600, 130
Trd, 258598.683, 128
Trd, 258598.833, 133
Trd, 258599.300, 119
Trd, 258599.383, 111
Trd, 258599.417, 135
Trd, 258600.000, 126
Trd, 258600.150, 135
Trd, 258600.717, 139
Trd, 258601.100, 119
Trd, 258601.550, 126
Trd, 258602.000, 134
Trd, 258602.100, 122
Trd, 258602.433, 132
Trd, 258602.750, 131
Trd, 258602.800, 124
Trd, 258602.967, 113
Trd, 258603.233, 131
Trd, 258603.717, 117
Trd, 258603.783, 116
Trd, 258603.800, 127
Trd, 258603.933, 109
Trd, 258604.300, 127
Trd, 258604.533, 110
Trd, 258605.000, 91
Trd, 258605.133, 92
Trd, 258605.200, 91
Trd, 258605.483, 84
Trd, 258605.500, 100
Trd, 258605.533, 83
Trd, 258605.850, 112
Trd, 258606.000, 111
Trd, 258606.117, 111
Trd, 258606.133, 114
Trd, 258606.183, 71
Trd, 258606.500, 114
Trd, 258606.933, 118
Trd, 258606.983, 116
Trd, 258607.450, 114
Trd, 258607.667, 99
Trd, 258607.767, 91
Trd, 258608.217, 116
Trd, 258608.767, 140
Trd, 258608.983, 140
Trd, 258609.467, 124
Trd, 258609.567, 140
Trd, 258609.817, 112
Trd, 258609.900, 107
Trd, 258610.050, 106
Trd, 258610.783, 129
Trd, 258610.917, 122
Trd, 258610.950, 121
Trd, 258611.000, 120
Trd, 258611.017, 120
Trd, 258611.450, 136
Trd, 258611.567, 107
Trd, 258611.933, 134
Trd, 258612.000, 125
Trd, 258612.100, 133
Trd, 258612.250, 135
Trd, 258612.617, 107
Trd, 258612.717, 135
Trd, 258612.900, 102
Trd, 258613.467, 104
Trd, 258613.633, 121
Trd, 258613.683, 92
Trd, 258613.750, 122
Trd, 258614.767, 88
Trd, 258614.800, 85
Trd, 258615.367, 83
Trd, 258615.383, 87
Trd, 258615.533, 70
Trd, 258615.767, 65
Trd, 258616.033, 86
Trd, 258616.167, 86
Trd, 258616.267, 87
Trd, 258616.367, 106
Trd, 258616.450, 67
Trd, 258616.667, 104
Trd, 258617.117, 110
Trd, 258617.667, 136
Trd, 258617.800, 135
Trd, 258618.050, 139
Trd, 258618.133, 122
Trd, 258618.450, 118
Trd, 258618.783, 115
Trd, 258619.083, 122
Trd, 258619.200, 124
Trd, 258619.250, 97
Trd, 258619.633, 93
Trd, 258619.900, 103
Trd, 258619.933, 132
Trd, 258620.333, 112
Trd, 258620.367, 115
Trd, 258620.700, 131
Trd, 258620.717, 130
Trd, 258620.933, 111
Trd, 258621.033, 101
Trd, 258621.300, 114
Trd, 258621.467, 105
Trd, 258621.650, 102
Trd, 258621.783, 95
Trd, 258621.833, 86
Trd, 258621.883, 103
Trd, 258621.917, 85
Trd, 258621.933, 80
Trd, 258621.967, 115
Trd, 258622.233, 136
Trd, 258623.033, 139
Trd, 258623.850, 129
Trd, 258624.333, 140
Trd, 258624.400, 139
Trd, 258624.667, 132
Trd, 258625.100, 125
Trd, 258625.767, 126
Trd, 258625.967, 118
Trd, 258626.267, 132
Trd, 258626.583, 117
Trd, 258626.600, 106
Trd, 258626.767, 115
Trd, 258626.850, 117
Trd, 258627.150, 116
Trd, 258627.183, 117
Trd, 258627.300, 97
Trd, 258627.467, 94
Trd, 258627.483, 93
Trd, 258627.517, 118
Trd, 258627.550, 119
Trd, 258627.667, 93
Trd, 258628.117, 139
Trd, 258628.400, 129
Trd, 258628.817, 140
Trd, 258628.967, 140
Trd, 258629.233, 134
Trd, 258629.883, 134
Trd, 258630.067, 124
Trd, 258630.367, 123
Trd, 258630.600, 116
Trd, 258630.950, 110
Trd, 258630.967, 109
Trd, 258631.417, 128
Trd, 258631.467, 127
Trd, 258631.550, 131
Trd, 258632.517, 125
Trd, 258632.683, 126
Trd, 258632.733, 123
Trd, 258632.950, 104
Trd, 258632.967, 96
Trd, 258633.183, 111
Trd, 258633.417, 107
Trd, 258633.700, 102
Trd, 258633.717, 123
Trd, 258633.867, 124
Trd, 258634.100, 115
Trd, 258634.417, 98
Trd, 258634.450, 122
Trd, 258634.467, 123
Trd, 258634.550, 123
Trd, 258634.667, 95
Trd, 258634.683, 92
Trd, 258635.133, 98
Trd, 258635.333, 130
Trd, 258635.700, 105
Trd, 258636.317, 104
Trd, 258636.367, 119
Trd, 258636.783, 112
Trd, 258637.517, 129
Trd, 258637.717, 127
Trd, 258637.817, 111
Trd, 258637.967, 110
Trd, 258637.983, 127
Trd, 258638.150, 91
Trd, 258638.417, 90
Trd, 258638.500, 92
Trd, 258638.567, 96
Trd, 258639.467, 92
Trd, 258639.517, 101
Trd, 258639.717, 86
Trd, 258639.900, 84
Trd, 258640.050, 98
Trd, 258640.167, 103
Trd, 258640.333, 86
Trd, 258640.350, 82
Trd, 258640.933, 110
Trd, 258641.217, 107
Trd, 258641.667, 78
Trd, 258641.933, 80
Trd, 258642.083, 79
Trd, 258642.250, 81
Trd, 258642.267, 82
Trd, 258642.450, 126
Trd, 258642.517, 79
Trd, 258642.850, 119
Trd, 258643.317, 100
Trd, 258643.383, 91
Trd, 258643.467, 101
Trd, 258643.650, 101
Trd, 258644.217, 86
Trd, 258644.283, 62
Trd, 258644.383, 66
Trd, 258644.400, 100
Trd, 258644.733, 78
Trd, 258644.833, 105
Trd, 258645.033, 81
Trd, 258645.083, 76
Trd, 258645.367, 130
Trd, 258645.750, 111
Trd, 258646.067, 126
Trd, 258646.533, 118
Trd, 258646.550, 116
Trd, 258646.633, 115
Trd, 258646.683, 127
Trd, 258646.883, 116
Trd, 258647.600, 119
Trd, 258648.950, 137
Trd, 258649.183, 134
Trd, 258649.317, 123
Trd, 258649.783, 137
Trd, 258649.917, 130
Trd, 258650.033, 110
Trd, 258650.150, 106
Trd, 258650.267, 117
Trd, 258650.367, 103
Trd, 258650.783, 96
Trd, 258651.033, 122
Trd, 258651.650, 128
Trd, 258651.967, 133
Trd, 258652.067, 127
Trd, 258652.250, 126
Trd, 258652.367, 126
Trd, 258652.633, 126
Trd, 258652.933, 124
Trd, 258653.267, 126
Trd, 258654.317, 114
Trd, 258654.350, 127
Trd, 258654.667, 113
Trd, 258654.817, 111
Trd, 258654.850, 122
Trd, 258654.900, 97
Trd, 258655.067, 124
Trd, 258655.383, 84
Trd, 258655.467, 111
Trd, 258655.933, 107
Trd, 258656.000, 120
Trd, 258656.067, 122
Trd, 258656.633, 134
Trd, 258657.067, 129
Trd, 258657.417, 138
Trd, 258657.700, 128
Trd, 258658.000, 97
Trd, 258658.233, 109
Trd, 258658.317, 123
Trd, 258658.450, 99
Trd, 258658.767, 113
Trd, 258658.800, 98
Trd, 258659.150, 115
Trd, 258659.300, 116
Trd, 258659.417, 134
Trd, 258659.517, 109
Trd, 258659.633, 115
Trd, 258660.433, 114
Trd, 258660.567, 105
Trd, 258660.683, 97
Trd, 258660.917, 75
Trd, 258661.533, 74
Trd, 258661.800, 129
Trd, 258661.983, 111
Trd, 258662.233, 130
Trd, 258662.633, 92
Trd, 258663.050, 110
Trd, 258663.083, 91
Trd, 258663.150, 88
Trd, 258663.233, 84
Trd, 258663.383, 81
Trd, 258663.633, 99
Trd, 258663.650, 106
Trd, 258663.950, 72
Trd, 258664.067, 72
Trd, 258664.100, 108
Trd, 258664.133, 109
Trd, 258664.150, 62
Trd, 258664.417, 100
Trd, 258664.967, 63
Trd, 258665.150, 60
Trd, 258665.317, 61
Trd, 258665.900, 88
Trd, 258666.000, 89
Trd, 258666.033, 92
Trd, 258666.150, 93
Trd, 258666.283, 94
Trd, 258666.383, 81
Trd, 258666.500, 102
Trd, 258667.250, 102
Trd, 258667.267, 100
Trd, 258667.400, 106
Trd, 258667.467, 113
Trd, 258667.583, 99
Trd, 258667.750, 97
Trd, 258667.883, 118
Trd, 258668.150, 97
Trd, 258668.867, 123
Trd, 258668.983, 113
Trd, 258670.667, 139
Trd, 258670.917, 137
Trd, 258671.517, 138
Trd, 258671.650, 136
Trd, 258671.883, 130
Trd, 258672.017, 131
Trd, 258672.050, 113
Trd, 258672.367, 133
Trd, 258672.500, 116
Trd, 258672.633, 115
Trd, 258673.017, 118
Trd, 258673.183, 123
Trd, 258673.417, 131
Trd, 258673.467, 108
Trd, 258673.500, 132
Trd, 258673.600, 108
Trd, 258673.633, 107
Trd, 258674.533, 125
Trd, 258674.583, 129
Trd, 258674.617, 130
Trd, 258674.817, 116
Trd, 258675.467, 139
Trd, 258675.867, 138
Trd, 258675.917, 126
Trd, 258675.933, 122
Trd, 258676.350, 137
Trd, 258676.767, 139
Trd, 258676.833, 125
Trd, 258676.967, 122
Trd, 258677.617, 115
Trd, 258677.633, 133
Trd, 258677.767, 117
Trd, 258678.083, 132
Trd, 258678.317, 125
Trd, 258678.517, 131
Trd, 258678.583, 122
Trd, 258678.867, 117
Trd, 258679.567, 107
Trd, 258679.767, 122
Trd, 258680.033, 118
Trd, 258680.383, 118
Trd, 258680.783, 116
Trd, 258681.000, 115
Trd, 258681.183, 111
Trd, 258681.267, 110
Trd, 258681.433, 117
Trd, 258681.583, 106
Trd, 258681.817, 105
Trd, 258681.933, 118
Trd, 258682.383, 114
Trd, 258682.517, 120
Trd, 258682.567, 138
Trd, 258682.667, 140
Trd, 258682.833, 140
Trd, 258682.883, 128
Trd, 258682.983, 107
Trd, 258683.067, 99
Trd, 258683.500, 134
Trd, 258683.683, 130
Trd, 258684.583, 140
Trd, 258684.617, 139
Trd, 258685.283, 133
Trd, 258685.417, 134
Trd, 258685.533, 128
Trd, 258685.933, 118
Trd, 258686.167, 116
Trd, 258686.517, 106
Trd, 258686.667, 133
Trd, 258686.850, 129
Trd, 258686.950, 106
Trd, 258687.517, 111
Trd, 258687.650, 105
Trd, 258687.683, 104
Trd, 258687.817, 110
Trd, 258688.517, 135
Trd, 258688.683, 99
Trd, 258689.067, 131
Trd, 258689.183, 131
Trd, 258689.300, 131
Trd, 258689.450, 128
Trd, 258689.667, 93
Trd, 258689.717, 102
Trd, 258689.933, 92
Trd, 258690.067, 88
Trd, 258690.317, 60
Trd, 258690.517, 83
Trd, 258691.317, 116
Trd, 258691.383, 117
Trd, 258691.633, 103
Trd, 258691.733, 117
Trd, 258691.800, 80
Trd, 258692.617, 117
Trd, 258692.783, 95
Trd, 258693.217, 94
Trd, 258693.267, 93
Trd, 258693.350, 118
Trd, 258693.767, 106
Trd, 258693.833, 85
Trd, 258694.717, 127
Trd, 258694.983, 131
Trd, 258695.200, 126
Trd, 258695.433, 125
Trd, 258695.500, 125
Trd, 258695.667, 120
Trd, 258695.867, 118
Trd, 258696.017, 126
Trd, 258696.033, 121
Trd, 258696.167, 124
Trd, 258696.450, 117
Trd, 258696.600, 86
Trd, 258696.700, 124
Trd, 258697.617, 124
Trd, 258698.250, 124
Trd, 258698.500, 116
Trd, 258698.933, 88
Trd, 258699.067, 113
Trd, 258699.167, 114
Trd, 258699.300, 126
Trd, 258699.700, 118
Trd, 258700.100, 131
Trd, 258700.417, 140
Trd, 258700.450, 116
Trd, 258700.533, 103
Trd, 258701.183, 118
Trd, 258701.267, 129
Trd, 258701.833, 140
Trd, 258702.400, 119
Trd, 258702.500, 118
Trd, 258702.533, 113
Trd, 258703.117, 117
Trd, 258703.267, 116
Trd, 258703.667, 109
Trd, 258703.967, 114
Trd, 258704.550, 109
Trd, 258704.733, 109
Trd, 258704.833, 107
Trd, 258704.850, 100
Trd, 258704.967, 94
Trd, 258705.017, 112
Trd, 258705.133, 91
Trd, 258705.683, 89
Trd, 258705.767, 110
Trd, 258705.933, 111
Trd, 258706.050, 88
Trd, 258706.100, 81
Trd, 258706.233, 93
Trd, 258706.433, 77
Trd, 258706.467, 115
Trd, 258706.600, 97
Trd, 258706.900, 77
Trd, 258707.400, 86
Trd, 258707.483, 87
Trd, 258707.500, 92
Trd, 258707.583, 83
Trd, 258708.350, 121
Trd, 258708.383, 113
Trd, 258709.667, 140
Trd, 258710.033, 140
Trd, 258710.117, 138
Trd, 258710.683, 133
Trd, 258711.000, 137
Trd, 258711.533, 130
Trd, 258711.717, 125
Trd, 258711.867, 124
Trd, 258712.117, 123
Trd, 258712.467, 128
Trd, 258712.617, 114
Trd, 258712.783, 115
Trd, 258712.983, 113
Trd, 258713.283, 120
Trd, 258713.800, 125
Trd, 258713.950, 118
Trd, 258714.317, 109
Trd, 258714.350, 108
Trd, 258714.450, 107
Trd, 258714.867, 120
Trd, 258714.917, 104
Trd, 258715.033, 102
Trd, 258715.150, 116
Trd, 258715.183, 117
Trd, 258715.500, 94
Trd, 258715.817, 93
Trd, 258716.250, 95
Trd, 258716.500, 96
Trd, 258716.717, 90
Trd, 258716.800, 98
Trd, 258717.100, 110
Trd, 258717.400, 106
Trd, 258717.517, 112
Trd, 258717.600, 129
Trd, 258717.867, 104
Trd, 258718.533, 122
Trd, 258718.667, 120
Trd, 258719.050, 135
Trd, 258719.100, 120
Trd, 258719.167, 104
Trd, 258719.367, 124
Trd, 258719.467, 98
Trd, 258719.533, 103
Trd, 258720.000, 135
Trd, 258720.233, 113
Trd, 258720.467, 112
Trd, 258720.633, 97
Trd, 258721.017, 91
Trd, 258721.133, 89
Trd, 258721.317, 99
Trd, 258721.833, 128
Trd, 258722.417, 111
Trd, 258722.617, 128
Trd, 258722.733, 129
Trd, 258723.017, 119
Trd, 258723.100, 118
Trd, 258723.500, 129
Trd, 258723.867, 128
Trd, 258723.933, 126
Trd, 258724.200, 124
Trd, 258724.267, 123
Trd, 258724.533, 122
Trd, 258724.600, 120
Trd, 258724.700, 112
Trd, 258725.033, 114
Trd, 258725.167, 112
Trd, 258725.217, 111
Trd, 258725.700, 127
Trd, 258725.867, 109
Trd, 258726.233, 120
Trd, 258726.800, 113
Trd, 258727.283, 108
Trd, 258727.483, 107
Trd, 258727.633, 114
Trd, 258727.650, 97
Trd, 258727.950, 93
Trd, 258728.333, 123
Trd, 258728.350, 126
Trd, 258728.383, 117
Trd, 258728.433, 101
Trd, 258728.950, 123
Trd, 258729.067, 112
Trd, 258729.350, 123
Trd, 258729.383, 93
Trd, 258729.517, 124
Trd, 258729.617, 88
Trd, 258729.767, 85
Trd, 258730.100, 74
Trd, 258730.600, 100
Trd, 258730.800, 125
Trd, 258730.917, 127
Trd, 258731.133, 102
Trd, 258731.450, 90
Trd, 258731.517, 140
Trd, 258732.050, 133
Trd, 258732.150, 117
Trd, 258732.267, 126
Trd, 258732.600, 137
Trd, 258732.767, 114
Trd, 258732.850, 111
Trd, 258733.083, 110
Trd, 258733.317, 123
Trd, 258733.467, 136
Trd, 258734.017, 109
Trd, 258734.183, 100
Trd, 258734.717, 129
Trd, 258734.883, 130
Trd, 258735.600, 126
Trd, 258735.867, 127
Trd, 258736.000, 127
Trd, 258736.167, 123
Trd, 258736.217, 114
Trd, 258736.433, 108
Trd, 258736.700, 103
Trd, 258736.900, 132
Trd, 258736.917, 135
Trd, 258736.967, 117
Trd, 258737.233, 116
Trd, 258737.267, 120
Trd, 258737.967, 109
Trd, 258738.083, 108
Trd, 258739.200, 123
Trd, 258739.383, 134
Trd, 258739.633, 122
Trd, 258739.750, 129
Trd, 258739.767, 109
Trd, 258739.900, 108
Trd, 258740.117, 133
Trd, 258740.267, 97
Trd, 258740.600, 113
Trd, 258740.850, 118
Trd, 258740.867, 112
Trd, 258741.167, 119
Trd, 258741.383, 102
Trd, 258741.617, 120
Trd, 258742.033, 128
Trd, 258742.100, 100
Trd, 258742.150, 95
Trd, 258742.850, 128
Trd, 258742.900, 118
Trd, 258743.150, 139
Trd, 258743.400, 120
Trd, 258743.767, 90
Trd, 258744.000, 91
Trd, 258744.017, 92
Trd, 258744.167, 92
Trd, 258744.400, 96
Trd, 258744.417, 95
Trd, 258744.867, 115
Trd, 258745.033, 114
Trd, 258746.000, 129
Trd, 258746.050, 106
Trd, 258746.517, 140
Trd, 258746.533, 140
Trd, 258746.733, 140
Trd, 258746.850, 139
Trd, 258747.317, 130
Trd, 258747.550, 130
Trd, 258748.467, 125
Trd, 258748.817, 140
Trd, 258749.233, 136
Trd, 258749.367, 135
Trd, 258749.600, 114
Trd, 258749.750, 113
Trd, 258750.133, 113
Trd, 258750.233, 114
Trd, 258750.767, 115
Trd, 258750.850, 109
Trd, 258750.900, 108
Trd, 258750.967, 104
Trd, 258751.100, 95
Trd, 258751.233, 115
Trd, 258752.050, 113
Trd, 258752.333, 112
Trd, 258752.567, 112
Trd, 258752.683, 112
Trd, 258753.050, 111
Trd, 258753.283, 112
Trd, 258753.567, 108
Trd, 258753.683, 100
Trd, 258753.967, 113
Trd, 258754.150, 117
Trd, 258754.183, 116
Trd, 258754.333, 112
Trd, 258754.433, 118
Trd, 258754.667, 122
Trd, 258755.017, 132
Trd, 258755.233, 127
Trd, 258755.333, 101
Trd, 258756.217, 133
Trd, 258756.250, 132
Trd, 258756.317, 132
Trd, 258756.650, 115
Trd, 258757.050, 137
Trd, 258757.467, 130
Trd, 258757.617, 137
Trd, 258757.717, 129
Trd, 258757.883, 120
Trd, 258758.200, 121
Trd, 258758.917, 112
Trd, 258758.983, 108
Trd, 258759.317, 133
Trd, 258759.467, 130
Trd, 258759.500, 106
Trd, 258759.883, 109
Trd, 258759.933, 110
Trd, 258760.100, 111
Trd, 258760.150, 111
Trd, 258760.317, 102
Trd, 258760.583, 111
Trd, 258760.733, 112
Trd, 258760.850, 111
Trd, 258760.900, 110
Trd, 258761.117, 76
Trd, 258761.300, 83
Trd, 258761.917, 113
Trd, 258762.183, 118
Trd, 258762.200, 75
Trd, 258762.517, 128
Trd, 258762.583, 74
Trd, 258762.733, 110
Trd, 258763.200, 140
Trd, 258763.300, 95
Trd, 258763.533, 60
Trd, 258763.783, 130
Trd, 258763.883, 93
Trd, 258764.233, 133
Trd, 258764.817, 100
Trd, 258765.600, 92
Trd, 258765.917, 111
Trd, 258765.983, 91
Trd, 258766.133, 86
Trd, 258766.250, 82
Trd, 258766.383, 111
Trd, 258766.517, 129
Trd, 258767.433, 121
Trd, 258767.883, 119
Trd, 258767.917, 119
Trd, 258768.467, 110
Trd, 258768.650, 107
Trd, 258768.783, 111
Trd, 258768.850, 115
Trd, 258769.000, 114
Trd, 258769.033, 116
Trd, 258769.050, 121
Trd, 258769.183, 121
Trd, 258769.467, 114
Trd, 258769.883, 121
Trd, 258769.950, 101
Trd, 258770.083, 101
Trd, 258770.550, 139
Trd, 258771.167, 137
Trd, 258771.283, 135
Trd, 258771.367, 117
Trd, 258771.750, 125
Trd, 258771.800, 115
Trd, 258771.867, 113
Trd, 258771.900, 112
Trd, 258772.050, 110
Trd, 258772.250, 110
Trd, 258772.400, 100
Trd, 258772.850, 137
Trd, 258773.167, 107
Trd, 258773.183, 100
Trd, 258773.433, 99
Trd, 258773.583, 96
Trd, 258773.800, 82
Trd, 258773.817, 92
Trd, 258773.850, 93
Trd, 258774.183, 92
Trd, 258774.333, 90
Trd, 258774.417, 136
Trd, 258774.867, 71
Trd, 258774.917, 70
Trd, 258775.017, 119
Trd, 258775.233, 81
Trd, 258776.100, 133
Trd, 258776.583, 138
Trd, 258777.017, 139
Trd, 258777.033, 137
Trd, 258777.067, 109
Trd, 258777.250, 125
Trd, 258777.683, 104
Trd, 258778.317, 104
Trd, 258778.450, 115
Trd, 258778.583, 116
Trd, 258779.117, 112
Trd, 258779.450, 111
Trd, 258779.483, 100
Trd, 258779.550, 92
Trd, 258779.783, 87
Trd, 258779.900, 106
Trd, 258779.933, 76
Trd, 258780.067, 108
Trd, 258780.200, 95
Trd, 258780.600, 109
Trd, 258780.867, 103
Trd, 258780.933, 110
Trd, 258781.050, 90
Trd, 258781.367, 95
Trd, 258781.700, 97
Trd, 258781.850, 112
Trd, 258781.900, 108
Trd, 258782.650, 135
Trd, 258782.700, 104
Trd, 258783.033, 132
Trd, 258783.267, 140
Trd, 258783.733, 103
Trd, 258784.067, 131
Trd, 258784.367, 117
Trd, 258784.417, 132
Trd, 258784.683, 132
Trd, 258784.883, 113
Trd, 258785.050, 101
Trd, 258785.667, 100
Trd, 258786.317, 102
Trd, 258786.350, 103
Trd, 258786.450, 95
Trd, 258786.633, 94
Trd, 258786.733, 89
Trd, 258786.767, 103
Trd, 258786.833, 102
Trd, 258787.033, 102
Trd, 258787.183, 84
Trd, 258787.400, 88
Trd, 258787.450, 104
Trd, 258787.717, 80
Trd, 258787.850, 114
Trd, 258788.700, 122
Trd, 258788.733, 119
Trd, 258789.233, 118
Trd, 258789.783, 112
Trd, 258790.117, 112
Trd, 258790.233, 119
Trd, 258790.417, 110
Trd, 258790.467, 103
Trd, 258790.767, 102
Trd, 258790.783, 117
Trd, 258791.083, 127
Trd, 258791.200, 120
Trd, 258791.300, 111
Trd, 258791.933, 127
Trd, 258792.017, 125
Trd, 258792.300, 109
Trd, 258792.383, 134
Trd, 258792.433, 128
Trd, 258792.933, 120
Trd, 258792.967, 109
Trd, 258793.183, 96
Trd, 258793.383, 88
Trd, 258793.450, 87
Trd, 258793.683, 90
Trd, 258794.400, 140
Trd, 258794.767, 136
Trd, 258794.933, 132
Trd, 258795.383, 133
Trd, 258795.900, 123
Trd, 258796.550, 118
Trd, 258796.650, 117
Trd, 258796.867, 115
Trd, 258797.100, 124
Trd, 258797.117, 111
Trd, 258797.333, 136
Trd, 258797.667, 110
Trd, 258797.750, 135
Trd, 258798.033, 99
Trd, 258798.217, 96
Trd, 258798.550, 126
Trd, 258798.567, 110
Trd, 258798.683, 129
Trd, 258799.333, 108
Trd, 258799.383, 114
Trd, 258799.717, 132
Trd, 258799.867, 133
Trd, 258799.883, 114
Trd, 258800.250, 129
Trd, 258800.300, 128
Trd, 258800.467, 119
Trd, 258800.850, 109
Trd, 258801.217, 105
Trd, 258801.267, 99
Trd, 258801.317, 91
Trd, 258801.417, 91
Trd, 258801.950, 111
Trd, 258802.083, 88
Trd, 258802.117, 107
Trd, 258803.350, 102
Trd, 258803.417, 109
Trd, 258803.533, 101
Trd, 258804.250, 91
Trd, 258804.400, 102
Trd, 258804.900, 101
Trd, 258804.967, 102
Trd, 258805.083, 103
Trd, 258805.433, 101
Trd, 258805.483, 99
Trd, 258805.517, 106
Trd, 258805.600, 99
Trd, 258805.767, 99
Trd, 258806.017, 82
Trd, 258806.367, 118
Trd, 258806.983, 127
Trd, 258807.400, 112
Trd, 258807.900, 140
Trd, 258808.033, 138
Trd, 258808.133, 136
Trd, 258808.217, 132
Trd, 258808.933, 134
Trd, 258809.150, 135
Trd, 258810.000, 127
Trd, 258810.033, 127
Trd, 258810.333, 126
Trd, 258810.367, 127
Trd, 258810.833, 124
Trd, 258810.933, 117
Trd, 258811.183, 106
Trd, 258811.650, 100
Trd, 258811.750, 126
Trd, 258811.883, 97
Trd, 258812.233, 92
Trd, 258812.467, 121
Trd, 258812.517, 112
Trd, 258813.117, 101
Trd, 258813.250, 99
Trd, 258813.783, 111
Trd, 258813.850, 103
Trd, 258814.067, 111
Trd, 258814.117, 112
Trd, 258814.183, 130
Trd, 258814.317, 91
Trd, 258814.633, 133
Trd, 258815.083, 135
Trd, 258815.583, 126
Trd, 258815.800, 111
Trd, 258816.100, 118
Trd, 258816.250, 112
Trd, 258816.400, 100
Trd, 258816.417, 89
Trd, 258816.467, 126
Trd, 258816.617, 94
Trd, 258816.800, 127
Trd, 258816.817, 128
Trd, 258817.233, 128
Trd, 258817.317, 140
Trd, 258817.650, 122
Trd, 258817.983, 126
Trd, 258818.350, 131
Trd, 258818.517, 118
Trd, 258818.550, 116
Trd, 258819.100, 139
Trd, 258819.133, 124
Trd, 258819.517, 130
Trd, 258819.617, 116
Trd, 258819.633, 111
Trd, 258820.450, 120
Trd, 258820.550, 110
Trd, 258820.867, 109
Trd, 258821.050, 122
Trd, 258821.083, 123
Trd, 258821.217, 106
Trd, 258821.367, 116
Trd, 258821.383, 124
Trd, 258821.450, 99
Trd, 258821.467, 89
Trd, 258822.117, 124
Trd, 258822.317, 124
Trd, 258822.433, 118
Trd, 258822.517, 130
Trd, 258822.683, 77
Trd, 258823.150, 92
Trd, 258823.667, 129
Trd, 258823.733, 95
Trd, 258824.850, 120
Trd, 258825.100, 120
Trd, 258825.367, 139
Trd, 258825.567, 139
Trd, 258825.767, 127
Trd, 258826.333, 138
Trd, 258826.517, 126
Trd, 258827.050, 135
Trd, 258828.133, 136
Trd, 258828.500, 132
Trd, 258828.567, 131
Trd, 258828.600, 128
Trd, 258828.800, 132
Trd, 258828.867, 127
Trd, 258829.017, 113
Trd, 258829.083, 132
Trd, 258829.133, 109
Trd, 258829.200, 101
Trd, 258829.833, 126
Trd, 258829.883, 124
Trd, 258830.467, 132
Trd, 258830.533, 132
Trd, 258831.400, 126
Trd, 258831.567, 125
Trd, 258831.650, 116
Trd, 258831.767, 132
Trd, 258831.867, 133
Trd, 258832.183, 124
Trd, 258832.333, 112
Trd, 258832.483, 136
Trd, 258832.767, 134
Trd, 258832.783, 133
Trd, 258833.100, 134
Trd, 258833.317, 131
Trd, 258833.417, 130
Trd, 258833.617, 123
Trd, 258834.017, 118
Trd, 258834.150, 115
Trd, 258834.300, 93
Trd, 258834.950, 91
Trd, 258835.000, 89
Trd, 258835.067, 100
Trd, 258835.233, 80
Trd, 258835.567, 100
Trd, 258835.967, 96
Trd, 258836.350, 98
Trd, 258836.650, 87
Trd, 258836.750, 98
Trd, 258837.200, 98
Trd, 258837.633, 130
Trd, 258838.183, 98
Trd, 258838.483, 117
Trd, 258838.700, 118
Trd, 258838.917, 134
Trd, 258839.183, 132
Trd, 258839.300, 131
Trd, 258839.617, 114
Trd, 258839.800, 130
Trd, 258839.850, 134
Trd, 258840.817, 127
Trd, 258840.967, 109
Trd, 258841.100, 103
Trd, 258841.133, 99
Trd, 258841.183, 104
Trd, 258841.483, 132
Trd, 258841.667, 119
Trd, 258841.700, 118
Trd, 258842.017, 127
Trd, 258842.150, 128
Trd, 258842.167, 130
Trd, 258842.750, 124
Trd, 258842.867, 134
Trd, 258843.183, 135
Trd, 258843.350, 132
Trd, 258843.867, 140
Trd, 258844.383, 117
Trd, 258844.483, 117
Trd, 258844.800, 118
Trd, 258845.017, 117
Trd, 258845.133, 100
Trd, 258845.300, 127
Trd, 258845.417, 128
Trd, 258845.633, 114
Trd, 258845.850, 103
Trd, 258846.267, 115
Trd, 258846.517, 116
Trd, 258846.583, 132
Trd, 258846.683, 101
Trd, 258846.700, 85
Trd, 258847.167, 108
Trd, 258847.367, 135
Trd, 258847.750, 90
Trd, 258848.233, 129
Trd, 258848.500, 133
Trd, 258848.517, 106
Trd, 258848.683, 138
Trd, 258848.933, 136
Trd, 258849.100, 123
Trd, 258849.750, 135
Trd, 258849.850, 111
Trd, 258850.517, 128
Trd, 258850.583, 120
Trd, 258850.600, 106
Trd, 258850.733, 94
Trd, 258851.500, 108
Trd, 258851.650, 123
Trd, 258851.717, 107
Trd, 258852.683, 121
Trd, 258853.533, 113
Trd, 258853.633, 112
Trd, 258853.650, 103
Trd, 258853.667, 121
Trd, 258853.967, 99
Trd, 258854.183, 98
Trd, 258854.267, 98
Trd, 258854.417, 91
Trd, 258854.633, 117
Trd, 258854.783, 118
Trd, 258855.000, 122
Trd, 258855.167, 120
Trd, 258855.200, 127
Trd, 258855.383, 129
Trd, 258855.567, 117
Trd, 258855.850, 114
Trd, 258856.050, 126
Trd, 258856.200, 105
Trd, 258856.800, 79
Trd, 258856.900, 121
Trd, 258856.917, 123
Trd, 258857.117, 126
Trd, 258857.517, 119
Trd, 258858.100, 126
Trd, 258858.300, 125
Trd, 258858.450, 122
Trd, 258858.483, 117
Trd, 258858.550, 126
Trd, 258859.550, 140
Trd, 258859.683, 140
Trd, 258859.733, 138
Trd, 258859.883, 137
Trd, 258860.117, 125
Trd, 258860.133, 117
Trd, 258860.383, 140
Trd, 258860.567, 121
Trd, 258860.617, 114
Trd, 258861.517, 140
Trd, 258862.033, 137
Trd, 258862.133, 134
Trd, 258862.217, 134
Trd, 258862.250, 121
Trd, 258862.533, 118
Trd, 258863.367, 127
Trd, 258863.950, 129
Trd, 258864.100, 127
Trd, 258864.217, 128
Trd, 258864.817, 124
Trd, 258864.900, 114
Trd, 258865.267, 105
Trd, 258865.533, 99
Trd, 258865.717, 98
Trd, 258865.733, 96
Trd, 258865.983, 124
Trd, 258866.100, 96
Trd, 258866.283, 87
Trd, 258866.333, 98
Trd, 258867.150, 102
Trd, 258867.450, 111
Trd, 258867.650, 127
Trd, 258868.317, 113
Trd, 258868.467, 112
Trd, 258868.617, 124
Trd, 258868.767, 125
Trd, 258868.850, 118
Trd, 258869.250, 116
Trd, 258869.333, 118
Trd, 258869.367, 116
Trd, 258869.450, 114
Trd, 258869.467, 107
Trd, 258869.633, 119
Trd, 258869.700, 122
Trd, 258869.850, 95
Trd, 258870.517, 108
Trd, 258870.667, 108
Trd, 258871.717, 119
Trd, 258871.917, 115
Trd, 258872.117, 116
Trd, 258872.300, 114
Trd, 258872.417, 111
Trd, 258872.467, 103
Trd, 258873.150, 132
Trd, 258873.217, 130
Trd, 258873.233, 121
Trd, 258873.683, 139
Trd, 258873.750, 138
Trd, 258874.000, 137
Trd, 258874.167, 137
Trd, 258874.200, 138
Trd, 258874.483, 125
Trd, 258874.700, 111
Trd, 258874.833, 109
Trd, 258875.067, 125
Trd, 258875.733, 125
Trd, 258875.950, 126
Trd, 258876.233, 126
Trd, 258876.500, 140
Trd, 258876.600, 135
Trd, 258877.000, 140
Trd, 258877.067, 121
Trd, 258877.233, 121
Trd, 258877.617, 138
Trd, 258877.733, 118
Trd, 258877.750, 101
Trd, 258878.283, 99
Trd, 258878.700, 136
Trd, 258879.183, 113
Trd, 258879.817, 117
Trd, 258879.850, 115
Trd, 258879.867, 129
Trd, 258880.067, 130
Trd, 258881.000, 133
Trd, 258881.133, 133
Trd, 258881.200, 123
Trd, 258881.283, 122
Trd, 258881.383, 119
Trd, 258881.417, 124
Trd, 258881.450, 118
Trd, 258881.883, 123
Trd, 258882.100, 139
Trd, 258882.633, 138
Trd, 258882.917, 137
Trd, 258883.133, 131
Trd, 258883.283, 137
Trd, 258883.800, 127
Trd, 258883.817, 125
Trd, 258883.883, 109
Trd, 258884.317, 103
Trd, 258884.367, 109
Trd, 258884.567, 104
Trd, 258884.650, 112
Trd, 258884.700, 116
Trd, 258884.800, 91
Trd, 258885.483, 128
Trd, 258885.550, 111
Trd, 258885.617, 95
Trd, 258886.133, 136
Trd, 258886.667, 128
Trd, 258887.200, 124
Trd, 258887.400, 124
Trd, 258887.500, 123
Trd, 258887.600, 122
Trd, 258887.633, 131
Trd, 258887.867, 119
Trd, 258888.883, 121
Trd, 258889.117, 107
Trd, 258889.333, 118
Trd, 258889.617, 125
Trd, 258889.633, 109
Trd, 258889.650, 125
Trd, 258889.717, 100
Trd, 258890.350, 121
Trd, 258890.533, 121
Trd, 258890.683, 94
Trd, 258890.700, 92
Trd, 258890.850, 83
Trd, 258891.100, 89
Trd, 258891.683, 99
Trd, 258891.833, 114
Trd, 258892.183, 111
Trd, 258892.367, 105
Trd, 258892.567, 104
Trd, 258892.767, 107
Trd, 258893.017, 101
Trd, 258893.100, 94
Trd, 258893.167, 89
Trd, 258893.600, 76
Trd, 258893.700, 90
Trd, 258893.867, 91
Trd, 258894.050, 90
Trd, 258894.183, 90
Trd, 258894.517, 138
Trd, 258895.333, 111
Trd, 258895.633, 139
Trd, 258895.883, 110
Trd, 258896.183, 110
Trd, 258896.200, 108
Trd, 258896.383, 110
Trd, 258896.617, 109
Trd, 258896.850, 110
Trd, 258896.900, 111
Trd, 258897.117, 108
Trd, 258897.183, 106
Trd, 258897.400, 113
Trd, 258897.450, 105
Trd, 258897.617, 104
Trd, 258897.783, 99
Trd, 258897.933, 116
Trd, 258898.400, 140
Trd, 258898.483, 140
Trd, 258898.933, 91
Trd, 258899.400, 94
Trd, 258899.467, 91
Trd, 258899.983, 113
Trd, 258900.400, 122
Trd, 258900.700, 117
Trd, 258900.800, 103
Trd, 258901.267, 119
Trd, 258901.650, 120
Trd, 258901.817, 122
Trd, 258902.017, 123
Trd, 258902.050, 121
Trd, 258902.167, 135
Trd, 258902.183, 117
Trd, 258902.283, 113
Trd, 258902.517, 133
Trd, 258903.033, 131
Trd, 258903.100, 136
Trd, 258903.267, 126
Trd, 258903.317, 118
Trd, 258903.600, 109
Trd, 258903.650, 101
Trd, 258904.167, 97
Trd, 258904.317, 61
Trd, 258904.400, 61
Trd, 258904.633, 62
Trd, 258904.800, 63
Trd, 258905.050, 60
Trd, 258905.133, 60
Trd, 258905.167, 61
Trd, 258905.333, 61
Trd, 258905.467, 62
Trd, 258905.917, 99
Trd, 258906.333, 98
Trd, 258906.567, 100
Trd, 258906.600, 98
Trd, 258906.767, 94
Trd, 258906.983, 129
Trd, 258907.217, 134
Trd, 258908.400, 135
Trd, 258909.100, 139
Trd, 258909.133, 137
Trd, 258909.200, 107
Trd, 258909.350, 116
Trd, 258909.600, 104
Trd, 258909.633, 139
Trd, 258910.050, 136
Trd, 258910.200, 124
Trd, 258910.517, 112
Trd, 258910.583, 136
Trd, 258911.083, 111
Trd, 258911.517, 123
Trd, 258911.983, 135
Trd, 258912.150, 134
Trd, 258912.583, 134
Trd, 258912.717, 122
Trd, 258912.733, 121
Trd, 258912.817, 103
Trd, 258913.050, 101
Trd, 258913.217, 113
Trd, 258913.367, 114
Trd, 258913.417, 115
Trd, 258913.517, 101
Trd, 258913.867, 99
Trd, 258913.900, 99
Trd, 258913.933, 100
Trd, 258914.083, 84
Trd, 258914.300, 100
Trd, 258914.350, 101
Trd, 258914.517, 105
Trd, 258914.800, 100
Trd, 258915.017, 133
Trd, 258915.433, 106
Trd, 258915.567, 128
Trd, 258915.883, 119
Trd, 258916.367, 120
Trd, 258916.750, 138
Trd, 258916.767, 126
Trd, 258917.050, 118
Trd, 258917.450, 120
Trd, 258918.083, 119
Trd, 258918.167, 120
Trd, 258918.183, 114
Trd, 258918.300, 121
Trd, 258918.417, 119
Trd, 258918.467, 113
Trd, 258918.633, 87
Trd, 258918.950, 114
Trd, 258919.300, 115
Trd, 258919.467, 110
Trd, 258919.517, 118
Trd, 258919.567, 118
Trd, 258919.600, 119
Trd, 258919.817, 77
Trd, 258919.850, 103
Trd, 258919.917, 101
Trd, 258919.967, 122
Trd, 258920.100, 95
Trd, 258920.633, 113
Trd, 258921.317, 140
Trd, 258921.650, 138
Trd, 258922.000, 137
Trd, 258922.150, 133
Trd, 258922.217, 125
Trd, 258922.483, 122
Trd, 258922.517, 117
Trd, 258922.733, 128
Trd, 258922.900, 129
Trd, 258923.067, 111
Trd, 258923.433, 124
Trd, 258923.633, 108
Trd, 258923.767, 114
Trd, 258923.783, 115
Trd, 258923.850, 113
Trd, 258924.217, 124
Trd, 258924.733, 108
Trd, 258924.817, 107
Trd, 258925.317, 124
Trd, 258925.400, 125
Trd, 258925.717, 103
Trd, 258926.450, 123
Trd, 258926.467, 125
Trd, 258926.700, 125
Trd, 258926.833, 105
Trd, 258926.933, 93
Trd, 258926.950, 125
Trd, 258927.000, 126
Trd, 258927.733, 121
Trd, 258928.033, 114
Trd, 258928.067, 115
Trd, 258928.167, 115
Trd, 258928.267, 110
Trd, 258928.417, 109
Trd, 258928.750, 96
Trd, 258929.033, 88
Trd, 258929.233, 89
Trd, 258929.283, 90
Trd, 258929.333, 91
Trd, 258929.383, 116
Trd, 258929.717, 83
Trd, 258929.750, 86
Trd, 258929.850, 120
Trd, 258929.867, 96
Trd, 258930.067, 79
Trd, 258930.467, 109
Trd, 258930.567, 110
Trd, 258930.750, 103
Trd, 258930.983, 87
Trd, 258931.267, 122
Trd, 258932.067, 127
Trd, 258932.300, 129
Trd, 258932.317, 127
Trd, 258932.917, 129
Trd, 258933.217, 123
Trd, 258933.650, 124
Trd, 258934.267, 126
Trd, 258934.450, 125
Trd, 258934.600, 114
Trd, 258934.667, 108
Trd, 258935.100, 114
Trd, 258935.433, 121
Trd, 258935.650, 115
Trd, 258935.883, 117
Trd, 258936.067, 122
Trd, 258936.117, 123
Trd, 258937.000, 124
Trd, 258937.100, 113
Trd, 258937.150, 112
Trd, 258937.183, 111
Trd, 258937.600, 125
Trd, 258937.700, 123
Trd, 258938.283, 105
Trd, 258938.667, 123
Trd, 258938.783, 100
Trd, 258938.800, 122
Trd, 258938.917, 123
Trd, 258938.967, 124
Trd, 258939.050, 125
Trd, 258939.533, 140
Trd, 258939.750, 99
Trd, 258939.800, 106
Trd, 258940.367, 95
Trd, 258940.617, 106
Trd, 258941.000, 114
Trd, 258941.150, 114
Trd, 258941.200, 107
Trd, 258941.550, 93
Trd, 258941.583, 90
Trd, 258941.933, 112
Trd, 258942.150, 107
Trd, 258942.483, 104
Trd, 258942.567, 96
Trd, 258942.600, 95
Trd, 258942.667, 116
Trd, 258942.800, 117
Trd, 258942.917, 124
Trd, 258942.983, 94
Trd, 258943.517, 82
Trd, 258944.000, 90
Trd, 258944.167, 91
Trd, 258944.383, 117
Trd, 258944.950, 95
Trd, 258945.033, 128
Trd, 258945.233, 129
Trd, 258945.433, 106
Trd, 258945.867, 118
Trd, 258946.050, 106
Trd, 258946.267, 116
Trd, 258946.600, 105
Trd, 258946.883, 116
Trd, 258947.067, 133
Trd, 258947.333, 139
Trd, 258947.667, 130
Trd, 258947.817, 128
Trd, 258947.833, 127
Trd, 258948.200, 116
Trd, 258948.850, 116
Trd, 258948.917, 138
Trd, 258948.983, 111
Trd, 258949.383, 121
Trd, 258949.467, 119
Trd, 258950.217, 130
Trd, 258950.333, 124
Trd, 258950.750, 117
Trd, 258951.083, 128
Trd, 258951.117, 119
Trd, 258951.183, 131
Trd, 258951.500, 127
Trd, 258951.683, 131
Trd, 258952.183, 131
Trd, 258952.350, 128
Trd, 258952.533, 126
Trd, 258952.583, 124
Trd, 258952.667, 105
Trd, 258953.450, 103
Trd, 258953.600, 129
Trd, 258954.050, 109
Trd, 258954.100, 110
Trd, 258954.117, 102
Trd, 258954.150, 88
Trd, 258954.667, 111
Trd, 258955.167, 123
Trd, 258955.233, 121
Trd, 258955.400, 120
Trd, 258955.550, 123
Trd, 258955.700, 123
Trd, 258955.800, 124
Trd, 258955.867, 125
Trd, 258956.533, 101
Trd, 258956.683, 116
Trd, 258957.417, 140
Trd, 258957.817, 138
Trd, 258958.000, 137
Trd, 258958.283, 136
Trd, 258958.433, 132
Trd, 258958.467, 131
Trd, 258958.900, 136
Trd, 258959.267, 135
Trd, 258959.767, 135
Trd, 258960.167, 130
Trd, 258960.267, 137
Trd, 258960.550, 125
Trd, 258960.800, 137
Trd, 258960.983, 125
Trd, 258961.167, 112
Trd, 258961.250, 107
Trd, 258961.483, 105
Trd, 258961.683, 123
Trd, 258962.133, 126
Trd, 258962.367, 128
Trd, 258962.417, 121
Trd, 258962.667, 129
Trd, 258963.033, 131
Trd, 258963.067, 127
Trd, 258963.133, 127
Trd, 258963.200, 120
Trd, 258963.800, 114
Trd, 258963.850, 102
Trd, 258964.033, 104
Trd, 258964.200, 108
Trd, 258964.383, 114
Trd, 258964.617, 90
Trd, 258964.633, 91
Trd, 258964.750, 85
Trd, 258965.100, 89
Trd, 258965.117, 90
Trd, 258965.250, 91
Trd, 258965.433, 113
Trd, 258965.933, 104
Trd, 258966.083, 129
Trd, 258966.100, 103
Trd, 258966.583, 126
Trd, 258966.883, 131
Trd, 258967.750, 100
Trd, 258967.800, 131
Trd, 258968.250, 119
Trd, 258968.333, 109
Trd, 258968.400, 107
Trd, 258968.417, 102
Trd, 258968.767, 102
Trd, 258968.833, 132
Trd, 258968.867, 126
Trd, 258969.050, 98
Trd, 258969.500, 140
Trd, 258969.600, 123
Trd, 258970.133, 135
Trd, 258970.267, 122
Trd, 258970.883, 111
Trd, 258971.067, 112
Trd, 258971.367, 129
Trd, 258971.550, 111
Trd, 258971.700, 98
Trd, 258972.233, 130
Trd, 258972.483, 132
Trd, 258972.550, 131
Trd, 258972.683, 135
Trd, 258972.883, 123
Trd, 258972.900, 135
Trd, 258973.333, 118
Trd, 258973.583, 113
Trd, 258973.750, 112
Trd, 258973.867, 96
Trd, 258974.067, 109
Trd, 258974.250, 114
Trd, 258974.400, 115
Trd, 258974.617, 100
Trd, 258974.683, 124
Trd, 258975.450, 109
Trd, 258976.700, 106
Trd, 258976.983, 103
Trd, 258977.050, 103
Trd, 258977.183, 103
Trd, 258977.200, 96
Trd, 258977.217, 104
Trd, 258977.800, 105
Trd, 258978.050, 110
Trd, 258978.083, 104
Trd, 258978.233, 103
Trd, 258978.583, 98
Trd, 258978.600, 112
Trd, 258978.767, 101
Trd, 258978.850, 116
Trd, 258979.733, 125
Trd, 258979.967, 108
Trd, 258980.300, 137
Trd, 258980.833, 140
Trd, 258981.450, 128
Trd, 258981.950, 127
Trd, 258982.033, 121
Trd, 258982.083, 117
Trd, 258982.200, 128
Trd, 258982.333, 125
Trd, 258982.433, 132
Trd, 258982.550, 120
Trd, 258982.583, 116
Trd, 258982.900, 108
Trd, 258983.017, 109
Trd, 258983.350, 108
Trd, 258983.433, 93
Trd, 258983.833, 140
Trd, 258983.933, 105
Trd, 258984.250, 115
Trd, 258984.917, 92
Trd, 258984.933, 135
Trd, 258985.267, 137
Trd, 258985.433, 105
Trd, 258985.583, 130
Trd, 258985.850, 118
Trd, 258986.050, 105
Trd, 258986.117, 104
Trd, 258986.517, 81
Trd, 258986.833, 126
Trd, 258986.850, 128
Trd, 258987.233, 126
Trd, 258987.783, 125
Trd, 258988.150, 125
Trd, 258988.350, 124
Trd, 258988.533, 123
Trd, 258988.783, 110
Trd, 258989.100, 123
Trd, 258989.433, 110
Trd, 258989.617, 109
Trd, 258989.733, 108
Trd, 258989.933, 112
Trd, 258990.017, 113
Trd, 258990.083, 114
Trd, 258990.533, 125
Trd, 258990.633, 131
Trd, 258991.083, 130
Trd, 258991.100, 118
Trd, 258991.383, 116
Trd, 258991.550, 129
Trd, 258991.700, 122
Trd, 258992.333, 131
Trd, 258992.500, 116
Trd, 258992.550, 114
Trd, 258992.950, 130
Trd, 258992.983, 126
Trd, 258993.450, 117
Trd, 258993.817, 116
Trd, 258994.117, 125
Trd, 258994.133, 126
Trd, 258995.083, 119
Trd, 258995.100, 126
Trd, 258995.233, 118
Trd, 258995.550, 124
Trd, 258995.833, 137
Trd, 258996.283, 136
Trd, 258996.350, 140
Trd, 258996.383, 124
Trd, 258996.783, 124
Trd, 258997.000, 120
Trd, 258997.283, 119
Trd, 258998.100, 112
Trd, 258998.217, 111
Trd, 258998.467, 108
Trd, 258998.683, 108
Trd, 258998.883, 94
Trd, 258999.183, 114
Trd, 258999.250, 89
Trd, 258999.267, 116
Trd, 258999.417, 117
Trd, 258999.517, 88
Trd, 258999.667, 107
Trd, 259000.667, 115
Trd, 259001.017, 134
Trd, 259001.667, 132
Trd, 259001.783, 125
Trd, 259002.067, 133
Trd, 259002.133, 112
Trd, 259002.233, 121
Trd, 259002.550, 111
Trd, 259002.800, 104
Trd, 259003.000, 125
Trd, 259003.417, 101
Trd, 259003.433, 89
Trd, 259003.683, 94
Trd, 259004.350, 101
Trd, 259004.567, 124
Trd, 259004.667, 101
Trd, 259004.800, 125
Trd, 259004.817, 126
Trd, 259004.967, 96
Trd, 259005.150, 95
Trd, 259005.367, 88
Trd, 259005.400, 85
Trd, 259005.433, 127
Trd, 259005.817, 117
Trd, 259005.933, 127
Trd, 259005.967, 129
Trd, 259006.300, 110
Trd, 259006.317, 64
Trd, 259006.833, 76
Trd, 259006.900, 140
Trd, 259007.150, 68
Trd, 259007.767, 140
Trd, 259007.833, 137
Trd, 259008.267, 125
Trd, 259008.317, 118
Trd, 259008.383, 97
Trd, 259010.117, 121
Trd, 259010.217, 127
Trd, 259010.267, 118
Trd, 259010.400, 94
Trd, 259010.450, 82
Trd, 259010.517, 127
Trd, 259010.683, 127
Trd, 259011.250, 122
Trd, 259011.383, 123
Trd, 259011.550, 124
Trd, 259011.733, 117
Trd, 259012.733, 122
Trd, 259013.300, 122
Trd, 259013.333, 114
Trd, 259013.567, 113
Trd, 259013.633, 113
Trd, 259013.917, 120
Trd, 259014.100, 113
Trd, 259014.300, 129
Trd, 259014.450, 112
Trd, 259014.500, 122
Trd, 259014.633, 109
Trd, 259014.683, 123
Trd, 259015.133, 113
Trd, 259015.217, 96
Trd, 259015.783, 132
Trd, 259015.850, 130
Trd, 259016.133, 113
Trd, 259016.267, 95
Trd, 259016.783, 92
Trd, 259016.967, 119
Trd, 259017.500, 88
Trd, 259017.767, 99
Trd, 259017.850, 108
Trd, 259017.883, 124
Trd, 259018.100, 107
Trd, 259018.233, 85
Trd, 259018.267, 108
Trd, 259018.283, 78
Trd, 259018.767, 95
Trd, 259019.067, 126
Trd, 259019.217, 94
Trd, 259019.383, 117
Trd, 259019.517, 95
Trd, 259019.833, 94
Trd, 259020.033, 123
Trd, 259020.383, 112
Trd, 259020.733, 111
Trd, 259021.183, 116
Trd, 259021.650, 121
Trd, 259021.717, 100
Trd, 259022.183, 120
Trd, 259022.600, 104
Trd, 259023.117, 121
Trd, 259023.333, 114
Trd, 259023.550, 113
Trd, 259023.683, 99
Trd, 259024.300, 100
Trd, 259024.367, 101
Trd, 259024.633, 111
Trd, 259024.817, 105
Trd, 259024.883, 96
Trd, 259024.967, 95
Trd, 259025.150, 91
Trd, 259025.367, 88
Trd, 259025.450, 101
Trd, 259025.533, 105
Trd, 259025.617, 86
Trd, 259025.783, 98
Trd, 259026.050, 105
Trd, 259026.117, 92
Trd, 259026.283, 106
Trd, 259026.433, 110
Trd, 259026.917, 116
Trd, 259027.467, 140
Trd, 259027.567, 140
Trd, 259027.867, 137
Trd, 259027.917, 128
Trd, 259028.067, 96
Trd, 259028.283, 94
Trd, 259028.400, 100
Trd, 259028.417, 102
Trd, 259029.017, 117
Trd, 259029.200, 121
Trd, 259030.483, 110
Trd, 259030.600, 103
Trd, 259030.767, 110
Trd, 259031.117, 106
Trd, 259031.167, 104
Trd, 259031.283, 95
Trd, 259031.383, 90
Trd, 259031.517, 75
Trd, 259031.667, 77
Trd, 259031.700, 71
Trd, 259031.867, 81
Trd, 259031.967, 118
Trd, 259032.400, 97
Trd, 259032.467, 113
Trd, 259032.567, 96
Trd, 259033.050, 107
Trd, 259033.133, 115
Trd, 259033.250, 115
Trd, 259033.367, 110
Trd, 259033.500, 83
Trd, 259033.867, 70
Trd, 259034.000, 104
Trd, 259034.233, 105
Trd, 259034.417, 94
Trd, 259034.767, 112
Trd, 259034.967, 89
Trd, 259035.167, 115
Trd, 259035.550, 101
Trd, 259035.833, 125
Trd, 259036.000, 126
Trd, 259036.100, 113
Trd, 259036.233, 128
Trd, 259036.367, 109
Trd, 259036.517, 88
Trd, 259036.733, 83
Trd, 259036.783, 107
Trd, 259036.950, 129
Trd, 259037.267, 126
Trd, 259037.567, 126
Trd, 259037.667, 125
Trd, 259038.167, 122
Trd, 259038.317, 116
Trd, 259038.617, 115
Trd, 259039.750, 116
Trd, 259040.017, 123
Trd, 259040.133, 114
Trd, 259040.433, 122
Trd, 259040.667, 133
Trd, 259040.733, 125
Trd, 259040.883, 133
Trd, 259041.033, 108
Trd, 259041.233, 107
Trd, 259041.783, 123
Trd, 259041.800, 122
Trd, 259041.817, 106
Trd, 259042.250, 140
Trd, 259042.450, 128
Trd, 259042.617, 116
Trd, 259042.717, 136
Trd, 259043.650, 135
Trd, 259043.733, 129
Trd, 259043.750, 139
Trd, 259043.767, 128
Trd, 259044.083, 128
Trd, 259044.417, 138
Trd, 259045.067, 134
Trd, 259045.283, 133
Trd, 259045.483, 134
Trd, 259045.567, 122
Trd, 259045.767, 101
Trd, 259045.800, 100
Trd, 259045.867, 131
Trd, 259046.267, 134
Trd, 259046.767, 111
Trd, 259046.850, 116
Trd, 259047.050, 101
Trd, 259047.117, 100
Trd, 259047.150, 99
Trd, 259047.483, 102
Trd, 259047.633, 114
Trd, 259047.800, 113
Trd, 259047.983, 115
Trd, 259049.083, 131
Trd, 259049.100, 123
Trd, 259049.300, 128
Trd, 259049.383, 97
Trd, 259049.450, 97
Trd, 259049.583, 99
Trd, 259049.900, 94
Trd, 259050.217, 99
Trd, 259050.350, 100
Trd, 259050.383, 102
Trd, 259050.583, 92
Trd, 259050.933, 121
Trd, 259051.283, 87
Trd, 259051.583, 120
Trd, 259052.050, 95
Trd, 259052.067, 100
Trd, 259052.200, 116
Trd, 259052.300, 115
Trd, 259052.367, 84
Trd, 259052.533, 79
Trd, 259052.650, 139
Trd, 259052.900, 101
Trd, 259052.967, 127
Trd, 259053.117, 100
Trd, 259053.317, 129
Trd, 259053.417, 128
Trd, 259053.483, 87
Trd, 259053.950, 106
Trd, 259054.400, 125
Trd, 259054.533, 115
Trd, 259055.733, 117
Trd, 259056.150, 125
Trd, 259056.217, 127
Trd, 259056.517, 99
Trd, 259056.833, 129
Trd, 259057.017, 122
Trd, 259057.083, 123
Trd, 259057.150, 121
Trd, 259057.300, 120
Trd, 259057.467, 115
Trd, 259057.500, 100
Trd, 259057.717, 105
Trd, 259057.850, 87
Trd, 259058.433, 112
Trd, 259058.483, 114
Trd, 259058.767, 107
Trd, 259059.183, 124
Trd, 259059.450, 110
Trd, 259059.483, 105
Trd, 259059.817, 94
Trd, 259060.183, 114
Trd, 259060.567, 114
Trd, 259060.683, 125
Trd, 259060.717, 126
Trd, 259060.800, 116
Trd, 259061.417, 115
Trd, 259061.500, 127
Trd, 259062.000, 120
Trd, 259062.383, 116
Trd, 259062.417, 115
Trd, 259063.033, 110
Trd, 259063.050, 95
Trd, 259063.167, 104
Trd, 259063.267, 94
Trd, 259063.433, 81
Trd, 259063.850, 73
Trd, 259063.917, 114
Trd, 259063.950, 115
Trd, 259063.967, 115
Trd, 259064.617, 128
Trd, 259064.683, 111
Trd, 259064.933, 119
Trd, 259065.333, 140
Trd, 259065.417, 140
Trd, 259065.450, 134
Trd, 259065.867, 122
Trd, 259066.017, 121
Trd, 259066.200, 107
Trd, 259067.000, 98
Trd, 259067.283, 99
Trd, 259067.333, 98
Trd, 259067.433, 102
Trd, 259068.467, 111
Trd, 259068.500, 110
Trd, 259068.633, 102
Trd, 259068.783, 124
Trd, 259068.900, 99
Trd, 259068.967, 113
Trd, 259069.183, 102
Trd, 259069.467, 100
Trd, 259069.550, 103
Trd, 259069.700, 117
Trd, 259070.100, 118
Trd, 259070.617, 111
Trd, 259070.683, 106
Trd, 259070.800, 119
Trd, 259070.867, 100
Trd, 259071.017, 110
Trd, 259071.117, 92
Trd, 259071.167, 119
Trd, 259071.750, 107
Trd, 259072.083, 117
Trd, 259072.350, 106
Trd, 259072.483, 119
Trd, 259072.650, 120
Trd, 259072.750, 89
Trd, 259073.050, 128
Trd, 259073.083, 117
Trd, 259073.267, 97
Trd, 259073.667, 95
Trd, 259073.933, 88
Trd, 259074.050, 102
Trd, 259074.167, 79
Trd, 259074.500, 103
Trd, 259075.033, 100
Trd, 259075.083, 122
Trd, 259075.417, 102
Trd, 259075.433, 100
Trd, 259075.517, 134
Trd, 259075.600, 135
Trd, 259075.650, 135
Trd, 259075.967, 115
Trd, 259076.167, 119
Trd, 259076.317, 96
Trd, 259076.350, 94
Trd, 259077.383, 130
Trd, 259077.567, 120
Trd, 259077.717, 129
Trd, 259077.883, 119
Trd, 259078.283, 131
Trd, 259078.400, 114
Trd, 259078.667, 131
Trd, 259078.783, 126
Trd, 259079.283, 122
Trd, 259079.433, 101
Trd, 259079.883, 121
Trd, 259079.950, 120
Trd, 259080.217, 127
Trd, 259080.400, 129
Trd, 259080.650, 117
Trd, 259080.783, 129
Trd, 259080.833, 127
Trd, 259081.033, 129
Trd, 259081.050, 121
Trd, 259081.267, 119
Trd, 259081.617, 128
Trd, 259081.650, 104
Trd, 259082.083, 101
Trd, 259082.117, 112
Trd, 259082.250, 125
Trd, 259082.600, 125
Trd, 259083.033, 81
Trd, 259083.100, 83
Trd, 259083.167, 84
Trd, 259083.350, 118
Trd, 259083.950, 117
Trd, 259084.267, 123
Trd, 259084.450, 132
Trd, 259085.050, 130
Trd, 259085.083, 116
Trd, 259085.183, 109
Trd, 259085.583, 128
Trd, 259085.833, 108
Trd, 259086.317, 106
Trd, 259086.650, 100
Trd, 259086.667, 107
Trd, 259086.817, 93
Trd, 259087.067, 107
Trd, 259087.217, 110
Trd, 259087.283, 109
Trd, 259087.300, 113
Trd, 259087.817, 110
Trd, 259087.867, 120
Trd, 259088.050, 120
Trd, 259088.600, 96
Trd, 259088.617, 95
Trd, 259088.683, 81
Trd, 259088.817, 126
Trd, 259088.900, 127
Trd, 259089.217, 102
Trd, 259089.267, 127
Trd, 259089.367, 94
Trd, 259089.467, 82
Trd, 259089.783, 100
Trd, 259090.017, 108
Trd, 259090.600, 128
Trd, 259090.633, 124
Trd, 259090.750, 136
Trd, 259090.933, 106
Trd, 259091.317, 112
Trd, 259091.550, 110
Trd, 259091.783, 126
Trd, 259092.300, 114
Trd, 259092.633, 116
Trd, 259092.750, 130
Trd, 259092.767, 101
Trd, 259092.950, 96
Trd, 259093.867, 103
Trd, 259094.417, 140
Trd, 259094.450, 118
Trd, 259094.583, 117
Trd, 259095.233, 130
Trd, 259095.300, 129
Trd, 259095.317, 107
Trd, 259095.683, 130
Trd, 259095.750, 97
Trd, 259095.800, 131
Trd, 259095.967, 132
Trd, 259096.217, 120
Trd, 259096.567, 128
Trd, 259097.150, 110
Trd, 259097.400, 110
Trd, 259097.433, 109
Trd, 259097.467, 96
Trd, 259098.050, 97
Trd, 259098.150, 99
Trd, 259098.267, 93
Trd, 259098.550, 122
Trd, 259098.567, 130
Trd, 259099.333, 138
Trd, 259099.383, 127
Trd, 259099.583, 122
Trd, 259100.400, 140
Trd, 259100.667, 133
Trd, 259100.883, 124
Trd, 259101.150, 118
Trd, 259101.167, 132
Trd, 259101.183, 117
Trd, 259101.300, 134
Trd, 259101.583, 127
Trd, 259101.950, 117
Trd, 259102.217, 115
Trd, 259102.350, 111
Trd, 259102.967, 136
Trd, 259103.683, 107
Trd, 259103.767, 103
Trd, 259103.833, 102
Trd, 259103.967, 108
Trd, 259104.000, 87
Trd, 259104.283, 110
Trd, 259104.350, 127
Trd, 259104.617, 93
Trd, 259105.100, 99
Trd, 259105.617, 113
Trd, 259105.717, 112
Trd, 259105.800, 114
Trd, 259105.967, 115
Trd, 259106.217, 122
Trd, 259106.700, 123
Trd, 259106.900, 117
Trd, 259107.083, 124
Trd, 259107.467, 116
Trd, 259107.483, 108
Trd, 259107.717, 107
Trd, 259107.800, 95
Trd, 259107.817, 108
Trd, 259107.917, 134
Trd, 259108.650, 128
Trd, 259108.717, 126
Trd, 259108.767, 125
Trd, 259108.800, 123
Trd, 259108.850, 105
Trd, 259109.050, 112
Trd, 259109.367, 122
Trd, 259109.633, 108
Trd, 259110.417, 119
Trd, 259110.467, 131
Trd, 259110.567, 106
Trd, 259110.983, 97
Trd, 259111.233, 89
Trd, 259112.033, 96
Trd, 259112.083, 97
Trd, 259112.433, 97
Trd, 259112.550, 94
Trd, 259112.567, 97
Trd, 259112.583, 98
Trd, 259113.033, 112
Trd, 259113.517, 104
Trd, 259113.717, 125
Trd, 259113.917, 140
Trd, 259113.950, 139
Trd, 259114.583, 106
Trd, 259114.817, 108
Trd, 259114.917, 109
Trd, 259114.950, 110
Trd, 259115.217, 110
Trd, 259115.500, 110
Trd, 259115.750, 104
Trd, 259115.867, 103
Trd, 259116.017, 112
Trd, 259116.100, 93
Trd, 259116.500, 105
Trd, 259116.667, 97
Trd, 259116.917, 123
Trd, 259117.300, 113
Trd, 259117.650, 134
Trd, 259117.733, 131
Trd, 259117.817, 101
Trd, 259117.833, 140
Trd, 259117.933, 107
Trd, 259118.150, 127
Trd, 259118.983, 122
Trd, 259119.033, 104
Trd, 259119.133, 123
Trd, 259119.167, 98
Trd, 259119.200, 123
Trd, 259119.450, 114
Trd, 259119.850, 97
Trd, 259120.033, 96
Trd, 259120.200, 94
Trd, 259120.317, 90
Trd, 259120.467, 120
Trd, 259120.583, 120
Trd, 259121.217, 109
Trd, 259121.617, 116
Trd, 259121.767, 115
Trd, 259122.033, 119
Trd, 259122.067, 118
Trd, 259122.233, 114
Trd, 259122.683, 119
Trd, 259122.717, 119
Trd, 259123.367, 113
Trd, 259123.400, 112
Trd, 259123.450, 101
Trd, 259123.550, 116
Trd, 259124.083, 93
Trd, 259124.417, 115
Trd, 259124.450, 107
Trd, 259124.600, 115
Trd, 259124.700, 117
Trd, 259125.033, 109
Trd, 259125.117, 117
Trd, 259125.267, 127
Trd, 259125.500, 108
Trd, 259125.567, 107
Trd, 259125.833, 140
Trd, 259126.183, 137
Trd, 259126.267, 135
Trd, 259127.383, 124
Trd, 259127.533, 139
Trd, 259127.717, 136
Trd, 259127.733, 117
Trd, 259127.917, 125
Trd, 259128.233, 116
Trd, 259128.300, 105
Trd, 259128.350, 90
Trd, 259128.417, 131
Trd, 259128.767, 132
Trd, 259129.067, 140
Trd, 259129.167, 119
Trd, 259129.383, 119
Trd, 259129.550, 128
Trd, 259129.783, 124
Trd, 259129.850, 130
Trd, 259129.883, 123
Trd, 259130.800, 128
Trd, 259130.983, 117
Trd, 259131.650, 120
Trd, 259131.817, 90
Trd, 259132.017, 102
Trd, 259132.117, 102
Trd, 259132.183, 103
Trd, 259132.467, 88
Trd, 259132.617, 90
Trd, 259132.650, 91
Trd, 259133.083, 96
Trd, 259133.383, 122
Trd, 259133.533, 127
Trd, 259133.633, 128
Trd, 259133.650, 126
Trd, 259134.017, 119
Trd, 259134.083, 107
Trd, 259134.467, 89
Trd, 259134.567, 128
Trd, 259135.317, 129
Trd, 259135.333, 128
Trd, 259135.350, 117
Trd, 259135.683, 109
Trd, 259135.833, 133
Trd, 259136.233, 114
Trd, 259137.133, 140
Trd, 259137.150, 139
Trd, 259138.267, 124
Trd, 259138.383, 128
Trd, 259138.783, 122
Trd, 259138.833, 121
Trd, 259139.383, 125
Trd, 259139.450, 123
Trd, 259139.500, 119
Trd, 259139.717, 110
Trd, 259139.967, 102
Trd, 259140.183, 120
Trd, 259140.250, 117
Trd, 259140.283, 98
Trd, 259140.550, 95
Trd, 259141.350, 101
Trd, 259141.417, 92
Trd, 259141.433, 102
Trd, 259141.950, 92
Trd, 259142.233, 90
Trd, 259142.300, 100
Trd, 259142.383, 101
Trd, 259143.033, 93
Trd, 259143.083, 120
Trd, 259143.283, 74
Trd, 259143.417, 106
Trd, 259143.450, 74
Trd, 259143.933, 75
Trd, 259144.250, 102
Trd, 259144.500, 73
Trd, 259144.783, 68
Trd, 259145.117, 109
Trd, 259145.217, 111
Trd, 259145.667, 103
Trd, 259145.783, 104
Trd, 259146.167, 114
Trd, 259146.350, 109
Trd, 259146.400, 102
Trd, 259146.450, 97
Trd, 259146.583, 115
Trd, 259147.067, 137
Trd, 259147.267, 135
Trd, 259147.417, 132
Trd, 259148.250, 129
Trd, 259148.517, 119
Trd, 259148.900, 126
Trd, 259148.950, 126
Trd, 259149.200, 120
Trd, 259149.267, 131
Trd, 259149.317, 112
Trd, 259149.867, 132
Trd, 259150.067, 117
Trd, 259150.350, 125
Trd, 259150.667, 134
Trd, 259151.350, 140
Trd, 259151.467, 139
Trd, 259151.600, 138
Trd, 259151.750, 129
Trd, 259151.917, 120
Trd, 259152.083, 109
Trd, 259152.150, 107
Trd, 259152.283, 101
Trd, 259152.333, 105
Trd, 259152.350, 107
Trd, 259153.083, 110
Trd, 259153.117, 115
Trd, 259153.467, 109
Trd, 259153.750, 113
Trd, 259153.767, 114
Trd, 259153.983, 107
Trd, 259154.050, 116
Trd, 259154.683, 119
Trd, 259154.950, 111
Trd, 259155.017, 109
Trd, 259155.050, 104
Trd, 259155.067, 119
Trd, 259155.167, 118
Trd, 259155.217, 120
Trd, 259155.367, 122
Trd, 259155.867, 118
Trd, 259155.883, 87
Trd, 259155.917, 78
Trd, 259156.900, 117
Trd, 259157.017, 106
Trd, 259157.117, 138
Trd, 259157.833, 135
Trd, 259158.233, 137
Trd, 259158.300, 130
Trd, 259158.617, 137
Trd, 259158.767, 137
Trd, 259158.900, 127
Trd, 259158.933, 126
Trd, 259159.433, 114
Trd, 259159.633, 105
Trd, 259159.683, 114
Trd, 259160.167, 105
Trd, 259160.200, 95
Trd, 259160.267, 106
Trd, 259160.450, 109
Trd, 259160.717, 111
Trd, 259160.767, 107
Trd, 259160.967, 136
Trd, 259161.517, 132
Trd, 259162.200, 130
Trd, 259162.683, 115
Trd, 259162.800, 118
Trd, 259162.817, 110
Trd, 259163.900, 120
Trd, 259164.100, 100
Trd, 259164.150, 96
Trd, 259164.250, 106
Trd, 259164.267, 107
Trd, 259164.317, 87
Trd, 259164.333, 87
Trd, 259164.483, 119
Trd, 259164.800, 140
Trd, 259165.033, 140
Trd, 259165.117, 115
Trd, 259165.667, 100
Trd, 259165.833, 107
Trd, 259166.117, 97
Trd, 259166.583, 110
Trd, 259166.867, 99
Trd, 259166.967, 98
Trd, 259167.867, 92
Trd, 259167.883, 119
Trd, 259168.117, 122
Trd, 259168.350, 134
Trd, 259168.983, 111
Trd, 259169.283, 136
Trd, 259169.333, 135
Trd, 259170.017, 119
Trd, 259170.133, 113
Trd, 259170.467, 112
Trd, 259170.533, 112
Trd, 259170.600, 110
Trd, 259170.667, 132
Trd, 259170.733, 126
Trd, 259171.017, 116
Trd, 259171.217, 109
Trd, 259171.617, 108
Trd, 259171.650, 107
Trd, 259172.233, 107
Trd, 259172.250, 109
Trd, 259172.300, 112
Trd, 259172.400, 101
Trd, 259172.733, 102
Trd, 259173.233, 138
Trd, 259173.767, 100
Trd, 259174.083, 100
Trd, 259174.217, 101
Trd, 259174.267, 115
Trd, 259174.800, 115
Trd, 259174.850, 99
Trd, 259174.883, 120
Trd, 259175.067, 104
Trd, 259175.667, 107
Trd, 259175.717, 121
Trd, 259175.800, 114
Trd, 259176.100, 101
Trd, 259176.817, 111
Trd, 259177.100, 94
Trd, 259177.283, 80
Trd, 259177.317, 115
Trd, 259177.700, 83
Trd, 259178.067, 112
Trd, 259178.167, 117
Trd, 259178.517, 118
Trd, 259178.533, 107
Trd, 259178.667, 135
Trd, 259179.033, 106
Trd, 259179.067, 103
Trd, 259179.133, 102
Trd, 259179.517, 120
Trd, 259179.600, 105
Trd, 259180.117, 84
Trd, 259180.217, 93
Trd, 259180.317, 94
Trd, 259180.400, 95
Trd, 259180.583, 97
Trd, 259180.850, 137
Trd, 259180.950, 121
Trd, 259182.400, 136
Trd, 259182.633, 134
Trd, 259182.683, 139
Trd, 259183.000, 133
Trd, 259183.300, 133
Trd, 259184.167, 130
Trd, 259184.383, 135
Trd, 259184.467, 128
Trd, 259184.583, 136
Trd, 259184.800, 128
Trd, 259184.817, 116
Trd, 259185.217, 130
Trd, 259185.383, 128
Trd, 259185.967, 114
Trd, 259186.017, 131
Trd, 259186.133, 132
Trd, 259186.267, 110
Trd, 259186.317, 98
Trd, 259186.467, 123
Trd, 259186.633, 126
Trd, 259186.767, 105
Trd, 259186.833, 125
Trd, 259186.950, 101
Trd, 259187.017, 92
Trd, 259187.150, 112
Trd, 259187.667, 124
Trd, 259187.783, 124
Trd, 259187.817, 126
Trd, 259187.867, 132
Trd, 259188.417, 123
Trd, 259188.550, 127
Trd, 259188.800, 128
Trd, 259189.017, 122
Trd, 259189.167, 107
Trd, 259189.183, 102
Trd, 259189.450, 101
Trd, 259189.667, 107
Trd, 259190.383, 111
Trd, 259190.417, 109
Trd, 259190.883, 100
Trd, 259191.033, 106
Trd, 259191.217, 92
Trd, 259191.467, 105
Trd, 259191.483, 75
Trd, 259191.733, 106
Trd, 259191.867, 131
Trd, 259192.250, 82
Trd, 259192.333, 76
Trd, 259192.600, 98
Trd, 259192.717, 90
Trd, 259192.733, 78
Trd, 259193.383, 101
Trd, 259193.767, 127
Trd, 259193.867, 128
Trd, 259193.883, 126
Trd, 259193.917, 67
Trd, 259194.250, 61
Trd, 259194.350, 62
Trd, 259194.450, 63
Trd, 259194.567, 86
Trd, 259194.833, 140
Trd, 259195.067, 102
Trd, 259195.267, 127
Trd, 259195.733, 127
Trd, 259195.783, 129
Trd, 259196.167, 124
Trd, 259196.733, 140
Trd, 259197.150, 135
Trd, 259197.883, 134
Trd, 259198.183, 116
Trd, 259198.267, 115
Trd, 259198.417, 106
Trd, 259198.733, 133
Trd, 259199.033, 131
Trd, 259199.267, 112
Trd, 259199.333, 129
Trd, 259199.400, 102
Trd, 259199.533, 131
