Trd, 258594.400, 139
Trd, 258594.417, 139
Trd, 258594.700, 139
Trd, 258594.917, 139
Trd, 258595.017, 139
Trd, 258595.033, 138
Trd, 258595.083, 137
Trd, 258595.683, 140
Trd, 258596.300, 140
Trd, 258596.567, 140
Trd, 258596.717, 140
Trd, 258596.967, 140
Trd, 258597.050, 140
Trd, 258597.433, 140
Trd, 258597.517, 140
Trd, 258597.600, 140
Trd, 258597.633, 140
Trd, 258597.750, 140
Trd, 258597.783, 139
Trd, 258598.133, 140
Trd, 258598.483, 140
Trd, 258599.200, 140
Trd, 258599.233, 140
Trd, 258599.317, 140
Trd, 258599.767, 140
Trd, 258599.783, 140
Trd, 258599.933, 140
Trd, 258600.167, 140
Trd, 258600.183, 140
Trd, 258600.383, 139
Trd, 258600.400, 139
Trd, 258600.500, 139
Trd, 258600.600, 140
Trd, 258600.767, 139
Trd, 258601.000, 138
Trd, 258601.217, 137
Trd, 258601.283, 108
Trd, 258601.517, 140
Trd, 258601.533, 139
Trd, 258601.900, 100
Trd, 258602.317, 91
Trd, 258602.917, 117
Trd, 258603.017, 115
Trd, 258603.033, 91
Trd, 258603.333, 129
Trd, 258603.400, 130
Trd, 258603.600, 83
Trd, 258603.783, 82
Trd, 258603.883, 129
Trd, 258604.167, 129
Trd, 258604.283, 114
Trd, 258604.317, 63
Trd, 258604.867, 140
Trd, 258604.900, 140
Trd, 258604.917, 136
Trd, 258604.967, 87
Trd, 258605.817, 140
Trd, 258605.967, 140
Trd, 258606.000, 140
Trd, 258606.067, 140
Trd, 258606.900, 140
Trd, 258607.283, 140
Trd, 258607.450, 140
Trd, 258608.417, 140
Trd, 258608.467, 140
Trd, 258608.517, 140
Trd, 258608.533, 140
Trd, 258608.550, 140
Trd, 258609.317, 140
Trd, 258609.533, 140
Trd, 258609.567, 140
Trd, 258610.150, 140
Trd, 258610.167, 140
Trd, 258610.217, 140
Trd, 258610.333, 140
Trd, 258610.383, 140
Trd, 258610.400, 140
Trd, 258610.583, 140
Trd, 258610.617, 140
Trd, 258610.633, 140
Trd, 258610.700, 140
Trd, 258611.000, 140
Trd, 258611.400, 140
Trd, 258611.583, 140
Trd, 258611.650, 139
Trd, 258611.983, 116
Trd, 258612.067, 138
Trd, 258612.550, 140
Trd, 258612.733, 140
Trd, 258612.983, 140
Trd, 258613.383, 140
Trd, 258613.550, 140
Trd, 258613.833, 140
Trd, 258613.850, 140
Trd, 258614.333, 140
Trd, 258614.767, 140
Trd, 258615.217, 140
Trd, 258615.550, 140
Trd, 258615.767, 140
Trd, 258615.983, 140
Trd, 258616.133, 140
Trd, 258616.467, 140
Trd, 258616.750, 140
Trd, 258616.867, 140
Trd, 258616.900, 140
Trd, 258616.983, 140
Trd, 258617.050, 140
Trd, 258617.083, 140
Trd, 258617.467, 140
Trd, 258617.550, 140
Trd, 258617.583, 140
Trd, 258617.750, 140
Trd, 258617.850, 140
Trd, 258617.950, 140
Trd, 258618.100, 137
Trd, 258618.267, 137
Trd, 258618.300, 139
Trd, 258618.533, 136
Trd, 258618.650, 138
Trd, 258619.267, 140
Trd, 258619.333, 125
Trd, 258619.350, 124
Trd, 258619.983, 140
Trd, 258620.083, 140
Trd, 258620.400, 140
Trd, 258620.483, 140
Trd, 258620.550, 140
Trd, 258621.183, 140
Trd, 258621.333, 140
Trd, 258621.450, 140
Trd, 258621.500, 136
Trd, 258621.817, 140
Trd, 258621.833, 140
Trd, 258621.983, 140
Trd, 258622.017, 140
Trd, 258622.417, 139
Trd, 258622.433, 135
Trd, 258622.450, 122
Trd, 258623.650, 140
Trd, 258623.883, 140
Trd, 258624.000, 140
Trd, 258624.250, 140
Trd, 258624.333, 140
Trd, 258625.017, 140
Trd, 258625.167, 140
Trd, 258625.200, 140
Trd, 258625.750, 140
Trd, 258625.833, 140
Trd, 258625.900, 140
Trd, 258626.267, 140
Trd, 258626.783, 140
Trd, 258626.817, 140
Trd, 258627.100, 140
Trd, 258627.450, 140
Trd, 258627.483, 140
Trd, 258627.533, 140
Trd, 258627.583, 140
Trd, 258627.667, 139
Trd, 258627.833, 140
Trd, 258627.950, 140
Trd, 258627.967, 139
Trd, 258628.150, 139
Trd, 258628.483, 140
Trd, 258628.533, 140
Trd, 258628.717, 140
Trd, 258629.083, 140
Trd, 258629.117, 140
Trd, 258629.367, 140
Trd, 258629.550, 140
Trd, 258629.667, 140
Trd, 258630.583, 140
Trd, 258630.650, 140
Trd, 258631.050, 140
Trd, 258631.367, 140
Trd, 258631.467, 140
Trd, 258632.017, 140
Trd, 258632.133, 140
Trd, 258632.250, 140
Trd, 258632.500, 140
Trd, 258632.567, 140
Trd, 258632.817, 140
Trd, 258632.850, 138
Trd, 258633.050, 136
Trd, 258633.200, 136
Trd, 258633.250, 137
Trd, 258633.450, 138
Trd, 258633.500, 126
Trd, 258634.083, 140
Trd, 258634.433, 140
Trd, 258634.667, 140
Trd, 258635.650, 140
Trd, 258635.717, 140
Trd, 258635.750, 140
Trd, 258635.817, 140
Trd, 258636.033, 140
Trd, 258636.233, 140
Trd, 258636.400, 140
Trd, 258636.467, 139
Trd, 258636.483, 138
Trd, 258636.583, 137
Trd, 258637.133, 139
Trd, 258637.167, 138
Trd, 258637.200, 137
Trd, 258637.333, 134
Trd, 258637.750, 132
Trd, 258637.967, 111
Trd, 258638.067, 135
Trd, 258638.083, 111
Trd, 258638.150, 109
Trd, 258638.467, 131
Trd, 258638.683, 120
Trd, 258638.983, 99
Trd, 258639.100, 128
Trd, 258639.283, 99
Trd, 258639.350, 99
Trd, 258639.583, 129
Trd, 258639.950, 104
Trd, 258639.983, 123
Trd, 258640.183, 129
Trd, 258640.250, 130
Trd, 258640.783, 130
Trd, 258640.817, 131
Trd, 258640.833, 107
Trd, 258640.950, 104
Trd, 258641.250, 105
Trd, 258641.600, 138
Trd, 258642.217, 132
Trd, 258642.450, 132
Trd, 258642.483, 136
Trd, 258643.133, 140
Trd, 258643.200, 140
Trd, 258643.383, 140
Trd, 258643.967, 140
Trd, 258644.100, 140
Trd, 258644.467, 140
Trd, 258644.617, 140
Trd, 258644.700, 140
Trd, 258644.767, 139
Trd, 258645.000, 140
Trd, 258645.350, 139
Trd, 258645.517, 138
Trd, 258645.550, 131
Trd, 258645.583, 125
Trd, 258646.200, 129
Trd, 258646.217, 109
Trd, 258646.333, 119
Trd, 258646.600, 121
Trd, 258646.667, 119
Trd, 258646.717, 123
Trd, 258646.867, 138
Trd, 258646.883, 139
Trd, 258647.067, 139
Trd, 258647.100, 118
Trd, 258647.200, 139
Trd, 258647.600, 114
Trd, 258647.817, 135
Trd, 258647.917, 121
Trd, 258648.100, 120
Trd, 258648.117, 111
Trd, 258648.383, 99
Trd, 258648.500, 72
Trd, 258648.667, 132
Trd, 258649.617, 60
Trd, 258649.667, 60
Trd, 258649.967, 63
Trd, 258650.200, 64
Trd, 258650.733, 64
Trd, 258650.950, 80
Trd, 258651.233, 81
Trd, 258651.300, 68
Trd, 258651.400, 96
Trd, 258651.500, 103
Trd, 258651.717, 105
Trd, 258651.800, 75
Trd, 258651.883, 106
Trd, 258652.167, 82
Trd, 258652.533, 84
Trd, 258652.683, 107
Trd, 258653.000, 86
Trd, 258653.250, 119
Trd, 258653.300, 120
Trd, 258653.417, 130
Trd, 258653.617, 119
Trd, 258654.267, 138
Trd, 258654.750, 140
Trd, 258654.917, 140
Trd, 258655.183, 139
Trd, 258655.333, 140
Trd, 258655.417, 140
Trd, 258655.567, 140
Trd, 258655.767, 140
Trd, 258655.983, 140
Trd, 258656.150, 140
Trd, 258656.167, 140
Trd, 258656.550, 139
Trd, 258657.183, 123
Trd, 258657.350, 122
Trd, 258657.550, 131
Trd, 258657.583, 121
Trd, 258657.833, 128
Trd, 258657.983, 127
Trd, 258658.383, 127
Trd, 258658.433, 128
Trd, 258658.500, 129
Trd, 258658.567, 135
Trd, 258658.583, 125
Trd, 258658.617, 136
Trd, 258658.817, 127
Trd, 258659.567, 140
Trd, 258660.000, 140
Trd, 258660.650, 140
Trd, 258661.250, 140
Trd, 258661.333, 140
Trd, 258661.550, 140
Trd, 258661.567, 140
Trd, 258661.983, 140
Trd, 258662.183, 140
Trd, 258662.367, 140
Trd, 258662.483, 140
Trd, 258662.517, 140
Trd, 258662.583, 140
Trd, 258662.700, 139
Trd, 258663.183, 140
Trd, 258664.267, 140
Trd, 258664.333, 140
Trd, 258664.383, 140
Trd, 258664.850, 140
Trd, 258664.900, 140
Trd, 258665.100, 139
Trd, 258665.150, 139
Trd, 258665.567, 139
Trd, 258665.850, 139
Trd, 258666.017, 140
Trd, 258666.133, 140
Trd, 258666.433, 140
Trd, 258666.517, 140
Trd, 258666.800, 140
Trd, 258666.967, 140
Trd, 258667.000, 140
Trd, 258667.033, 138
Trd, 258667.467, 140
Trd, 258667.700, 140
Trd, 258667.983, 139
Trd, 258668.017, 138
Trd, 258668.033, 125
Trd, 258668.150, 124
Trd, 258668.417, 135
Trd, 258668.467, 139
Trd, 258668.683, 107
Trd, 258668.783, 140
Trd, 258669.217, 140
Trd, 258669.233, 139
Trd, 258669.767, 140
Trd, 258669.800, 140
Trd, 258670.083, 139
Trd, 258670.100, 138
Trd, 258670.433, 113
Trd, 258670.500, 108
Trd, 258670.700, 140
Trd, 258670.717, 139
Trd, 258670.833, 139
Trd, 258670.850, 138
Trd, 258671.133, 137
Trd, 258671.517, 119
Trd, 258671.633, 135
Trd, 258671.833, 132
Trd, 258671.983, 135
Trd, 258672.117, 136
Trd, 258672.800, 113
Trd, 258673.067, 115
Trd, 258673.300, 102
Trd, 258673.833, 99
Trd, 258674.300, 99
Trd, 258674.500, 97
Trd, 258674.517, 89
Trd, 258674.933, 72
Trd, 258675.050, 63
Trd, 258675.067, 72
Trd, 258675.150, 99
Trd, 258675.183, 61
Trd, 258675.517, 71
Trd, 258675.733, 73
Trd, 258676.183, 80
Trd, 258676.717, 140
Trd, 258677.317, 140
Trd, 258677.383, 140
Trd, 258677.700, 140
Trd, 258677.833, 140
Trd, 258678.067, 140
Trd, 258678.117, 140
Trd, 258678.300, 140
Trd, 258678.400, 140
Trd, 258679.017, 140
Trd, 258679.100, 140
Trd, 258679.133, 140
Trd, 258679.350, 140
Trd, 258679.933, 140
Trd, 258680.133, 140
Trd, 258680.500, 140
Trd, 258680.633, 140
Trd, 258680.800, 140
Trd, 258680.850, 140
Trd, 258681.733, 140
Trd, 258681.967, 140
Trd, 258682.350, 140
Trd, 258682.983, 140
Trd, 258683.083, 140
Trd, 258683.183, 140
Trd, 258683.233, 140
Trd, 258683.250, 140
Trd, 258683.283, 140
Trd, 258683.400, 140
Trd, 258683.467, 140
Trd, 258683.683, 139
Trd, 258684.117, 140
Trd, 258684.167, 139
Trd, 258684.400, 140
Trd, 258684.617, 140
Trd, 258684.650, 139
Trd, 258684.817, 138
Trd, 258685.250, 139
Trd, 258685.300, 139
Trd, 258685.350, 138
Trd, 258685.433, 136
Trd, 258685.600, 134
Trd, 258685.717, 138
Trd, 258685.850, 134
Trd, 258685.917, 132
Trd, 258686.050, 137
Trd, 258686.117, 139
Trd, 258686.150, 135
Trd, 258686.850, 139
Trd, 258686.950, 139
Trd, 258686.967, 137
Trd, 258687.017, 133
Trd, 258687.467, 134
Trd, 258687.967, 135
Trd, 258688.083, 135
Trd, 258688.133, 136
Trd, 258688.183, 135
Trd, 258688.200, 134
Trd, 258688.300, 135
Trd, 258688.400, 103
Trd, 258688.667, 96
Trd, 258688.767, 93
Trd, 258688.783, 85
Trd, 258688.950, 84
Trd, 258689.067, 60
Trd, 258689.200, 60
Trd, 258690.250, 60
Trd, 258690.717, 60
Trd, 258690.733, 63
Trd, 258690.917, 75
Trd, 258691.283, 139
Trd, 258691.367, 63
Trd, 258691.883, 137
Trd, 258691.900, 138
Trd, 258691.917, 129
Trd, 258691.950, 128
Trd, 258692.100, 73
Trd, 258692.617, 117
Trd, 258692.867, 103
Trd, 258692.883, 102
Trd, 258693.417, 140
Trd, 258693.517, 140
Trd, 258693.650, 140
Trd, 258694.400, 140
Trd, 258694.450, 140
Trd, 258694.483, 140
Trd, 258694.517, 140
Trd, 258694.667, 140
Trd, 258694.833, 140
Trd, 258694.950, 140
Trd, 258694.967, 140
Trd, 258695.167, 139
Trd, 258695.833, 140
Trd, 258695.933, 140
Trd, 258696.000, 140
Trd, 258696.517, 140
Trd, 258696.683, 139
Trd, 258696.733, 133
Trd, 258696.800, 133
Trd, 258697.200, 137
Trd, 258697.667, 134
Trd, 258698.133, 125
Trd, 258698.167, 124
Trd, 258698.200, 138
Trd, 258699.067, 140
Trd, 258699.483, 140
Trd, 258699.900, 140
Trd, 258700.183, 140
Trd, 258700.750, 140
Trd, 258700.950, 140
Trd, 258701.117, 140
Trd, 258701.683, 140
Trd, 258701.750, 140
Trd, 258701.917, 140
Trd, 258701.933, 140
Trd, 258702.083, 140
Trd, 258702.417, 140
Trd, 258702.550, 140
Trd, 258703.017, 140
Trd, 258703.050, 140
Trd, 258703.317, 140
Trd, 258703.417, 140
Trd, 258703.533, 139
Trd, 258703.550, 140
Trd, 258703.817, 134
Trd, 258704.067, 135
Trd, 258704.217, 130
Trd, 258704.267, 129
Trd, 258704.300, 131
Trd, 258704.350, 110
Trd, 258704.683, 90
Trd, 258705.033, 123
Trd, 258705.067, 122
Trd, 258705.483, 128
Trd, 258705.583, 129
Trd, 258705.717, 128
Trd, 258705.750, 122
Trd, 258706.083, 77
Trd, 258706.200, 67
Trd, 258706.217, 112
Trd, 258706.450, 126
Trd, 258706.533, 130
Trd, 258706.950, 121
Trd, 258707.117, 139
Trd, 258707.217, 102
Trd, 258708.150, 107
Trd, 258708.167, 105
Trd, 258708.233, 103
Trd, 258708.467, 115
Trd, 258708.750, 135
Trd, 258708.817, 99
Trd, 258709.083, 140
Trd, 258709.417, 139
Trd, 258709.567, 139
Trd, 258710.467, 140
Trd, 258710.733, 139
Trd, 258710.967, 139
Trd, 258711.133, 138
Trd, 258711.167, 115
Trd, 258711.500, 140
Trd, 258711.933, 140
Trd, 258712.033, 140
Trd, 258712.150, 140
Trd, 258712.483, 140
Trd, 258712.800, 137
Trd, 258713.150, 140
Trd, 258713.183, 140
Trd, 258713.383, 140
Trd, 258713.400, 140
Trd, 258713.550, 140
Trd, 258713.817, 140
Trd, 258713.917, 140
Trd, 258713.950, 139
Trd, 258714.000, 128
Trd, 258714.017, 127
Trd, 258714.233, 127
Trd, 258714.467, 129
Trd, 258714.933, 128
Trd, 258714.983, 130
Trd, 258715.083, 139
Trd, 258715.583, 139
Trd, 258715.783, 139
Trd, 258715.900, 137
Trd, 258715.950, 136
Trd, 258716.150, 136
Trd, 258716.650, 136
Trd, 258716.883, 116
Trd, 258716.950, 104
Trd, 258717.067, 135
Trd, 258717.150, 78
Trd, 258717.217, 138
Trd, 258717.350, 68
Trd, 258717.383, 140
Trd, 258717.667, 93
Trd, 258718.317, 104
Trd, 258718.500, 116
Trd, 258718.583, 103
Trd, 258718.900, 140
Trd, 258719.300, 140
Trd, 258719.400, 140
Trd, 258719.517, 140
Trd, 258719.633, 140
Trd, 258719.883, 140
Trd, 258720.767, 140
Trd, 258721.300, 140
Trd, 258721.550, 140
Trd, 258721.900, 140
Trd, 258722.000, 140
Trd, 258722.050, 140
Trd, 258722.250, 140
Trd, 258722.600, 140
Trd, 258722.650, 140
Trd, 258722.733, 140
Trd, 258722.783, 140
Trd, 258723.150, 140
Trd, 258723.217, 140
Trd, 258723.300, 140
Trd, 258723.333, 140
Trd, 258723.367, 140
Trd, 258723.550, 140
Trd, 258723.883, 140
Trd, 258724.467, 140
Trd, 258724.517, 140
Trd, 258724.550, 140
Trd, 258724.667, 140
Trd, 258724.733, 140
Trd, 258724.817, 139
Trd, 258725.083, 140
Trd, 258725.700, 140
Trd, 258725.750, 140
Trd, 258725.850, 138
Trd, 258725.950, 131
Trd, 258726.333, 140
Trd, 258726.367, 139
Trd, 258726.533, 140
Trd, 258726.883, 140
Trd, 258727.600, 140
Trd, 258727.633, 140
Trd, 258727.783, 140
Trd, 258727.833, 140
Trd, 258728.117, 140
Trd, 258728.183, 137
Trd, 258728.233, 132
Trd, 258728.567, 139
Trd, 258728.750, 133
Trd, 258729.200, 139
Trd, 258729.233, 139
Trd, 258729.300, 131
Trd, 258729.483, 140
Trd, 258729.733, 140
Trd, 258729.783, 132
Trd, 258730.217, 131
Trd, 258730.450, 140
Trd, 258730.733, 140
Trd, 258731.167, 140
Trd, 258731.333, 140
Trd, 258731.450, 140
Trd, 258731.817, 140
Trd, 258731.950, 140
Trd, 258731.967, 140
Trd, 258732.083, 140
Trd, 258732.267, 140
Trd, 258732.433, 140
Trd, 258732.467, 140
Trd, 258732.533, 140
Trd, 258732.550, 116
Trd, 258733.500, 140
Trd, 258733.617, 140
Trd, 258733.633, 140
Trd, 258733.700, 121
Trd, 258733.950, 139
Trd, 258734.267, 132
Trd, 258734.850, 137
Trd, 258734.867, 138
Trd, 258735.167, 118
Trd, 258735.217, 117
Trd, 258735.233, 116
Trd, 258735.450, 105
Trd, 258735.550, 104
Trd, 258735.817, 103
Trd, 258736.000, 136
Trd, 258736.300, 133
Trd, 258736.450, 135
Trd, 258736.517, 95
Trd, 258736.617, 120
Trd, 258736.650, 87
Trd, 258736.750, 135
Trd, 258736.933, 135
Trd, 258737.067, 135
Trd, 258737.267, 110
Trd, 258737.633, 126
Trd, 258737.800, 125
Trd, 258738.000, 118
Trd, 258738.633, 112
Trd, 258738.900, 132
Trd, 258739.217, 133
Trd, 258739.500, 119
Trd, 258739.833, 137
Trd, 258739.867, 137
Trd, 258740.100, 140
Trd, 258740.400, 139
Trd, 258740.833, 140
Trd, 258741.017, 139
Trd, 258741.150, 139
Trd, 258741.400, 140
Trd, 258742.317, 140
Trd, 258742.500, 140
Trd, 258742.783, 140
Trd, 258742.967, 140
Trd, 258743.050, 140
Trd, 258743.450, 140
Trd, 258744.050, 140
Trd, 258744.217, 140
Trd, 258744.333, 140
Trd, 258744.417, 140
Trd, 258744.533, 140
Trd, 258744.583, 140
Trd, 258744.817, 140
Trd, 258744.933, 140
Trd, 258745.200, 140
Trd, 258745.550, 124
Trd, 258745.667, 123
Trd, 258745.917, 120
Trd, 258746.133, 120
Trd, 258746.150, 119
Trd, 258746.200, 119
Trd, 258746.417, 118
Trd, 258746.500, 97
Trd, 258746.633, 96
Trd, 258746.717, 120
Trd, 258747.183, 114
Trd, 258747.583, 111
Trd, 258747.667, 112
Trd, 258747.917, 112
Trd, 258748.350, 112
Trd, 258748.567, 113
Trd, 258748.867, 114
Trd, 258749.117, 112
Trd, 258749.183, 115
Trd, 258749.433, 140
Trd, 258749.550, 112
Trd, 258750.650, 124
Trd, 258750.700, 125
Trd, 258751.000, 140
Trd, 258751.183, 136
Trd, 258751.217, 124
Trd, 258752.133, 140
Trd, 258752.167, 138
Trd, 258752.217, 140
Trd, 258752.233, 138
Trd, 258752.500, 140
Trd, 258752.783, 140
Trd, 258752.950, 140
Trd, 258753.233, 140
Trd, 258753.250, 140
Trd, 258753.367, 140
Trd, 258753.817, 140
Trd, 258753.867, 140
Trd, 258753.950, 140
Trd, 258754.467, 140
Trd, 258754.683, 140
Trd, 258754.733, 140
Trd, 258755.250, 140
Trd, 258755.500, 140
Trd, 258755.517, 139
Trd, 258755.583, 118
Trd, 258755.700, 120
Trd, 258755.950, 121
Trd, 258756.317, 140
Trd, 258756.650, 140
Trd, 258756.667, 140
Trd, 258756.817, 140
Trd, 258757.600, 140
Trd, 258757.883, 140
Trd, 258758.350, 140
Trd, 258758.517, 140
Trd, 258758.633, 140
Trd, 258759.050, 140
Trd, 258759.117, 140
Trd, 258759.783, 140
Trd, 258760.100, 140
Trd, 258760.117, 140
Trd, 258760.200, 139
Trd, 258760.550, 135
Trd, 258760.583, 134
Trd, 258760.667, 136
Trd, 258760.767, 134
Trd, 258761.250, 136
Trd, 258761.500, 137
Trd, 258761.617, 138
Trd, 258761.683, 137
Trd, 258761.700, 136
Trd, 258761.800, 136
Trd, 258762.000, 135
Trd, 258762.033, 130
Trd, 258762.283, 130
Trd, 258762.483, 76
Trd, 258762.717, 75
Trd, 258762.883, 130
Trd, 258763.167, 131
Trd, 258763.433, 133
Trd, 258763.467, 134
Trd, 258763.583, 97
Trd, 258763.650, 109
Trd, 258763.983, 84
Trd, 258764.000, 135
Trd, 258764.433, 138
Trd, 258764.450, 136
Trd, 258764.517, 84
Trd, 258765.433, 140
Trd, 258765.667, 140
Trd, 258765.817, 140
Trd, 258765.933, 140
Trd, 258766.100, 137
Trd, 258766.150, 104
Trd, 258766.433, 139
Trd, 258766.483, 140
Trd, 258767.050, 139
Trd, 258767.067, 116
Trd, 258767.317, 115
Trd, 258767.783, 135
Trd, 258767.817, 134
Trd, 258767.933, 136
Trd, 258768.033, 133
Trd, 258768.217, 134
Trd, 258768.717, 137
Trd, 258768.783, 136
Trd, 258768.900, 136
Trd, 258768.950, 135
Trd, 258769.050, 139
Trd, 258769.533, 137
Trd, 258769.600, 138
Trd, 258769.650, 140
Trd, 258769.683, 136
Trd, 258769.983, 137
Trd, 258770.233, 140
Trd, 258770.250, 140
Trd, 258770.333, 129
Trd, 258770.483, 124
Trd, 258770.550, 106
Trd, 258771.033, 66
Trd, 258771.867, 60
Trd, 258772.117, 60
Trd, 258772.150, 60
Trd, 258772.183, 60
Trd, 258772.383, 60
Trd, 258772.467, 60
Trd, 258772.583, 65
Trd, 258772.800, 70
Trd, 258772.817, 71
Trd, 258772.983, 82
Trd, 258773.400, 95
Trd, 258773.750, 74
Trd, 258773.817, 74
Trd, 258774.133, 75
Trd, 258774.467, 78
Trd, 258774.833, 96
Trd, 258774.883, 87
Trd, 258775.083, 99
Trd, 258775.333, 108
Trd, 258775.383, 109
Trd, 258775.567, 90
Trd, 258776.233, 131
Trd, 258776.617, 134
Trd, 258776.667, 133
Trd, 258777.000, 138
Trd, 258777.117, 140
Trd, 258777.700, 140
Trd, 258777.767, 140
Trd, 258777.900, 140
Trd, 258778.050, 140
Trd, 258778.083, 139
Trd, 258778.200, 139
Trd, 258778.350, 138
Trd, 258778.583, 138
Trd, 258778.983, 139
Trd, 258779.050, 138
Trd, 258779.367, 139
Trd, 258779.450, 140
Trd, 258779.500, 139
Trd, 258779.983, 137
Trd, 258780.067, 135
Trd, 258780.267, 137
Trd, 258780.367, 120
Trd, 258780.400, 119
Trd, 258780.817, 131
Trd, 258781.017, 134
Trd, 258781.067, 135
Trd, 258781.283, 127
Trd, 258782.350, 132
Trd, 258782.367, 131
Trd, 258782.383, 133
Trd, 258782.700, 140
Trd, 258782.850, 140
Trd, 258782.883, 130
Trd, 258783.117, 127
Trd, 258783.233, 140
Trd, 258783.517, 138
Trd, 258783.850, 128
Trd, 258784.000, 126
Trd, 258784.217, 138
Trd, 258784.367, 123
Trd, 258784.633, 109
Trd, 258784.667, 93
Trd, 258784.767, 70
Trd, 258784.800, 122
Trd, 258784.867, 123
Trd, 258784.933, 124
Trd, 258785.750, 140
Trd, 258786.117, 140
Trd, 258786.550, 140
Trd, 258786.700, 140
Trd, 258786.800, 140
Trd, 258786.950, 140
Trd, 258787.450, 140
Trd, 258787.983, 140
Trd, 258788.233, 140
Trd, 258788.300, 140
Trd, 258788.383, 138
Trd, 258788.550, 140
Trd, 258788.700, 140
Trd, 258788.800, 140
Trd, 258788.933, 140
Trd, 258789.167, 139
Trd, 258789.433, 140
Trd, 258789.550, 140
Trd, 258789.717, 140
Trd, 258790.100, 140
Trd, 258790.300, 140
Trd, 258790.333, 140
Trd, 258790.850, 140
Trd, 258790.967, 140
Trd, 258792.117, 140
Trd, 258792.150, 140
Trd, 258792.167, 140
Trd, 258792.200, 140
Trd, 258792.233, 140
Trd, 258792.250, 140
Trd, 258792.650, 140
Trd, 258792.667, 138
Trd, 258792.817, 136
Trd, 258792.900, 129
Trd, 258793.250, 140
Trd, 258793.283, 134
Trd, 258793.767, 140
Trd, 258794.017, 140
Trd, 258794.050, 128
Trd, 258794.117, 108
Trd, 258794.600, 96
Trd, 258794.733, 100
Trd, 258794.917, 116
Trd, 258795.417, 96
Trd, 258796.233, 120
Trd, 258796.267, 119
Trd, 258796.300, 118
Trd, 258796.433, 127
Trd, 258796.483, 129
Trd, 258796.933, 118
Trd, 258797.117, 123
Trd, 258797.133, 124
Trd, 258797.400, 121
Trd, 258797.667, 125
Trd, 258797.717, 121
Trd, 258797.800, 120
Trd, 258797.933, 119
Trd, 258798.233, 122
Trd, 258798.417, 121
Trd, 258798.750, 121
Trd, 258798.883, 121
Trd, 258798.950, 122
Trd, 258799.017, 120
Trd, 258799.217, 120
Trd, 258799.617, 106
Trd, 258799.867, 80
Trd, 258799.883, 122
Trd, 258800.033, 90
Trd, 258800.550, 126
Trd, 258800.717, 125
Trd, 258801.300, 125
Trd, 258801.600, 90
Trd, 258801.800, 91
Trd, 258801.817, 90
Trd, 258801.950, 118
Trd, 258802.233, 114
Trd, 258802.517, 114
Trd, 258802.783, 139
Trd, 258802.950, 140
Trd, 258803.083, 139
Trd, 258803.533, 140
Trd, 258804.217, 140
Trd, 258804.383, 140
Trd, 258804.683, 140
Trd, 258805.000, 140
Trd, 258805.267, 140
Trd, 258805.617, 140
Trd, 258805.850, 140
Trd, 258805.883, 140
Trd, 258806.300, 140
Trd, 258806.317, 140
Trd, 258806.700, 140
Trd, 258806.717, 140
Trd, 258807.083, 140
Trd, 258807.300, 140
Trd, 258807.550, 140
Trd, 258807.600, 140
Trd, 258807.650, 140
Trd, 258807.683, 140
Trd, 258807.817, 140
Trd, 258808.517, 139
Trd, 258808.567, 138
Trd, 258809.283, 140
Trd, 258809.600, 140
Trd, 258809.800, 140
Trd, 258809.850, 140
Trd, 258810.150, 140
Trd, 258810.167, 140
Trd, 258810.217, 136
Trd, 258810.783, 139
Trd, 258810.950, 138
Trd, 258811.067, 125
Trd, 258811.433, 132
Trd, 258811.467, 127
Trd, 258811.583, 136
Trd, 258811.817, 135
Trd, 258811.833, 126
Trd, 258811.900, 124
Trd, 258811.967, 131
Trd, 258812.100, 130
Trd, 258812.383, 132
Trd, 258812.483, 133
Trd, 258812.550, 126
Trd, 258812.567, 125
Trd, 258812.750, 124
Trd, 258812.817, 136
Trd, 258813.300, 140
Trd, 258813.867, 98
Trd, 258814.067, 91
Trd, 258814.083, 109
Trd, 258814.567, 92
Trd, 258814.700, 104
Trd, 258814.933, 139
Trd, 258815.050, 140
Trd, 258815.183, 140
Trd, 258815.217, 140
Trd, 258815.683, 140
Trd, 258815.900, 140
Trd, 258815.933, 140
Trd, 258816.017, 140
Trd, 258816.167, 140
Trd, 258816.567, 140
Trd, 258817.400, 140
Trd, 258817.567, 140
Trd, 258817.883, 140
Trd, 258818.050, 140
Trd, 258818.600, 140
Trd, 258818.850, 140
Trd, 258818.967, 140
Trd, 258819.100, 140
Trd, 258819.250, 140
Trd, 258819.433, 140
Trd, 258819.617, 138
Trd, 258819.800, 140
Trd, 258819.917, 140
Trd, 258819.933, 127
Trd, 258820.117, 140
Trd, 258820.183, 140
Trd, 258820.717, 129
Trd, 258821.183, 134
Trd, 258821.467, 138
Trd, 258821.500, 139
Trd, 258821.650, 139
Trd, 258821.733, 138
Trd, 258821.833, 138
Trd, 258822.083, 139
Trd, 258822.550, 140
Trd, 258822.600, 140
Trd, 258822.717, 133
Trd, 258823.267, 136
Trd, 258823.883, 137
Trd, 258823.983, 136
Trd, 258824.267, 139
Trd, 258824.383, 137
Trd, 258825.600, 140
Trd, 258825.917, 140
Trd, 258826.133, 140
Trd, 258826.300, 140
Trd, 258826.367, 140
Trd, 258826.383, 140
Trd, 258826.483, 140
Trd, 258826.600, 140
Trd, 258826.683, 140
Trd, 258826.717, 140
Trd, 258827.033, 140
Trd, 258827.050, 140
Trd, 258827.183, 139
Trd, 258827.250, 139
Trd, 258827.317, 138
Trd, 258827.567, 140
Trd, 258827.733, 137
Trd, 258828.367, 140
Trd, 258828.867, 140
Trd, 258828.917, 139
Trd, 258828.967, 138
Trd, 258829.117, 138
Trd, 258829.417, 140
Trd, 258829.483, 133
Trd, 258829.700, 137
Trd, 258830.167, 134
Trd, 258830.250, 138
Trd, 258830.550, 140
Trd, 258831.233, 140
Trd, 258831.700, 140
Trd, 258831.883, 140
Trd, 258832.000, 140
Trd, 258832.700, 140
Trd, 258832.717, 140
Trd, 258833.117, 140
Trd, 258833.183, 140
Trd, 258833.250, 140
Trd, 258833.450, 140
Trd, 258833.767, 140
Trd, 258833.783, 140
Trd, 258833.817, 140
Trd, 258833.833, 140
Trd, 258834.283, 140
Trd, 258834.483, 139
Trd, 258834.783, 140
Trd, 258834.867, 140
Trd, 258835.017, 138
Trd, 258835.200, 139
Trd, 258835.433, 138
Trd, 258836.000, 120
Trd, 258836.017, 119
Trd, 258836.083, 119
Trd, 258836.100, 135
Trd, 258836.167, 124
Trd, 258836.333, 119
Trd, 258836.350, 136
Trd, 258837.450, 130
Trd, 258837.700, 120
Trd, 258837.900, 121
Trd, 258837.917, 120
Trd, 258838.033, 121
Trd, 258838.050, 122
Trd, 258838.517, 125
Trd, 258838.567, 123
Trd, 258838.883, 127
Trd, 258839.150, 127
Trd, 258839.217, 126
Trd, 258840.183, 140
Trd, 258840.567, 140
Trd, 258840.617, 140
Trd, 258840.800, 140
Trd, 258840.900, 140
Trd, 258840.950, 140
Trd, 258841.000, 140
Trd, 258841.117, 140
Trd, 258841.250, 140
Trd, 258841.650, 140
Trd, 258842.200, 140
Trd, 258842.700, 140
Trd, 258843.617, 140
Trd, 258843.900, 140
Trd, 258843.917, 140
Trd, 258843.950, 140
Trd, 258843.967, 140
Trd, 258844.300, 139
Trd, 258844.433, 140
Trd, 258844.733, 140
Trd, 258844.883, 140
Trd, 258844.933, 139
Trd, 258845.050, 139
Trd, 258845.167, 140
Trd, 258845.567, 140
Trd, 258845.617, 140
Trd, 258846.133, 140
Trd, 258846.233, 140
Trd, 258846.667, 140
Trd, 258846.700, 140
Trd, 258846.800, 139
Trd, 258846.867, 139
Trd, 258847.450, 135
Trd, 258848.050, 136
Trd, 258848.133, 137
Trd, 258848.167, 138
Trd, 258848.317, 139
Trd, 258848.350, 126
Trd, 258848.367, 122
Trd, 258848.600, 140
Trd, 258848.733, 122
Trd, 258848.817, 138
Trd, 258849.183, 122
Trd, 258849.233, 121
Trd, 258849.250, 135
Trd, 258849.267, 120
Trd, 258849.350, 136
Trd, 258849.433, 86
Trd, 258849.483, 137
Trd, 258849.567, 139
Trd, 258850.033, 66
Trd, 258850.050, 67
Trd, 258850.183, 67
Trd, 258850.583, 99
Trd, 258851.200, 75
Trd, 258851.550, 84
Trd, 258851.633, 107
Trd, 258852.017, 140
Trd, 258852.067, 140
Trd, 258852.600, 140
Trd, 258852.667, 140
Trd, 258853.533, 140
Trd, 258854.350, 140
Trd, 258854.383, 140
Trd, 258854.400, 140
Trd, 258854.417, 140
Trd, 258854.433, 140
Trd, 258855.067, 140
Trd, 258855.450, 140
Trd, 258856.200, 140
Trd, 258856.333, 140
Trd, 258856.433, 140
Trd, 258856.517, 139
Trd, 258856.533, 139
Trd, 258857.017, 126
Trd, 258857.717, 130
Trd, 258857.750, 129
Trd, 258857.783, 129
Trd, 258857.967, 129
Trd, 258858.133, 132
Trd, 258858.200, 134
Trd, 258858.283, 129
Trd, 258858.517, 135
Trd, 258858.767, 131
Trd, 258859.000, 136
Trd, 258859.050, 131
Trd, 258859.183, 139
Trd, 258859.533, 140
Trd, 258859.750, 140
Trd, 258860.117, 140
Trd, 258860.150, 140
Trd, 258860.750, 140
Trd, 258860.933, 140
Trd, 258861.933, 140
Trd, 258861.983, 140
Trd, 258862.017, 140
Trd, 258862.050, 140
Trd, 258862.883, 140
Trd, 258863.000, 140
Trd, 258863.050, 140
Trd, 258863.083, 140
Trd, 258863.133, 140
Trd, 258863.200, 140
Trd, 258863.217, 140
Trd, 258863.317, 139
Trd, 258863.400, 139
Trd, 258863.417, 140
Trd, 258863.733, 130
Trd, 258864.017, 140
Trd, 258864.483, 140
Trd, 258864.517, 140
Trd, 258864.833, 140
Trd, 258865.050, 136
Trd, 258865.400, 140
Trd, 258865.433, 140
Trd, 258865.850, 138
Trd, 258866.000, 140
Trd, 258866.100, 130
Trd, 258866.600, 127
Trd, 258866.617, 130
Trd, 258866.717, 125
Trd, 258866.933, 108
Trd, 258867.300, 112
Trd, 258867.483, 120
Trd, 258867.583, 119
Trd, 258867.617, 118
Trd, 258867.700, 111
Trd, 258867.750, 110
Trd, 258867.767, 123
Trd, 258867.883, 109
Trd, 258868.333, 110
Trd, 258869.150, 140
Trd, 258869.817, 140
Trd, 258869.883, 140
Trd, 258869.933, 140
Trd, 258870.033, 140
Trd, 258870.050, 140
Trd, 258870.333, 140
Trd, 258870.400, 140
Trd, 258870.500, 140
Trd, 258870.633, 139
Trd, 258870.883, 136
Trd, 258871.600, 140
Trd, 258871.717, 140
Trd, 258871.733, 140
Trd, 258872.100, 140
Trd, 258872.233, 140
Trd, 258872.467, 140
Trd, 258872.600, 140
Trd, 258872.683, 140
Trd, 258872.700, 140
Trd, 258872.800, 140
Trd, 258873.067, 140
Trd, 258873.717, 140
Trd, 258874.333, 140
Trd, 258874.850, 140
Trd, 258874.867, 140
Trd, 258874.933, 140
Trd, 258875.250, 140
Trd, 258875.267, 140
Trd, 258875.333, 140
Trd, 258875.450, 138
Trd, 258875.667, 131
Trd, 258875.750, 119
Trd, 258875.933, 138
Trd, 258876.033, 138
Trd, 258876.267, 139
Trd, 258876.617, 140
Trd, 258876.983, 140
Trd, 258877.033, 140
Trd, 258877.083, 140
Trd, 258877.133, 140
Trd, 258877.400, 140
Trd, 258877.433, 140
Trd, 258877.533, 139
Trd, 258877.850, 140
Trd, 258878.133, 140
Trd, 258878.200, 139
Trd, 258878.583, 138
Trd, 258878.617, 140
Trd, 258878.667, 137
Trd, 258879.050, 134
Trd, 258879.433, 134
Trd, 258879.667, 138
Trd, 258880.483, 138
Trd, 258880.750, 138
Trd, 258880.783, 137
Trd, 258880.850, 137
Trd, 258881.133, 139
Trd, 258881.250, 137
Trd, 258881.283, 137
Trd, 258881.317, 137
Trd, 258881.350, 136
Trd, 258881.517, 133
Trd, 258881.717, 138
Trd, 258882.333, 139
Trd, 258882.417, 129
Trd, 258882.633, 128
Trd, 258882.883, 127
Trd, 258883.000, 128
Trd, 258883.133, 132
Trd, 258883.300, 106
Trd, 258883.583, 99
Trd, 258884.033, 140
Trd, 258884.283, 140
Trd, 258885.200, 140
Trd, 258885.383, 140
Trd, 258885.433, 140
Trd, 258885.567, 140
Trd, 258885.617, 140
Trd, 258885.650, 140
Trd, 258885.667, 139
Trd, 258885.867, 137
Trd, 258886.000, 137
Trd, 258886.133, 136
Trd, 258886.300, 137
Trd, 258886.317, 125
Trd, 258886.533, 119
Trd, 258887.033, 133
Trd, 258887.400, 139
Trd, 258887.733, 140
Trd, 258887.900, 140
Trd, 258888.350, 139
Trd, 258888.533, 119
Trd, 258888.683, 118
Trd, 258888.950, 140
Trd, 258889.100, 117
Trd, 258889.150, 100
Trd, 258889.433, 98
Trd, 258889.450, 97
Trd, 258889.967, 140
Trd, 258890.050, 140
Trd, 258890.133, 62
Trd, 258890.367, 139
Trd, 258890.700, 140
Trd, 258890.750, 140
Trd, 258891.217, 140
Trd, 258891.250, 140
Trd, 258891.367, 140
Trd, 258891.433, 140
Trd, 258891.650, 138
Trd, 258891.667, 135
Trd, 258891.817, 138
Trd, 258891.833, 128
Trd, 258891.883, 121
Trd, 258892.117, 102
Trd, 258892.967, 140
Trd, 258893.517, 140
Trd, 258893.550, 140
Trd, 258893.950, 140
Trd, 258894.017, 140
Trd, 258894.317, 140
Trd, 258894.500, 140
Trd, 258895.517, 140
Trd, 258895.550, 140
Trd, 258895.717, 140
Trd, 258896.067, 140
Trd, 258896.183, 140
Trd, 258896.233, 140
Trd, 258896.467, 140
Trd, 258896.583, 140
Trd, 258896.600, 140
Trd, 258896.650, 139
Trd, 258896.750, 138
Trd, 258897.233, 138
Trd, 258897.267, 116
Trd, 258897.367, 110
Trd, 258897.700, 98
Trd, 258897.917, 135
Trd, 258898.000, 137
Trd, 258898.117, 139
Trd, 258898.283, 104
Trd, 258898.733, 105
Trd, 258899.183, 106
Trd, 258899.333, 104
Trd, 258899.417, 137
Trd, 258899.450, 138
Trd, 258899.483, 104
Trd, 258899.500, 102
Trd, 258899.617, 140
Trd, 258900.033, 140
Trd, 258900.133, 130
Trd, 258900.417, 102
Trd, 258900.850, 101
Trd, 258900.867, 100
Trd, 258901.033, 100
Trd, 258901.800, 140
Trd, 258902.033, 140
Trd, 258902.783, 140
Trd, 258903.417, 140
Trd, 258903.633, 140
Trd, 258903.650, 140
Trd, 258904.033, 140
Trd, 258904.067, 140
Trd, 258904.133, 140
Trd, 258904.450, 140
Trd, 258904.467, 140
Trd, 258904.500, 140
Trd, 258904.633, 140
Trd, 258904.917, 140
Trd, 258905.050, 139
Trd, 258905.117, 139
Trd, 258905.150, 140
Trd, 258905.183, 138
Trd, 258905.283, 138
Trd, 258905.650, 135
Trd, 258905.750, 134
Trd, 258905.883, 133
Trd, 258906.150, 137
Trd, 258906.900, 140
Trd, 258907.350, 140
Trd, 258907.400, 140
Trd, 258908.000, 140
Trd, 258908.017, 140
Trd, 258908.300, 140
Trd, 258908.600, 140
Trd, 258908.683, 140
Trd, 258908.700, 140
Trd, 258908.717, 139
Trd, 258908.867, 139
Trd, 258908.950, 140
Trd, 258909.133, 140
Trd, 258909.350, 140
Trd, 258909.583, 140
Trd, 258909.700, 140
Trd, 258909.767, 140
Trd, 258909.783, 140
Trd, 258910.017, 140
Trd, 258910.317, 139
Trd, 258910.383, 131
Trd, 258911.017, 140
Trd, 258911.317, 140
Trd, 258911.333, 140
Trd, 258911.717, 138
Trd, 258911.800, 129
Trd, 258911.883, 129
Trd, 258911.917, 127
Trd, 258912.650, 108
Trd, 258912.767, 131
Trd, 258912.967, 137
Trd, 258913.133, 140
Trd, 258913.517, 140
Trd, 258913.633, 139
Trd, 258913.650, 139
Trd, 258913.717, 140
Trd, 258913.900, 137
Trd, 258914.133, 124
Trd, 258914.367, 138
Trd, 258914.433, 124
Trd, 258914.883, 133
Trd, 258915.000, 133
Trd, 258915.117, 130
Trd, 258915.150, 93
Trd, 258915.383, 131
Trd, 258915.400, 133
Trd, 258916.350, 98
Trd, 258916.400, 128
Trd, 258916.450, 122
Trd, 258916.500, 121
Trd, 258916.517, 97
Trd, 258916.533, 131
Trd, 258916.650, 129
Trd, 258916.733, 94
Trd, 258917.117, 110
Trd, 258917.600, 119
Trd, 258917.633, 121
Trd, 258917.817, 130
Trd, 258918.350, 140
Trd, 258919.117, 140
Trd, 258919.150, 140
Trd, 258919.400, 140
Trd, 258919.750, 140
Trd, 258919.850, 140
Trd, 258919.883, 140
Trd, 258920.183, 140
Trd, 258920.583, 140
Trd, 258920.950, 140
Trd, 258920.983, 140
Trd, 258921.050, 140
Trd, 258921.067, 140
Trd, 258921.283, 140
Trd, 258921.600, 137
Trd, 258921.867, 137
Trd, 258921.933, 138
Trd, 258922.017, 139
Trd, 258922.050, 138
Trd, 258922.433, 137
Trd, 258923.033, 139
Trd, 258923.100, 139
Trd, 258923.167, 139
Trd, 258923.400, 140
Trd, 258923.650, 140
Trd, 258923.850, 138
Trd, 258924.867, 140
Trd, 258925.133, 140
Trd, 258925.217, 140
Trd, 258925.883, 140
Trd, 258927.033, 140
Trd, 258927.067, 140
Trd, 258927.167, 140
Trd, 258927.283, 140
Trd, 258927.300, 140
Trd, 258927.483, 140
Trd, 258927.500, 140
Trd, 258927.517, 140
Trd, 258927.550, 140
Trd, 258927.917, 140
Trd, 258928.500, 140
Trd, 258928.750, 140
Trd, 258928.767, 140
Trd, 258929.017, 140
Trd, 258929.033, 140
Trd, 258929.050, 140
Trd, 258929.100, 140
Trd, 258929.350, 139
Trd, 258929.683, 121
Trd, 258929.867, 136
Trd, 258930.100, 140
Trd, 258930.400, 140
Trd, 258930.667, 140
Trd, 258930.833, 140
Trd, 258931.033, 140
Trd, 258931.233, 140
Trd, 258931.533, 140
Trd, 258931.550, 140
Trd, 258931.883, 140
Trd, 258931.983, 140
Trd, 258932.567, 140
Trd, 258932.700, 140
Trd, 258932.767, 140
Trd, 258933.033, 140
Trd, 258933.500, 140
Trd, 258933.550, 140
Trd, 258933.667, 140
Trd, 258933.683, 140
Trd, 258934.033, 140
Trd, 258934.133, 140
Trd, 258934.433, 140
Trd, 258934.867, 140
Trd, 258935.117, 139
Trd, 258935.250, 140
Trd, 258935.333, 131
Trd, 258935.433, 140
Trd, 258935.717, 105
Trd, 258935.850, 124
Trd, 258935.883, 86
Trd, 258936.050, 85
Trd, 258936.200, 78
Trd, 258936.400, 97
Trd, 258936.533, 96
Trd, 258936.550, 95
Trd, 258936.933, 140
Trd, 258937.250, 140
Trd, 258937.500, 140
Trd, 258937.517, 140
Trd, 258938.050, 140
Trd, 258938.117, 140
Trd, 258938.533, 140
Trd, 258938.667, 140
Trd, 258938.717, 140
Trd, 258939.017, 140
Trd, 258939.217, 140
Trd, 258939.700, 140
Trd, 258939.850, 140
Trd, 258940.067, 140
Trd, 258940.083, 140
Trd, 258940.267, 140
Trd, 258940.350, 140
Trd, 258940.983, 140
Trd, 258941.267, 140
Trd, 258941.433, 140
Trd, 258941.700, 140
Trd, 258941.783, 140
Trd, 258941.900, 139
Trd, 258942.117, 139
Trd, 258942.333, 140
Trd, 258942.733, 140
Trd, 258943.567, 140
Trd, 258943.700, 140
Trd, 258944.300, 140
Trd, 258944.317, 140
Trd, 258944.467, 140
Trd, 258944.567, 140
Trd, 258944.650, 140
Trd, 258944.683, 140
Trd, 258944.733, 140
Trd, 258944.800, 139
Trd, 258944.950, 131
Trd, 258945.033, 121
Trd, 258945.067, 121
Trd, 258945.183, 122
Trd, 258946.200, 126
Trd, 258946.250, 125
Trd, 258946.333, 125
Trd, 258946.350, 124
Trd, 258946.500, 129
Trd, 258947.033, 127
Trd, 258947.400, 137
Trd, 258948.250, 135
Trd, 258948.350, 138
Trd, 258948.500, 138
Trd, 258948.650, 137
Trd, 258948.900, 134
Trd, 258948.917, 133
Trd, 258949.067, 132
Trd, 258949.117, 129
Trd, 258949.350, 129
Trd, 258949.500, 68
Trd, 258949.750, 112
Trd, 258949.983, 110
Trd, 258950.267, 128
Trd, 258950.450, 133
Trd, 258950.600, 76
Trd, 258950.683, 135
Trd, 258950.967, 74
Trd, 258951.667, 140
Trd, 258951.950, 136
Trd, 258952.000, 90
Trd, 258952.017, 89
Trd, 258952.100, 68
Trd, 258952.167, 136
Trd, 258952.750, 60
Trd, 258952.800, 65
Trd, 258953.333, 62
Trd, 258953.750, 62
Trd, 258953.850, 62
Trd, 258953.967, 63
Trd, 258954.050, 65
Trd, 258954.067, 65
Trd, 258954.300, 69
Trd, 258954.367, 116
Trd, 258954.867, 78
Trd, 258954.883, 77
Trd, 258955.483, 85
Trd, 258955.800, 86
Trd, 258955.900, 94
Trd, 258956.167, 89
Trd, 258956.217, 103
Trd, 258956.267, 89
Trd, 258956.283, 88
Trd, 258956.483, 139
Trd, 258957.417, 140
Trd, 258957.500, 140
Trd, 258957.583, 140
Trd, 258958.383, 140
Trd, 258958.533, 140
Trd, 258958.717, 140
Trd, 258958.750, 140
Trd, 258958.983, 140
Trd, 258959.533, 140
Trd, 258959.583, 140
Trd, 258959.767, 140
Trd, 258959.850, 140
Trd, 258960.033, 140
Trd, 258961.033, 140
Trd, 258961.050, 140
Trd, 258961.067, 140
Trd, 258961.533, 140
Trd, 258961.683, 140
Trd, 258961.783, 140
Trd, 258961.917, 140
Trd, 258961.950, 140
Trd, 258962.200, 140
Trd, 258962.333, 140
Trd, 258962.417, 139
Trd, 258962.500, 140
Trd, 258962.933, 140
Trd, 258963.083, 140
Trd, 258963.317, 140
Trd, 258963.367, 140
Trd, 258963.383, 140
Trd, 258963.533, 139
Trd, 258963.633, 116
Trd, 258964.100, 117
Trd, 258964.367, 140
Trd, 258964.583, 140
Trd, 258964.867, 140
Trd, 258965.033, 140
Trd, 258965.050, 138
Trd, 258965.283, 128
Trd, 258965.967, 140
Trd, 258966.700, 140
Trd, 258966.733, 140
Trd, 258966.950, 140
Trd, 258967.750, 140
Trd, 258967.950, 140
Trd, 258968.033, 140
Trd, 258968.067, 140
Trd, 258968.300, 140
Trd, 258968.517, 140
Trd, 258968.717, 140
Trd, 258969.333, 140
Trd, 258969.367, 140
Trd, 258969.500, 140
Trd, 258969.567, 140
Trd, 258969.683, 140
Trd, 258969.817, 140
Trd, 258969.883, 140
Trd, 258970.083, 140
Trd, 258970.333, 140
Trd, 258970.433, 139
Trd, 258971.017, 136
Trd, 258971.133, 137
Trd, 258971.150, 136
Trd, 258971.300, 137
Trd, 258971.450, 137
Trd, 258971.517, 136
Trd, 258971.933, 137
Trd, 258972.233, 133
Trd, 258972.383, 138
Trd, 258972.767, 140
Trd, 258972.933, 140
Trd, 258972.950, 136
Trd, 258973.083, 133
Trd, 258973.200, 133
Trd, 258973.233, 138
Trd, 258973.300, 133
Trd, 258973.833, 135
Trd, 258974.050, 135
Trd, 258974.433, 136
Trd, 258974.450, 134
Trd, 258974.967, 137
Trd, 258975.167, 139
Trd, 258975.300, 138
Trd, 258975.450, 137
Trd, 258975.517, 136
Trd, 258975.567, 134
Trd, 258975.600, 119
Trd, 258975.867, 140
Trd, 258975.883, 140
Trd, 258976.050, 139
Trd, 258976.083, 109
Trd, 258976.400, 140
Trd, 258976.767, 140
Trd, 258977.083, 137
Trd, 258977.867, 140
Trd, 258978.000, 140
Trd, 258978.100, 133
Trd, 258979.000, 140
Trd, 258979.150, 140
Trd, 258979.200, 140
Trd, 258979.383, 140
Trd, 258979.517, 140
Trd, 258979.750, 140
Trd, 258979.850, 140
Trd, 258980.033, 140
Trd, 258980.050, 139
Trd, 258980.417, 137
Trd, 258980.483, 133
Trd, 258980.800, 139
Trd, 258980.883, 137
Trd, 258980.917, 133
Trd, 258981.083, 132
Trd, 258981.267, 140
Trd, 258982.083, 136
Trd, 258982.517, 140
Trd, 258982.617, 140
Trd, 258983.000, 140
Trd, 258983.650, 140
Trd, 258983.767, 140
Trd, 258983.817, 138
Trd, 258983.983, 139
Trd, 258984.067, 136
Trd, 258984.100, 135
Trd, 258984.500, 140
Trd, 258984.650, 139
Trd, 258984.750, 139
Trd, 258984.800, 119
Trd, 258984.883, 137
Trd, 258984.967, 119
Trd, 258985.150, 97
Trd, 258985.267, 128
Trd, 258985.417, 138
Trd, 258985.600, 139
Trd, 258985.817, 127
Trd, 258986.700, 140
Trd, 258987.633, 140
Trd, 258987.850, 140
Trd, 258988.050, 140
Trd, 258988.083, 140
Trd, 258988.283, 140
Trd, 258988.350, 140
Trd, 258988.383, 140
Trd, 258988.400, 140
Trd, 258988.450, 140
Trd, 258988.533, 140
Trd, 258988.700, 140
Trd, 258989.133, 140
Trd, 258989.217, 140
Trd, 258989.317, 140
Trd, 258989.400, 140
Trd, 258989.433, 140
Trd, 258989.633, 140
Trd, 258989.867, 140
Trd, 258990.067, 140
Trd, 258990.117, 127
Trd, 258990.317, 110
Trd, 258990.333, 108
Trd, 258990.950, 102
Trd, 258991.367, 109
Trd, 258991.433, 120
Trd, 258991.717, 88
Trd, 258991.833, 87
Trd, 258992.217, 69
Trd, 258992.233, 70
Trd, 258992.533, 121
Trd, 258992.667, 121
Trd, 258992.717, 122
Trd, 258992.900, 131
Trd, 258993.000, 138
Trd, 258993.300, 72
Trd, 258993.317, 85
Trd, 258993.467, 72
Trd, 258993.867, 70
Trd, 258994.033, 140
Trd, 258994.400, 140
Trd, 258994.733, 140
Trd, 258995.067, 140
Trd, 258995.283, 140
Trd, 258995.450, 140
Trd, 258996.117, 140
Trd, 258996.400, 140
Trd, 258996.433, 140
Trd, 258996.650, 140
Trd, 258996.717, 140
Trd, 258996.833, 140
Trd, 258996.850, 140
Trd, 258996.917, 140
Trd, 258997.050, 140
Trd, 258997.133, 135
Trd, 258997.317, 133
Trd, 258997.867, 140
Trd, 258998.033, 140
Trd, 258998.283, 140
Trd, 258998.400, 140
Trd, 258998.417, 140
Trd, 258998.733, 140
Trd, 258998.767, 139
Trd, 258999.550, 138
Trd, 258999.683, 137
Trd, 258999.850, 137
Trd, 259000.000, 137
Trd, 259000.050, 137
Trd, 259000.067, 136
Trd, 259000.533, 137
Trd, 259000.567, 136
Trd, 259000.983, 140
Trd, 259001.883, 140
Trd, 259002.033, 140
Trd, 259002.317, 140
Trd, 259002.550, 140
Trd, 259002.600, 140
Trd, 259002.667, 140
Trd, 259002.750, 140
Trd, 259002.850, 140
Trd, 259002.967, 140
Trd, 259003.100, 140
Trd, 259003.717, 139
Trd, 259003.783, 140
Trd, 259003.950, 136
Trd, 259004.267, 130
Trd, 259004.833, 139
Trd, 259005.133, 132
Trd, 259005.283, 134
Trd, 259005.600, 140
Trd, 259005.800, 140
Trd, 259005.967, 140
Trd, 259006.233, 140
Trd, 259006.517, 140
Trd, 259006.717, 140
Trd, 259006.733, 140
Trd, 259006.833, 140
Trd, 259006.967, 140
Trd, 259007.933, 140
Trd, 259008.017, 140
Trd, 259008.083, 140
Trd, 259008.183, 140
Trd, 259008.517, 140
Trd, 259008.717, 137
Trd, 259008.833, 139
Trd, 259009.033, 140
Trd, 259009.050, 140
Trd, 259009.333, 140
Trd, 259009.750, 138
Trd, 259009.800, 130
Trd, 259009.950, 131
Trd, 259010.317, 130
Trd, 259010.617, 137
Trd, 259010.867, 104
Trd, 259011.050, 132
Trd, 259011.083, 108
Trd, 259011.250, 134
Trd, 259011.267, 110
Trd, 259011.617, 108
Trd, 259011.683, 130
Trd, 259011.750, 131
Trd, 259012.000, 107
Trd, 259012.133, 65
Trd, 259012.517, 62
Trd, 259013.367, 60
Trd, 259014.067, 60
Trd, 259014.100, 60
Trd, 259014.117, 60
Trd, 259014.133, 60
Trd, 259014.183, 60
Trd, 259014.217, 60
Trd, 259014.233, 61
Trd, 259014.383, 91
Trd, 259014.400, 63
Trd, 259014.583, 126
Trd, 259014.683, 129
Trd, 259014.867, 120
Trd, 259015.117, 74
Trd, 259015.267, 95
Trd, 259015.300, 96
Trd, 259015.350, 98
Trd, 259015.683, 130
Trd, 259015.700, 114
Trd, 259015.883, 72
Trd, 259016.100, 140
Trd, 259016.700, 130
Trd, 259016.800, 129
Trd, 259016.883, 128
Trd, 259017.833, 140
Trd, 259018.217, 140
Trd, 259018.867, 140
Trd, 259019.167, 140
Trd, 259019.217, 140
Trd, 259019.283, 140
Trd, 259019.417, 140
Trd, 259019.517, 140
Trd, 259020.200, 140
Trd, 259020.250, 140
Trd, 259020.500, 140
Trd, 259020.600, 140
Trd, 259020.767, 140
Trd, 259021.200, 140
Trd, 259021.383, 140
Trd, 259021.483, 140
Trd, 259021.817, 140
Trd, 259021.850, 140
Trd, 259021.967, 140
Trd, 259022.267, 140
Trd, 259022.417, 140
Trd, 259022.517, 140
Trd, 259022.833, 140
Trd, 259023.883, 140
Trd, 259024.017, 140
Trd, 259024.267, 140
Trd, 259024.283, 140
Trd, 259024.633, 140
Trd, 259024.733, 140
Trd, 259025.083, 140
Trd, 259025.233, 140
Trd, 259025.267, 140
Trd, 259025.433, 140
Trd, 259026.000, 140
Trd, 259026.217, 140
Trd, 259026.250, 140
Trd, 259026.350, 140
Trd, 259026.450, 140
Trd, 259026.517, 139
Trd, 259026.583, 140
Trd, 259026.633, 139
Trd, 259026.900, 139
Trd, 259027.067, 140
Trd, 259027.117, 136
Trd, 259027.800, 125
Trd, 259028.233, 137
Trd, 259028.467, 139
Trd, 259028.667, 126
Trd, 259028.783, 138
Trd, 259029.117, 123
Trd, 259029.317, 124
Trd, 259029.383, 123
Trd, 259029.467, 122
Trd, 259029.533, 134
Trd, 259029.600, 135
Trd, 259029.650, 116
Trd, 259029.717, 115
Trd, 259029.917, 62
Trd, 259030.117, 62
Trd, 259030.783, 75
Trd, 259031.067, 77
Trd, 259031.083, 90
Trd, 259031.150, 91
Trd, 259031.200, 76
Trd, 259031.483, 77
Trd, 259031.517, 122
Trd, 259031.583, 70
Trd, 259031.633, 132
Trd, 259031.750, 67
Trd, 259031.900, 132
Trd, 259032.050, 93
Trd, 259032.333, 108
Trd, 259032.567, 140
Trd, 259032.867, 140
Trd, 259033.650, 140
Trd, 259033.833, 140
Trd, 259033.983, 140
Trd, 259034.083, 140
Trd, 259034.233, 140
Trd, 259035.083, 140
Trd, 259035.100, 140
Trd, 259035.300, 140
Trd, 259035.317, 140
Trd, 259035.367, 139
Trd, 259035.600, 139
Trd, 259036.217, 140
Trd, 259036.250, 140
Trd, 259036.533, 140
Trd, 259036.783, 140
Trd, 259037.133, 140
Trd, 259037.250, 140
Trd, 259037.383, 140
Trd, 259037.633, 140
Trd, 259038.233, 140
Trd, 259038.433, 140
Trd, 259038.533, 140
Trd, 259038.550, 140
Trd, 259038.733, 140
Trd, 259039.000, 140
Trd, 259039.067, 140
Trd, 259039.617, 140
Trd, 259040.067, 140
Trd, 259040.150, 140
Trd, 259041.133, 140
Trd, 259041.650, 140
Trd, 259042.000, 140
Trd, 259042.067, 140
Trd, 259042.083, 136
Trd, 259042.800, 138
Trd, 259042.950, 136
Trd, 259042.983, 135
Trd, 259043.167, 134
Trd, 259044.000, 140
Trd, 259044.033, 140
Trd, 259044.067, 140
Trd, 259044.167, 139
Trd, 259044.250, 139
Trd, 259044.433, 137
Trd, 259044.533, 134
Trd, 259044.783, 113
Trd, 259044.850, 110
Trd, 259045.217, 130
Trd, 259045.400, 111
Trd, 259045.533, 110
Trd, 259045.717, 134
Trd, 259045.750, 135
Trd, 259045.917, 128
Trd, 259046.467, 134
Trd, 259046.533, 128
Trd, 259046.567, 135
Trd, 259046.750, 130
Trd, 259046.800, 129
Trd, 259047.133, 128
Trd, 259047.500, 128
Trd, 259047.800, 130
Trd, 259047.817, 115
Trd, 259048.100, 129
Trd, 259048.267, 129
Trd, 259048.433, 129
Trd, 259048.583, 128
Trd, 259048.700, 127
Trd, 259048.833, 129
Trd, 259048.900, 118
Trd, 259049.017, 130
Trd, 259049.183, 131
Trd, 259049.383, 115
Trd, 259050.167, 140
Trd, 259050.417, 140
Trd, 259050.467, 140
Trd, 259051.167, 140
Trd, 259051.850, 140
Trd, 259051.983, 140
Trd, 259052.500, 140
Trd, 259052.983, 140
Trd, 259053.017, 140
Trd, 259053.117, 140
Trd, 259053.333, 140
Trd, 259053.467, 140
Trd, 259053.483, 140
Trd, 259053.500, 140
Trd, 259053.700, 140
Trd, 259053.717, 138
Trd, 259053.933, 139
Trd, 259053.950, 140
Trd, 259054.100, 139
Trd, 259054.300, 140
Trd, 259054.550, 140
Trd, 259054.583, 140
Trd, 259054.600, 140
Trd, 259054.717, 140
Trd, 259055.117, 140
Trd, 259055.150, 140
Trd, 259055.317, 139
Trd, 259055.450, 140
Trd, 259055.967, 112
Trd, 259056.150, 109
Trd, 259056.183, 112
Trd, 259056.217, 101
Trd, 259056.333, 95
Trd, 259056.417, 113
Trd, 259057.067, 104
Trd, 259057.133, 132
Trd, 259057.383, 134
Trd, 259057.733, 125
Trd, 259057.767, 124
Trd, 259057.883, 86
Trd, 259058.183, 89
Trd, 259058.200, 84
Trd, 259058.733, 73
Trd, 259059.000, 140
Trd, 259059.183, 140
Trd, 259059.933, 140
Trd, 259059.950, 140
Trd, 259060.433, 140
Trd, 259060.600, 140
Trd, 259060.750, 140
Trd, 259061.100, 140
Trd, 259061.217, 140
Trd, 259061.283, 140
Trd, 259061.433, 140
Trd, 259061.483, 139
Trd, 259061.567, 140
Trd, 259061.700, 140
Trd, 259061.750, 139
Trd, 259061.817, 140
Trd, 259061.983, 138
Trd, 259062.333, 140
Trd, 259062.817, 140
Trd, 259062.967, 140
Trd, 259063.100, 140
Trd, 259063.367, 140
Trd, 259063.500, 140
Trd, 259063.867, 138
Trd, 259063.917, 139
Trd, 259064.567, 137
Trd, 259064.617, 134
Trd, 259064.717, 133
Trd, 259065.083, 138
Trd, 259065.200, 138
Trd, 259065.233, 133
Trd, 259065.267, 132
Trd, 259065.350, 131
Trd, 259065.500, 129
Trd, 259065.617, 120
Trd, 259065.683, 119
Trd, 259066.300, 140
Trd, 259066.317, 109
Trd, 259066.350, 76
Trd, 259066.467, 76
Trd, 259066.550, 133
Trd, 259067.283, 140
Trd, 259067.417, 139
Trd, 259067.700, 140
Trd, 259068.817, 140
Trd, 259069.150, 140
Trd, 259069.183, 140
Trd, 259069.283, 140
Trd, 259069.350, 140
Trd, 259069.833, 140
Trd, 259070.150, 140
Trd, 259070.183, 140
Trd, 259070.333, 140
Trd, 259070.367, 140
Trd, 259070.567, 140
Trd, 259070.583, 139
Trd, 259070.967, 138
Trd, 259071.150, 139
Trd, 259071.283, 138
Trd, 259071.300, 137
Trd, 259071.500, 140
Trd, 259072.183, 140
Trd, 259072.267, 140
Trd, 259072.883, 140
Trd, 259073.133, 140
Trd, 259073.650, 140
Trd, 259073.833, 139
Trd, 259073.983, 140
Trd, 259074.033, 139
Trd, 259074.317, 139
Trd, 259074.517, 140
Trd, 259074.850, 140
Trd, 259075.000, 140
Trd, 259075.633, 140
Trd, 259076.150, 140
Trd, 259076.167, 140
Trd, 259076.200, 140
Trd, 259076.417, 140
Trd, 259076.967, 140
Trd, 259077.067, 140
Trd, 259077.533, 140
Trd, 259077.650, 140
Trd, 259077.950, 140
Trd, 259078.000, 140
Trd, 259078.167, 140
Trd, 259078.250, 140
Trd, 259078.400, 140
Trd, 259078.717, 140
Trd, 259078.783, 140
Trd, 259079.150, 140
Trd, 259079.700, 140
Trd, 259079.733, 140
Trd, 259079.883, 140
Trd, 259080.750, 140
Trd, 259081.217, 140
Trd, 259081.333, 140
Trd, 259081.517, 140
Trd, 259081.633, 140
Trd, 259081.650, 140
Trd, 259081.733, 140
Trd, 259081.800, 140
Trd, 259082.000, 139
Trd, 259082.167, 137
Trd, 259082.533, 138
Trd, 259083.000, 138
Trd, 259083.233, 137
Trd, 259083.450, 140
Trd, 259084.167, 140
Trd, 259084.267, 140
Trd, 259084.317, 140
Trd, 259084.700, 140
Trd, 259085.100, 140
Trd, 259085.417, 140
Trd, 259085.483, 140
Trd, 259085.767, 140
Trd, 259085.800, 140
Trd, 259086.167, 140
Trd, 259086.750, 140
Trd, 259086.850, 140
Trd, 259087.133, 140
Trd, 259087.283, 140
Trd, 259087.617, 140
Trd, 259087.733, 140
Trd, 259087.867, 140
Trd, 259088.067, 140
Trd, 259088.267, 140
Trd, 259088.567, 139
Trd, 259088.600, 140
Trd, 259088.767, 139
Trd, 259088.850, 138
Trd, 259088.867, 137
Trd, 259088.917, 136
Trd, 259089.000, 133
Trd, 259089.150, 130
Trd, 259089.467, 138
Trd, 259089.567, 127
Trd, 259089.883, 133
Trd, 259090.033, 131
Trd, 259090.350, 127
Trd, 259090.433, 123
Trd, 259090.517, 134
Trd, 259091.033, 134
Trd, 259091.133, 126
Trd, 259091.267, 131
Trd, 259091.300, 133
Trd, 259091.333, 122
Trd, 259091.467, 120
Trd, 259091.533, 133
Trd, 259092.967, 140
Trd, 259093.183, 140
Trd, 259093.217, 140
Trd, 259093.233, 140
Trd, 259093.517, 140
Trd, 259093.833, 140
Trd, 259094.017, 140
Trd, 259094.283, 140
Trd, 259094.350, 140
Trd, 259094.400, 140
Trd, 259095.083, 140
Trd, 259095.533, 140
Trd, 259095.600, 140
Trd, 259095.633, 140
Trd, 259095.667, 140
Trd, 259095.700, 140
Trd, 259095.783, 140
Trd, 259095.850, 140
Trd, 259096.133, 139
Trd, 259096.633, 140
Trd, 259096.850, 135
Trd, 259096.917, 137
Trd, 259097.483, 137
Trd, 259097.600, 137
Trd, 259097.800, 137
Trd, 259097.833, 136
Trd, 259097.933, 135
Trd, 259098.233, 132
Trd, 259098.300, 131
Trd, 259098.383, 132
Trd, 259098.550, 136
Trd, 259098.783, 132
Trd, 259099.333, 136
Trd, 259099.567, 140
Trd, 259099.717, 140
Trd, 259099.850, 140
Trd, 259100.483, 140
Trd, 259100.533, 140
Trd, 259100.617, 139
Trd, 259100.650, 139
Trd, 259100.683, 136
Trd, 259101.117, 139
Trd, 259101.133, 138
Trd, 259101.783, 139
Trd, 259102.167, 140
Trd, 259102.517, 140
Trd, 259103.433, 140
Trd, 259103.650, 140
Trd, 259103.817, 140
Trd, 259103.950, 140
Trd, 259104.333, 140
Trd, 259104.367, 140
Trd, 259104.467, 140
Trd, 259104.483, 140
Trd, 259104.583, 140
Trd, 259104.850, 140
Trd, 259105.050, 140
Trd, 259105.067, 140
Trd, 259105.133, 133
Trd, 259105.300, 137
Trd, 259105.767, 134
Trd, 259105.833, 135
Trd, 259105.850, 134
Trd, 259106.267, 140
Trd, 259106.333, 136
Trd, 259106.550, 140
Trd, 259106.700, 139
Trd, 259106.900, 140
Trd, 259106.933, 140
Trd, 259107.000, 140
Trd, 259107.317, 140
Trd, 259107.400, 140
Trd, 259107.800, 140
Trd, 259108.167, 140
Trd, 259108.467, 140
Trd, 259109.450, 140
Trd, 259109.783, 140
Trd, 259109.900, 140
Trd, 259109.967, 140
Trd, 259110.400, 140
Trd, 259110.483, 140
Trd, 259110.617, 139
Trd, 259110.633, 139
Trd, 259110.717, 139
Trd, 259110.817, 138
Trd, 259111.267, 138
Trd, 259111.367, 136
Trd, 259111.500, 111
Trd, 259111.633, 138
Trd, 259111.800, 137
Trd, 259111.867, 136
Trd, 259112.117, 140
Trd, 259112.433, 135
Trd, 259112.750, 140
Trd, 259113.200, 140
Trd, 259113.667, 140
Trd, 259113.883, 140
Trd, 259114.000, 140
Trd, 259114.117, 140
Trd, 259114.767, 140
Trd, 259114.817, 140
Trd, 259115.017, 140
Trd, 259115.067, 140
Trd, 259115.100, 140
Trd, 259115.133, 140
Trd, 259115.550, 140
Trd, 259115.733, 140
Trd, 259115.850, 139
Trd, 259116.350, 140
Trd, 259116.433, 140
Trd, 259116.533, 140
Trd, 259116.667, 140
Trd, 259117.050, 140
Trd, 259117.267, 140
Trd, 259117.700, 140
Trd, 259117.800, 140
Trd, 259118.017, 140
Trd, 259118.083, 140
Trd, 259118.550, 140
Trd, 259118.750, 140
Trd, 259118.767, 139
Trd, 259118.867, 138
Trd, 259119.133, 137
Trd, 259119.333, 138
Trd, 259119.517, 139
Trd, 259119.900, 135
Trd, 259120.117, 134
Trd, 259120.267, 130
Trd, 259120.317, 119
Trd, 259120.850, 129
Trd, 259120.883, 116
Trd, 259120.967, 128
Trd, 259121.517, 111
Trd, 259121.900, 126
Trd, 259122.217, 116
Trd, 259122.333, 115
Trd, 259122.417, 114
Trd, 259122.633, 113
Trd, 259122.817, 124
Trd, 259122.933, 125
Trd, 259123.083, 134
Trd, 259123.833, 140
Trd, 259123.917, 140
Trd, 259124.533, 139
Trd, 259124.633, 140
Trd, 259124.917, 140
Trd, 259125.117, 139
Trd, 259125.350, 139
Trd, 259125.483, 140
Trd, 259125.517, 138
Trd, 259125.550, 137
Trd, 259125.650, 117
Trd, 259125.983, 140
Trd, 259126.950, 140
Trd, 259127.067, 140
Trd, 259127.367, 140
Trd, 259127.867, 140
Trd, 259128.033, 140
Trd, 259128.133, 140
Trd, 259128.217, 140
Trd, 259128.967, 140
Trd, 259129.367, 140
Trd, 259129.550, 140
Trd, 259129.767, 140
Trd, 259129.817, 140
Trd, 259129.917, 140
Trd, 259129.933, 140
Trd, 259130.250, 140
Trd, 259130.733, 140
Trd, 259130.800, 140
Trd, 259130.867, 140
Trd, 259130.883, 140
Trd, 259131.383, 140
Trd, 259131.717, 140
Trd, 259131.817, 140
Trd, 259131.867, 139
Trd, 259132.133, 139
Trd, 259132.417, 139
Trd, 259132.767, 140
Trd, 259132.833, 140
Trd, 259132.867, 140
Trd, 259133.283, 140
Trd, 259133.650, 140
Trd, 259133.900, 140
Trd, 259133.933, 140
Trd, 259134.067, 140
Trd, 259134.150, 139
Trd, 259134.433, 140
Trd, 259134.500, 140
Trd, 259134.617, 140
Trd, 259134.750, 139
Trd, 259135.183, 140
Trd, 259135.200, 139
Trd, 259135.300, 138
Trd, 259135.383, 138
Trd, 259135.467, 139
Trd, 259135.517, 131
Trd, 259135.983, 133
Trd, 259136.517, 138
Trd, 259137.033, 140
Trd, 259137.083, 139
Trd, 259137.383, 138
Trd, 259137.750, 136
Trd, 259137.767, 128
Trd, 259137.817, 138
Trd, 259137.867, 105
Trd, 259138.167, 124
Trd, 259138.317, 122
Trd, 259138.350, 115
Trd, 259138.383, 102
Trd, 259138.433, 132
Trd, 259138.467, 94
Trd, 259138.650, 78
Trd, 259140.033, 140
Trd, 259140.250, 140
Trd, 259140.683, 139
Trd, 259141.017, 140
Trd, 259141.033, 140
Trd, 259141.067, 140
Trd, 259141.083, 140
Trd, 259141.150, 138
Trd, 259141.183, 137
Trd, 259141.633, 138
Trd, 259141.783, 139
Trd, 259142.050, 138
Trd, 259142.183, 139
Trd, 259142.517, 140
Trd, 259142.550, 140
Trd, 259142.650, 138
Trd, 259142.733, 137
Trd, 259143.050, 138
Trd, 259144.250, 140
Trd, 259144.550, 140
Trd, 259144.900, 139
Trd, 259144.917, 139
Trd, 259145.150, 140
Trd, 259145.450, 140
Trd, 259145.817, 140
Trd, 259146.000, 140
Trd, 259146.117, 140
Trd, 259146.233, 140
Trd, 259146.567, 140
Trd, 259146.667, 140
Trd, 259146.850, 140
Trd, 259147.033, 140
Trd, 259147.250, 140
Trd, 259147.267, 140
Trd, 259147.517, 139
Trd, 259147.700, 139
Trd, 259147.917, 140
Trd, 259148.150, 138
Trd, 259148.300, 125
Trd, 259148.667, 126
Trd, 259148.783, 126
Trd, 259148.883, 132
Trd, 259149.300, 140
Trd, 259149.650, 140
Trd, 259150.417, 140
Trd, 259150.550, 140
Trd, 259150.717, 140
Trd, 259151.050, 140
Trd, 259151.600, 140
Trd, 259151.983, 140
Trd, 259152.083, 140
Trd, 259152.117, 140
Trd, 259152.217, 138
Trd, 259152.250, 137
Trd, 259152.500, 136
Trd, 259152.800, 138
Trd, 259153.167, 137
Trd, 259153.283, 112
Trd, 259153.400, 112
Trd, 259153.550, 111
Trd, 259153.767, 111
Trd, 259153.783, 117
Trd, 259153.900, 119
Trd, 259154.017, 113
Trd, 259154.117, 120
Trd, 259154.667, 140
Trd, 259155.100, 138
Trd, 259155.133, 113
Trd, 259155.150, 112
Trd, 259155.517, 114
Trd, 259155.567, 116
Trd, 259155.667, 76
Trd, 259155.700, 87
Trd, 259155.917, 114
Trd, 259156.150, 117
Trd, 259156.233, 77
Trd, 259156.250, 117
Trd, 259156.683, 107
Trd, 259157.017, 87
Trd, 259157.150, 115
Trd, 259157.450, 140
Trd, 259158.150, 140
Trd, 259158.317, 140
Trd, 259158.567, 140
Trd, 259158.783, 140
Trd, 259158.833, 140
Trd, 259158.933, 140
Trd, 259159.100, 140
Trd, 259159.167, 140
Trd, 259159.183, 139
Trd, 259159.200, 137
Trd, 259159.550, 140
Trd, 259160.550, 140
Trd, 259160.700, 140
Trd, 259160.783, 140
Trd, 259160.867, 140
Trd, 259160.883, 140
Trd, 259160.900, 140
Trd, 259161.000, 140
Trd, 259161.367, 140
Trd, 259161.400, 140
Trd, 259161.750, 140
Trd, 259162.033, 140
Trd, 259162.133, 140
Trd, 259162.200, 140
Trd, 259162.333, 140
Trd, 259162.383, 138
Trd, 259162.650, 139
Trd, 259163.183, 139
Trd, 259163.233, 139
Trd, 259163.383, 139
Trd, 259163.433, 128
Trd, 259164.467, 110
Trd, 259164.533, 134
Trd, 259164.950, 112
Trd, 259165.167, 130
Trd, 259165.333, 132
Trd, 259165.467, 124
Trd, 259165.533, 123
Trd, 259165.567, 122
Trd, 259165.600, 114
Trd, 259165.650, 112
Trd, 259165.867, 133
Trd, 259166.467, 130
Trd, 259166.500, 115
Trd, 259167.033, 121
Trd, 259167.133, 122
Trd, 259167.367, 130
Trd, 259167.433, 137
Trd, 259167.833, 137
Trd, 259167.867, 136
Trd, 259168.167, 120
Trd, 259168.217, 120
Trd, 259168.400, 140
Trd, 259169.133, 140
Trd, 259169.800, 140
Trd, 259169.817, 140
Trd, 259170.350, 140
Trd, 259170.450, 140
Trd, 259170.800, 140
Trd, 259170.933, 140
Trd, 259170.967, 140
Trd, 259171.417, 140
Trd, 259171.850, 140
Trd, 259172.117, 140
Trd, 259172.150, 140
Trd, 259172.167, 140
Trd, 259172.317, 140
Trd, 259172.333, 139
Trd, 259172.350, 138
Trd, 259172.467, 139
Trd, 259172.600, 140
Trd, 259172.667, 138
Trd, 259172.700, 124
Trd, 259172.867, 140
Trd, 259173.183, 140
Trd, 259173.283, 139
Trd, 259173.417, 114
Trd, 259174.183, 103
Trd, 259174.200, 107
Trd, 259174.250, 102
Trd, 259174.267, 108
Trd, 259174.300, 94
Trd, 259174.533, 108
Trd, 259174.850, 109
Trd, 259175.117, 140
Trd, 259175.317, 140
Trd, 259175.667, 140
Trd, 259175.767, 140
Trd, 259175.967, 140
Trd, 259176.233, 140
Trd, 259176.683, 140
Trd, 259177.400, 140
Trd, 259179.417, 140
Trd, 259179.817, 140
Trd, 259180.000, 140
Trd, 259180.067, 140
Trd, 259180.200, 140
Trd, 259180.217, 140
Trd, 259180.300, 140
Trd, 259180.750, 140
Trd, 259180.783, 140
Trd, 259180.817, 140
Trd, 259180.833, 140
Trd, 259180.950, 140
Trd, 259180.983, 140
Trd, 259181.017, 140
Trd, 259181.417, 140
Trd, 259181.450, 140
Trd, 259181.500, 140
Trd, 259181.700, 140
Trd, 259181.833, 140
Trd, 259181.850, 139
Trd, 259182.017, 139
Trd, 259182.167, 138
Trd, 259182.183, 140
Trd, 259183.200, 140
Trd, 259183.333, 139
Trd, 259183.400, 126
Trd, 259183.833, 131
Trd, 259183.983, 126
Trd, 259184.050, 132
Trd, 259184.150, 125
Trd, 259184.433, 129
Trd, 259184.600, 125
Trd, 259184.650, 124
Trd, 259184.700, 131
Trd, 259185.333, 127
Trd, 259185.483, 127
Trd, 259185.700, 127
Trd, 259185.750, 130
Trd, 259187.067, 140
Trd, 259187.150, 140
Trd, 259187.383, 140
Trd, 259187.500, 140
Trd, 259188.100, 140
Trd, 259188.550, 140
Trd, 259188.617, 140
Trd, 259188.700, 140
Trd, 259188.750, 140
Trd, 259189.050, 140
Trd, 259189.450, 140
Trd, 259190.100, 140
Trd, 259190.183, 140
Trd, 259190.250, 140
Trd, 259190.333, 140
Trd, 259190.467, 140
Trd, 259190.617, 140
Trd, 259190.733, 140
Trd, 259190.850, 140
Trd, 259191.067, 138
Trd, 259191.233, 140
Trd, 259191.317, 139
Trd, 259191.450, 140
Trd, 259191.617, 139
Trd, 259191.717, 138
Trd, 259191.883, 137
Trd, 259191.917, 132
Trd, 259192.017, 130
Trd, 259192.317, 131
Trd, 259192.667, 140
Trd, 259192.900, 140
Trd, 259193.250, 140
Trd, 259193.800, 140
Trd, 259194.100, 140
Trd, 259194.367, 140
Trd, 259195.067, 140
Trd, 259195.233, 140
Trd, 259195.633, 140
Trd, 259195.650, 140
Trd, 259195.667, 140
Trd, 259195.683, 140
Trd, 259195.750, 140
Trd, 259195.917, 140
Trd, 259195.933, 140
Trd, 259196.150, 140
Trd, 259196.267, 140
Trd, 259196.333, 140
Trd, 259196.833, 140
Trd, 259197.083, 140
Trd, 259197.717, 140
Trd, 259198.083, 140
Trd, 259198.100, 140
Trd, 259198.150, 140
Trd, 259198.200, 140
Trd, 259198.333, 140
Trd, 259198.717, 140
Trd, 259198.800, 139
Trd, 259199.017, 140
Trd, 259199.617, 140
Trd, 259199.717, 140
Trd, 259199.750, 140
