Trd, 258562.217, 140
Trd, 258562.267, 140
Trd, 258562.733, 140
Trd, 258563.117, 140
Trd, 258563.133, 140
Trd, 258563.317, 140
Trd, 258563.450, 140
Trd, 258563.483, 140
Trd, 258563.567, 140
Trd, 258563.967, 140
Trd, 258564.000, 140
Trd, 258564.350, 140
Trd, 258564.383, 140
Trd, 258564.567, 140
Trd, 258564.817, 140
Trd, 258565.117, 140
Trd, 258565.150, 140
Trd, 258565.200, 140
Trd, 258565.333, 140
Trd, 258565.583, 140
Trd, 258565.633, 139
Trd, 258566.000, 140
Trd, 258566.017, 140
Trd, 258566.167, 140
Trd, 258566.550, 136
Trd, 258566.850, 122
Trd, 258567.317, 111
Trd, 258567.700, 108
Trd, 258568.067, 140
Trd, 258568.333, 94
Trd, 258568.967, 140
Trd, 258569.167, 139
Trd, 258569.283, 138
Trd, 258569.417, 135
Trd, 258569.833, 117
Trd, 258570.350, 140
Trd, 258570.367, 139
Trd, 258570.483, 139
Trd, 258570.533, 131
Trd, 258571.350, 140
Trd, 258571.683, 140
Trd, 258571.700, 140
Trd, 258572.167, 140
Trd, 258572.217, 136
Trd, 258572.850, 140
Trd, 258573.000, 140
Trd, 258573.183, 139
Trd, 258573.400, 139
Trd, 258573.800, 140
Trd, 258573.917, 140
Trd, 258573.967, 140
Trd, 258574.183, 140
Trd, 258574.200, 139
Trd, 258574.233, 130
Trd, 258574.367, 131
Trd, 258574.700, 136
Trd, 258575.200, 135
Trd, 258575.350, 139
Trd, 258575.633, 134
Trd, 258576.083, 129
Trd, 258576.267, 124
Trd, 258576.533, 129
Trd, 258576.883, 140
Trd, 258577.300, 118
Trd, 258577.350, 116
Trd, 258577.367, 115
Trd, 258577.833, 140
Trd, 258577.850, 139
Trd, 258578.483, 140
Trd, 258578.933, 140
Trd, 258579.883, 140
Trd, 258580.567, 140
Trd, 258580.817, 140
Trd, 258581.650, 140
Trd, 258582.000, 140
Trd, 258582.017, 140
Trd, 258582.050, 140
Trd, 258582.100, 140
Trd, 258582.150, 140
Trd, 258582.217, 140
Trd, 258582.400, 140
Trd, 258582.783, 140
Trd, 258582.933, 140
Trd, 258582.967, 140
Trd, 258583.133, 140
Trd, 258583.617, 140
Trd, 258583.883, 140
Trd, 258584.467, 140
Trd, 258584.733, 140
Trd, 258584.800, 140
Trd, 258584.983, 140
Trd, 258585.200, 140
Trd, 258585.550, 140
Trd, 258585.600, 140
Trd, 258585.717, 140
Trd, 258586.367, 140
Trd, 258586.567, 140
Trd, 258587.500, 140
Trd, 258587.567, 140
Trd, 258587.750, 140
Trd, 258587.783, 139
Trd, 258588.117, 139
Trd, 258588.217, 139
Trd, 258588.467, 140
Trd, 258588.950, 140
Trd, 258589.333, 140
Trd, 258589.350, 140
Trd, 258589.483, 140
Trd, 258590.333, 140
Trd, 258590.550, 140
Trd, 258590.650, 140
Trd, 258591.233, 140
Trd, 258591.300, 139
Trd, 258592.067, 140
Trd, 258592.217, 140
Trd, 258592.583, 140
Trd, 258593.217, 140
Trd, 258593.517, 140
Trd, 258594.200, 140
Trd, 258594.317, 140
Trd, 258594.617, 140
Trd, 258594.817, 140
Trd, 258595.083, 140
Trd, 258595.383, 140
Trd, 258595.800, 140
Trd, 258596.000, 140
Trd, 258596.267, 140
Trd, 258596.333, 140
Trd, 258596.367, 140
Trd, 258596.717, 140
Trd, 258596.867, 139
Trd, 258596.933, 139
Trd, 258597.283, 136
Trd, 258597.367, 135
Trd, 258597.417, 135
Trd, 258597.567, 135
Trd, 258597.667, 134
Trd, 258597.867, 135
Trd, 258597.983, 133
Trd, 258598.667, 140
Trd, 258598.700, 139
Trd, 258599.000, 137
Trd, 258599.133, 135
Trd, 258599.167, 135
Trd, 258600.933, 140
Trd, 258600.967, 140
Trd, 258601.200, 140
Trd, 258601.500, 140
Trd, 258601.550, 139
Trd, 258601.583, 140
Trd, 258601.750, 139
Trd, 258602.083, 140
Trd, 258602.117, 137
Trd, 258602.200, 138
Trd, 258602.233, 137
Trd, 258602.517, 98
Trd, 258603.200, 140
Trd, 258603.417, 140
Trd, 258603.450, 140
Trd, 258603.650, 139
Trd, 258603.767, 138
Trd, 258603.917, 136
Trd, 258603.933, 121
Trd, 258604.017, 86
Trd, 258604.483, 100
Trd, 258604.800, 117
Trd, 258605.067, 111
Trd, 258605.100, 118
Trd, 258605.233, 110
Trd, 258605.967, 106
Trd, 258606.150, 127
Trd, 258606.350, 134
Trd, 258606.450, 126
Trd, 258606.883, 115
Trd, 258606.900, 106
Trd, 258607.067, 107
Trd, 258607.517, 114
Trd, 258607.750, 117
Trd, 258607.767, 116
Trd, 258608.033, 137
Trd, 258608.100, 117
Trd, 258608.150, 138
Trd, 258608.533, 137
Trd, 258608.767, 140
Trd, 258608.817, 140
Trd, 258608.883, 116
Trd, 258608.983, 115
Trd, 258609.117, 129
Trd, 258609.383, 112
Trd, 258609.400, 130
Trd, 258609.667, 140
Trd, 258609.950, 139
Trd, 258610.117, 140
Trd, 258610.333, 113
Trd, 258610.600, 137
Trd, 258610.900, 113
Trd, 258611.933, 140
Trd, 258611.950, 140
Trd, 258612.083, 140
Trd, 258612.150, 140
Trd, 258612.167, 140
Trd, 258612.183, 140
Trd, 258612.200, 139
Trd, 258612.317, 130
Trd, 258612.383, 129
Trd, 258613.100, 140
Trd, 258613.300, 140
Trd, 258613.983, 140
Trd, 258614.517, 140
Trd, 258614.583, 140
Trd, 258614.767, 140
Trd, 258615.283, 140
Trd, 258615.433, 140
Trd, 258615.450, 140
Trd, 258615.583, 140
Trd, 258615.867, 140
Trd, 258616.033, 140
Trd, 258616.233, 140
Trd, 258616.350, 140
Trd, 258616.450, 139
Trd, 258616.783, 139
Trd, 258616.950, 140
Trd, 258617.500, 139
Trd, 258617.650, 138
Trd, 258618.000, 140
Trd, 258618.067, 140
Trd, 258618.100, 140
Trd, 258618.317, 140
Trd, 258618.433, 140
Trd, 258618.900, 140
Trd, 258619.217, 140
Trd, 258619.250, 140
Trd, 258619.717, 140
Trd, 258619.983, 140
Trd, 258620.083, 140
Trd, 258620.217, 137
Trd, 258620.333, 136
Trd, 258621.100, 140
Trd, 258621.300, 137
Trd, 258621.900, 140
Trd, 258622.117, 140
Trd, 258622.967, 140
Trd, 258623.250, 140
Trd, 258623.267, 140
Trd, 258623.483, 139
Trd, 258623.950, 140
Trd, 258624.183, 140
Trd, 258624.250, 140
Trd, 258624.267, 140
Trd, 258624.717, 139
Trd, 258624.767, 134
Trd, 258625.517, 140
Trd, 258625.850, 140
Trd, 258626.100, 140
Trd, 258626.517, 140
Trd, 258626.650, 140
Trd, 258627.600, 140
Trd, 258627.783, 140
Trd, 258627.900, 140
Trd, 258628.450, 140
Trd, 258628.517, 140
Trd, 258628.633, 140
Trd, 258628.650, 140
Trd, 258628.950, 140
Trd, 258629.067, 139
Trd, 258629.317, 140
Trd, 258629.833, 139
Trd, 258629.933, 140
Trd, 258630.000, 140
Trd, 258630.033, 138
Trd, 258630.400, 99
Trd, 258630.433, 138
Trd, 258630.567, 107
Trd, 258631.167, 101
Trd, 258631.667, 116
Trd, 258631.783, 110
Trd, 258631.883, 109
Trd, 258632.267, 108
Trd, 258632.683, 109
Trd, 258632.717, 109
Trd, 258632.850, 124
Trd, 258633.050, 130
Trd, 258633.183, 132
Trd, 258633.600, 111
Trd, 258633.717, 111
Trd, 258634.033, 116
Trd, 258634.117, 129
Trd, 258634.533, 113
Trd, 258634.783, 140
Trd, 258635.050, 140
Trd, 258635.483, 140
Trd, 258635.533, 140
Trd, 258635.617, 140
Trd, 258635.850, 140
Trd, 258636.050, 140
Trd, 258636.067, 139
Trd, 258636.683, 140
Trd, 258636.733, 140
Trd, 258636.850, 140
Trd, 258638.350, 140
Trd, 258638.950, 140
Trd, 258639.067, 140
Trd, 258639.150, 140
Trd, 258639.167, 140
Trd, 258639.200, 140
Trd, 258639.233, 140
Trd, 258639.550, 140
Trd, 258639.800, 140
Trd, 258639.967, 140
Trd, 258640.083, 140
Trd, 258640.233, 140
Trd, 258640.867, 140
Trd, 258641.017, 140
Trd, 258641.283, 140
Trd, 258641.567, 140
Trd, 258641.667, 140
Trd, 258642.133, 140
Trd, 258642.483, 140
Trd, 258642.517, 140
Trd, 258642.600, 137
Trd, 258642.933, 140
Trd, 258643.250, 140
Trd, 258643.667, 140
Trd, 258643.700, 140
Trd, 258643.717, 139
Trd, 258644.183, 140
Trd, 258644.300, 139
Trd, 258644.333, 138
Trd, 258644.383, 126
Trd, 258644.450, 118
Trd, 258644.783, 140
Trd, 258645.417, 121
Trd, 258645.733, 123
Trd, 258645.783, 122
Trd, 258646.033, 135
Trd, 258646.183, 140
Trd, 258646.433, 140
Trd, 258646.483, 140
Trd, 258646.500, 122
Trd, 258647.050, 121
Trd, 258647.483, 140
Trd, 258648.233, 140
Trd, 258648.283, 140
Trd, 258648.567, 140
Trd, 258649.183, 140
Trd, 258649.517, 137
Trd, 258649.867, 137
Trd, 258650.217, 140
Trd, 258650.550, 140
Trd, 258650.733, 140
Trd, 258651.317, 140
Trd, 258651.583, 140
Trd, 258651.600, 140
Trd, 258651.683, 140
Trd, 258652.183, 140
Trd, 258652.350, 140
Trd, 258652.417, 140
Trd, 258652.450, 140
Trd, 258652.783, 138
Trd, 258652.800, 136
Trd, 258653.550, 140
Trd, 258653.633, 140
Trd, 258654.233, 140
Trd, 258654.650, 140
Trd, 258654.683, 139
Trd, 258654.967, 140
Trd, 258655.033, 139
Trd, 258655.167, 137
Trd, 258655.433, 132
Trd, 258655.700, 127
Trd, 258655.850, 126
Trd, 258656.067, 122
Trd, 258656.150, 138
Trd, 258656.467, 109
Trd, 258656.600, 73
Trd, 258656.933, 74
Trd, 258657.233, 89
Trd, 258657.300, 103
Trd, 258657.417, 65
Trd, 258657.567, 108
Trd, 258658.000, 111
Trd, 258658.233, 112
Trd, 258658.500, 113
Trd, 258658.767, 131
Trd, 258659.000, 134
Trd, 258659.350, 124
Trd, 258659.367, 123
Trd, 258659.867, 139
Trd, 258660.517, 128
Trd, 258660.900, 126
Trd, 258660.950, 123
Trd, 258661.483, 124
Trd, 258661.667, 124
Trd, 258661.717, 123
Trd, 258662.233, 126
Trd, 258662.317, 123
Trd, 258662.717, 140
Trd, 258662.833, 140
Trd, 258662.917, 140
Trd, 258663.033, 120
Trd, 258663.667, 140
Trd, 258663.983, 140
Trd, 258664.350, 140
Trd, 258664.550, 140
Trd, 258664.600, 140
Trd, 258664.633, 140
Trd, 258665.133, 139
Trd, 258665.483, 140
Trd, 258665.767, 140
Trd, 258666.017, 140
Trd, 258666.067, 140
Trd, 258666.683, 140
Trd, 258666.750, 140
Trd, 258667.117, 140
Trd, 258667.183, 140
Trd, 258667.233, 139
Trd, 258667.383, 134
Trd, 258667.483, 101
Trd, 258668.650, 136
Trd, 258669.000, 140
Trd, 258669.333, 140
Trd, 258669.467, 140
Trd, 258669.667, 140
Trd, 258670.667, 140
Trd, 258671.600, 140
Trd, 258671.800, 140
Trd, 258671.917, 140
Trd, 258672.017, 140
Trd, 258672.117, 140
Trd, 258672.333, 140
Trd, 258672.983, 140
Trd, 258673.100, 140
Trd, 258673.283, 140
Trd, 258673.450, 140
Trd, 258673.550, 140
Trd, 258673.783, 140
Trd, 258674.017, 140
Trd, 258674.133, 140
Trd, 258674.233, 139
Trd, 258674.317, 139
Trd, 258674.417, 140
Trd, 258675.117, 140
Trd, 258675.150, 140
Trd, 258675.167, 140
Trd, 258675.200, 139
Trd, 258675.417, 138
Trd, 258676.100, 134
Trd, 258676.267, 134
Trd, 258676.800, 135
Trd, 258677.033, 137
Trd, 258677.233, 138
Trd, 258677.550, 140
Trd, 258678.133, 140
Trd, 258678.533, 140
Trd, 258678.883, 140
Trd, 258679.350, 140
Trd, 258679.817, 140
Trd, 258679.950, 140
Trd, 258680.150, 140
Trd, 258681.117, 140
Trd, 258681.900, 140
Trd, 258682.167, 140
Trd, 258682.467, 140
Trd, 258682.800, 140
Trd, 258683.000, 140
Trd, 258683.100, 140
Trd, 258683.167, 140
Trd, 258683.450, 140
Trd, 258683.500, 140
Trd, 258684.000, 140
Trd, 258684.517, 140
Trd, 258684.600, 140
Trd, 258684.617, 140
Trd, 258684.683, 140
Trd, 258684.750, 140
Trd, 258685.200, 140
Trd, 258685.700, 140
Trd, 258685.867, 140
Trd, 258685.917, 139
Trd, 258686.867, 140
Trd, 258687.033, 140
Trd, 258687.067, 140
Trd, 258687.183, 139
Trd, 258687.317, 138
Trd, 258687.450, 139
Trd, 258687.500, 130
Trd, 258687.767, 140
Trd, 258687.867, 140
Trd, 258688.183, 140
Trd, 258688.250, 140
Trd, 258688.367, 140
Trd, 258688.517, 138
Trd, 258689.100, 140
Trd, 258689.533, 140
Trd, 258689.850, 140
Trd, 258689.983, 140
Trd, 258690.250, 139
Trd, 258690.633, 140
Trd, 258690.750, 140
Trd, 258691.300, 135
Trd, 258691.400, 134
Trd, 258691.567, 134
Trd, 258691.600, 133
Trd, 258691.833, 140
Trd, 258691.967, 126
Trd, 258693.100, 140
Trd, 258693.333, 140
Trd, 258693.433, 140
Trd, 258693.583, 139
Trd, 258693.667, 139
Trd, 258693.833, 133
Trd, 258694.367, 140
Trd, 258694.600, 140
Trd, 258694.633, 140
Trd, 258694.867, 139
Trd, 258694.900, 140
Trd, 258694.950, 139
Trd, 258695.317, 131
Trd, 258695.383, 133
Trd, 258695.783, 131
Trd, 258695.950, 129
Trd, 258695.983, 127
Trd, 258696.200, 91
Trd, 258696.533, 130
Trd, 258697.500, 97
Trd, 258697.917, 133
Trd, 258697.933, 125
Trd, 258698.183, 123
Trd, 258698.233, 123
Trd, 258698.283, 123
Trd, 258698.383, 123
Trd, 258698.550, 131
Trd, 258698.700, 123
Trd, 258698.767, 122
Trd, 258698.800, 133
Trd, 258699.350, 140
Trd, 258699.600, 140
Trd, 258700.117, 107
Trd, 258700.233, 122
Trd, 258700.383, 131
Trd, 258700.433, 111
Trd, 258700.633, 114
Trd, 258700.717, 112
Trd, 258701.133, 140
Trd, 258701.217, 140
Trd, 258701.317, 140
Trd, 258701.700, 140
Trd, 258702.017, 140
Trd, 258702.417, 140
Trd, 258702.783, 140
Trd, 258702.800, 139
Trd, 258702.833, 126
Trd, 258703.067, 112
Trd, 258703.850, 124
Trd, 258704.217, 122
Trd, 258704.433, 122
Trd, 258704.800, 109
Trd, 258704.950, 140
Trd, 258705.050, 140
Trd, 258705.400, 140
Trd, 258705.567, 140
Trd, 258706.217, 140
Trd, 258706.417, 140
Trd, 258706.933, 140
Trd, 258707.033, 140
Trd, 258707.500, 140
Trd, 258707.833, 140
Trd, 258708.167, 140
Trd, 258708.217, 140
Trd, 258708.400, 140
Trd, 258708.800, 140
Trd, 258708.850, 140
Trd, 258708.917, 140
Trd, 258708.933, 139
Trd, 258709.533, 139
Trd, 258709.750, 139
Trd, 258709.833, 138
Trd, 258709.850, 132
Trd, 258709.950, 134
Trd, 258710.083, 138
Trd, 258710.733, 136
Trd, 258711.217, 136
Trd, 258711.683, 138
Trd, 258712.050, 140
Trd, 258712.233, 140
Trd, 258712.817, 140
Trd, 258712.883, 140
Trd, 258713.050, 140
Trd, 258713.533, 140
Trd, 258713.633, 140
Trd, 258713.650, 139
Trd, 258713.933, 138
Trd, 258714.117, 138
Trd, 258714.183, 140
Trd, 258714.683, 140
Trd, 258714.917, 138
Trd, 258715.033, 137
Trd, 258715.600, 140
Trd, 258715.867, 140
Trd, 258716.050, 140
Trd, 258716.250, 140
Trd, 258716.317, 140
Trd, 258716.567, 140
Trd, 258716.733, 138
Trd, 258717.017, 136
Trd, 258717.050, 133
Trd, 258717.317, 140
Trd, 258717.350, 121
Trd, 258717.500, 135
Trd, 258717.900, 138
Trd, 258718.550, 140
Trd, 258718.683, 140
Trd, 258718.767, 140
Trd, 258719.183, 139
Trd, 258719.450, 140
Trd, 258719.750, 140
Trd, 258719.783, 140
Trd, 258720.150, 139
Trd, 258720.500, 137
Trd, 258720.600, 132
Trd, 258721.117, 138
Trd, 258721.517, 136
Trd, 258721.783, 137
Trd, 258721.900, 136
Trd, 258722.133, 135
Trd, 258722.500, 138
Trd, 258722.617, 113
Trd, 258723.017, 139
Trd, 258723.217, 137
Trd, 258723.567, 135
Trd, 258723.633, 134
Trd, 258723.767, 134
Trd, 258724.183, 139
Trd, 258724.450, 140
Trd, 258724.500, 140
Trd, 258724.667, 134
Trd, 258725.133, 140
Trd, 258725.317, 140
Trd, 258725.500, 140
Trd, 258726.067, 140
Trd, 258726.100, 137
Trd, 258726.233, 128
Trd, 258726.383, 124
Trd, 258726.550, 124
Trd, 258726.883, 140
Trd, 258727.183, 139
Trd, 258727.533, 131
Trd, 258728.033, 138
Trd, 258728.100, 137
Trd, 258728.217, 130
Trd, 258728.300, 129
Trd, 258728.733, 125
Trd, 258729.133, 135
Trd, 258729.717, 119
Trd, 258729.883, 125
Trd, 258730.017, 139
Trd, 258730.400, 140
Trd, 258730.583, 140
Trd, 258730.800, 140
Trd, 258730.817, 140
Trd, 258731.317, 138
Trd, 258731.933, 135
Trd, 258732.067, 134
Trd, 258732.367, 138
Trd, 258732.483, 126
Trd, 258732.783, 125
Trd, 258733.367, 127
Trd, 258733.833, 136
Trd, 258733.917, 139
Trd, 258734.150, 140
Trd, 258734.317, 140
Trd, 258734.417, 137
Trd, 258734.450, 136
Trd, 258734.967, 140
Trd, 258735.217, 136
Trd, 258735.267, 136
Trd, 258735.500, 137
Trd, 258735.583, 140
Trd, 258735.900, 136
Trd, 258736.400, 134
Trd, 258736.500, 133
Trd, 258736.650, 134
Trd, 258736.717, 134
Trd, 258737.050, 140
Trd, 258737.067, 140
Trd, 258737.800, 140
Trd, 258738.100, 139
Trd, 258738.383, 140
Trd, 258738.450, 140
Trd, 258738.500, 139
Trd, 258738.883, 140
Trd, 258738.983, 131
Trd, 258739.133, 133
Trd, 258739.183, 121
Trd, 258739.317, 115
Trd, 258739.683, 98
Trd, 258739.817, 109
Trd, 258739.983, 116
Trd, 258740.100, 119
Trd, 258740.433, 108
Trd, 258740.500, 70
Trd, 258740.667, 121
Trd, 258741.333, 140
Trd, 258741.600, 140
Trd, 258741.983, 140
Trd, 258742.333, 140
Trd, 258742.400, 140
Trd, 258742.617, 140
Trd, 258742.867, 140
Trd, 258742.967, 140
Trd, 258743.233, 140
Trd, 258743.367, 140
Trd, 258743.417, 140
Trd, 258743.817, 140
Trd, 258744.000, 140
Trd, 258744.250, 140
Trd, 258744.267, 138
Trd, 258744.400, 113
Trd, 258744.650, 140
Trd, 258745.333, 140
Trd, 258745.633, 140
Trd, 258745.850, 138
Trd, 258746.483, 140
Trd, 258746.500, 140
Trd, 258747.033, 140
Trd, 258747.217, 140
Trd, 258747.450, 140
Trd, 258747.867, 140
Trd, 258747.900, 138
Trd, 258748.067, 138
Trd, 258748.283, 136
Trd, 258748.367, 134
Trd, 258748.683, 139
Trd, 258749.150, 138
Trd, 258749.200, 138
Trd, 258749.450, 140
Trd, 258749.533, 139
Trd, 258750.750, 140
Trd, 258751.133, 140
Trd, 258751.300, 140
Trd, 258751.500, 140
Trd, 258751.717, 140
Trd, 258751.850, 140
Trd, 258752.100, 140
Trd, 258752.133, 140
Trd, 258752.800, 140
Trd, 258752.850, 140
Trd, 258753.100, 140
Trd, 258753.367, 140
Trd, 258753.517, 140
Trd, 258753.600, 139
Trd, 258754.033, 140
Trd, 258754.083, 139
Trd, 258754.217, 139
Trd, 258754.317, 138
Trd, 258754.333, 135
Trd, 258754.417, 130
Trd, 258754.683, 121
Trd, 258755.100, 120
Trd, 258755.300, 86
Trd, 258756.050, 140
Trd, 258756.617, 140
Trd, 258757.150, 140
Trd, 258757.167, 140
Trd, 258757.833, 140
Trd, 258758.167, 140
Trd, 258758.267, 140
Trd, 258758.450, 140
Trd, 258758.650, 140
Trd, 258758.883, 140
Trd, 258759.283, 140
Trd, 258759.433, 140
Trd, 258759.600, 140
Trd, 258759.700, 140
Trd, 258759.950, 140
Trd, 258760.350, 140
Trd, 258760.367, 140
Trd, 258760.467, 134
Trd, 258760.517, 125
Trd, 258760.817, 117
Trd, 258760.900, 130
Trd, 258761.633, 140
Trd, 258761.700, 140
Trd, 258761.900, 140
Trd, 258762.283, 140
Trd, 258762.517, 140
Trd, 258762.867, 140
Trd, 258763.000, 140
Trd, 258763.050, 140
Trd, 258763.167, 140
Trd, 258763.450, 140
Trd, 258763.550, 140
Trd, 258763.617, 140
Trd, 258763.883, 139
Trd, 258764.950, 138
Trd, 258764.983, 133
Trd, 258765.233, 134
Trd, 258765.550, 138
Trd, 258765.650, 132
Trd, 258765.717, 134
Trd, 258765.750, 131
Trd, 258766.667, 130
Trd, 258766.767, 127
Trd, 258766.783, 125
Trd, 258766.900, 123
Trd, 258767.017, 121
Trd, 258767.283, 135
Trd, 258767.350, 139
Trd, 258767.983, 140
Trd, 258768.250, 140
Trd, 258768.533, 140
Trd, 258768.833, 140
Trd, 258769.450, 140
Trd, 258769.483, 140
Trd, 258770.017, 140
Trd, 258770.150, 140
Trd, 258770.300, 140
Trd, 258770.617, 140
Trd, 258771.033, 140
Trd, 258771.300, 140
Trd, 258771.383, 140
Trd, 258772.083, 140
Trd, 258772.133, 140
Trd, 258772.250, 140
Trd, 258772.383, 140
Trd, 258772.667, 140
Trd, 258773.050, 139
Trd, 258773.217, 139
Trd, 258773.650, 140
Trd, 258773.867, 140
Trd, 258774.600, 140
Trd, 258774.867, 140
Trd, 258775.033, 140
Trd, 258775.367, 140
Trd, 258775.633, 140
Trd, 258776.017, 140
Trd, 258776.283, 140
Trd, 258776.300, 140
Trd, 258776.483, 140
Trd, 258776.867, 140
Trd, 258777.017, 140
Trd, 258777.100, 140
Trd, 258777.467, 139
Trd, 258777.700, 134
Trd, 258778.067, 138
Trd, 258778.267, 140
Trd, 258778.417, 139
Trd, 258778.467, 138
Trd, 258778.650, 140
Trd, 258778.767, 131
Trd, 258778.850, 130
Trd, 258780.083, 140
Trd, 258780.133, 140
Trd, 258780.167, 140
Trd, 258780.217, 140
Trd, 258780.300, 140
Trd, 258780.767, 140
Trd, 258780.900, 140
Trd, 258781.300, 140
Trd, 258781.450, 140
Trd, 258781.983, 140
Trd, 258782.700, 140
Trd, 258782.983, 140
Trd, 258783.217, 140
Trd, 258783.650, 140
Trd, 258783.750, 140
Trd, 258784.000, 140
Trd, 258784.183, 140
Trd, 258784.417, 140
Trd, 258784.433, 140
Trd, 258784.850, 140
Trd, 258785.167, 140
Trd, 258785.233, 121
Trd, 258785.500, 114
Trd, 258786.550, 140
Trd, 258786.633, 140
Trd, 258786.650, 140
Trd, 258786.733, 138
Trd, 258786.833, 136
Trd, 258787.167, 127
Trd, 258787.667, 126
Trd, 258787.683, 125
Trd, 258787.767, 124
Trd, 258787.783, 122
Trd, 258787.833, 128
Trd, 258789.800, 140
Trd, 258789.917, 140
Trd, 258790.133, 140
Trd, 258790.833, 140
Trd, 258790.850, 140
Trd, 258791.100, 140
Trd, 258791.200, 140
Trd, 258791.233, 140
Trd, 258791.750, 140
Trd, 258791.850, 140
Trd, 258791.883, 138
Trd, 258791.900, 130
Trd, 258791.967, 140
Trd, 258792.233, 130
Trd, 258792.817, 138
Trd, 258793.033, 140
Trd, 258793.167, 137
Trd, 258793.217, 136
Trd, 258793.550, 136
Trd, 258793.567, 135
Trd, 258794.017, 140
Trd, 258794.400, 139
Trd, 258794.850, 122
Trd, 258795.783, 140
Trd, 258796.117, 140
Trd, 258796.183, 140
Trd, 258796.350, 140
Trd, 258796.417, 140
Trd, 258796.500, 140
Trd, 258796.883, 140
Trd, 258796.900, 140
Trd, 258797.317, 139
Trd, 258797.800, 140
Trd, 258798.167, 140
Trd, 258798.250, 139
Trd, 258798.333, 138
Trd, 258798.717, 137
Trd, 258798.733, 137
Trd, 258799.183, 139
Trd, 258799.217, 138
Trd, 258799.867, 140
Trd, 258799.933, 140
Trd, 258800.433, 140
Trd, 258800.983, 140
Trd, 258801.050, 139
Trd, 258801.167, 138
Trd, 258802.117, 140
Trd, 258802.733, 140
Trd, 258803.000, 140
Trd, 258803.100, 140
Trd, 258803.417, 140
Trd, 258803.550, 140
Trd, 258803.600, 140
Trd, 258803.933, 140
Trd, 258803.950, 140
Trd, 258804.233, 140
Trd, 258804.717, 140
Trd, 258804.767, 140
Trd, 258805.383, 140
Trd, 258805.417, 140
Trd, 258805.450, 140
Trd, 258805.800, 140
Trd, 258806.050, 140
Trd, 258806.483, 140
Trd, 258806.633, 140
Trd, 258806.783, 140
Trd, 258806.933, 140
Trd, 258807.117, 140
Trd, 258807.217, 140
Trd, 258807.333, 140
Trd, 258807.617, 140
Trd, 258807.833, 140
Trd, 258807.883, 140
Trd, 258808.417, 140
Trd, 258808.533, 140
Trd, 258808.933, 140
Trd, 258808.967, 140
Trd, 258809.467, 129
Trd, 258809.633, 120
Trd, 258809.650, 106
Trd, 258809.917, 139
Trd, 258810.350, 138
Trd, 258810.467, 138
Trd, 258810.667, 136
Trd, 258811.200, 139
Trd, 258811.767, 139
Trd, 258811.817, 138
Trd, 258812.100, 140
Trd, 258812.333, 140
Trd, 258812.700, 140
Trd, 258812.833, 140
Trd, 258812.883, 140
Trd, 258813.400, 140
Trd, 258813.617, 140
Trd, 258814.117, 140
Trd, 258814.317, 140
Trd, 258814.950, 140
Trd, 258815.217, 140
Trd, 258815.317, 140
Trd, 258815.383, 140
Trd, 258815.433, 140
Trd, 258815.483, 139
Trd, 258815.567, 110
Trd, 258815.883, 112
Trd, 258816.200, 95
Trd, 258816.517, 93
Trd, 258816.933, 127
Trd, 258817.067, 128
Trd, 258817.167, 121
Trd, 258817.300, 134
Trd, 258817.517, 120
Trd, 258817.667, 135
Trd, 258817.700, 95
Trd, 258818.000, 140
Trd, 258818.233, 73
Trd, 258818.450, 91
Trd, 258818.783, 99
Trd, 258818.900, 109
Trd, 258819.083, 112
Trd, 258819.450, 109
Trd, 258819.467, 122
Trd, 258820.100, 109
Trd, 258820.600, 140
Trd, 258820.733, 140
Trd, 258822.233, 140
Trd, 258822.800, 140
Trd, 258822.883, 140
Trd, 258823.267, 140
Trd, 258823.283, 140
Trd, 258824.017, 140
Trd, 258824.083, 140
Trd, 258824.950, 140
Trd, 258825.167, 140
Trd, 258825.583, 140
Trd, 258825.600, 140
Trd, 258825.717, 140
Trd, 258825.867, 140
Trd, 258827.083, 140
Trd, 258827.317, 140
Trd, 258827.383, 140
Trd, 258827.450, 140
Trd, 258827.600, 140
Trd, 258828.000, 140
Trd, 258828.233, 140
Trd, 258828.650, 140
Trd, 258828.733, 140
Trd, 258829.033, 140
Trd, 258829.067, 140
Trd, 258829.367, 140
Trd, 258830.200, 140
Trd, 258830.367, 140
Trd, 258830.400, 140
Trd, 258831.017, 140
Trd, 258831.050, 140
Trd, 258832.033, 140
Trd, 258832.567, 140
Trd, 258832.583, 140
Trd, 258832.717, 140
Trd, 258832.767, 140
Trd, 258832.833, 140
Trd, 258832.900, 140
Trd, 258833.167, 140
Trd, 258833.517, 140
Trd, 258833.817, 140
Trd, 258833.867, 140
Trd, 258833.900, 140
Trd, 258834.317, 140
Trd, 258834.783, 140
Trd, 258834.850, 140
Trd, 258835.483, 140
Trd, 258835.583, 140
Trd, 258836.650, 140
Trd, 258836.717, 140
Trd, 258836.917, 140
Trd, 258837.017, 140
Trd, 258837.150, 140
Trd, 258837.317, 140
Trd, 258838.617, 140
Trd, 258839.233, 140
Trd, 258839.667, 140
Trd, 258840.167, 140
Trd, 258840.733, 140
Trd, 258840.850, 140
Trd, 258840.967, 140
Trd, 258841.400, 140
Trd, 258841.533, 140
Trd, 258841.683, 140
Trd, 258841.717, 140
Trd, 258841.883, 140
Trd, 258841.983, 140
Trd, 258842.033, 140
Trd, 258842.867, 140
Trd, 258842.950, 140
Trd, 258843.283, 140
Trd, 258843.833, 140
Trd, 258843.883, 140
Trd, 258844.183, 140
Trd, 258844.450, 140
Trd, 258844.550, 140
Trd, 258844.950, 140
Trd, 258845.467, 140
Trd, 258845.583, 140
Trd, 258845.617, 140
Trd, 258845.883, 140
Trd, 258846.033, 139
Trd, 258846.050, 139
Trd, 258846.217, 134
Trd, 258846.550, 140
Trd, 258846.650, 140
Trd, 258847.000, 140
Trd, 258847.050, 138
Trd, 258847.100, 138
Trd, 258847.550, 140
Trd, 258847.817, 140
Trd, 258848.033, 140
Trd, 258848.217, 139
Trd, 258849.300, 140
Trd, 258849.417, 140
Trd, 258850.067, 140
Trd, 258850.350, 140
Trd, 258850.450, 140
Trd, 258850.600, 139
Trd, 258850.900, 140
Trd, 258850.983, 136
Trd, 258851.483, 136
Trd, 258851.833, 140
Trd, 258852.217, 140
Trd, 258852.450, 140
Trd, 258852.700, 140
Trd, 258853.083, 140
Trd, 258853.167, 140
Trd, 258853.183, 140
Trd, 258853.383, 140
Trd, 258854.383, 140
Trd, 258854.767, 140
Trd, 258855.150, 140
Trd, 258855.817, 140
Trd, 258856.033, 140
Trd, 258856.500, 140
Trd, 258856.517, 140
Trd, 258856.633, 140
Trd, 258856.650, 139
Trd, 258857.417, 140
Trd, 258857.450, 140
Trd, 258857.733, 140
Trd, 258857.783, 140
Trd, 258857.967, 140
Trd, 258858.583, 140
Trd, 258858.600, 139
Trd, 258859.383, 140
Trd, 258859.617, 140
Trd, 258860.667, 140
Trd, 258860.700, 140
Trd, 258861.033, 140
Trd, 258861.367, 140
Trd, 258861.417, 140
Trd, 258861.850, 140
Trd, 258861.867, 140
Trd, 258862.350, 140
Trd, 258862.850, 140
Trd, 258862.933, 140
Trd, 258863.133, 140
Trd, 258863.283, 140
Trd, 258863.650, 140
Trd, 258863.933, 140
Trd, 258864.150, 140
Trd, 258864.250, 140
Trd, 258864.300, 139
Trd, 258864.683, 140
Trd, 258864.983, 140
Trd, 258865.183, 140
Trd, 258865.700, 140
Trd, 258866.100, 140
Trd, 258866.483, 140
Trd, 258866.533, 140
Trd, 258866.967, 140
Trd, 258867.033, 140
Trd, 258867.383, 140
Trd, 258867.567, 139
Trd, 258868.583, 140
Trd, 258868.733, 140
Trd, 258869.050, 140
Trd, 258869.067, 140
Trd, 258869.150, 139
Trd, 258869.633, 140
Trd, 258869.833, 140
Trd, 258870.150, 140
Trd, 258871.167, 140
Trd, 258871.217, 140
Trd, 258871.350, 140
Trd, 258871.517, 140
Trd, 258872.050, 140
Trd, 258872.067, 140
Trd, 258872.200, 140
Trd, 258872.933, 140
Trd, 258873.550, 140
Trd, 258873.933, 140
Trd, 258874.600, 140
Trd, 258874.683, 140
Trd, 258874.717, 140
Trd, 258874.783, 140
Trd, 258875.433, 140
Trd, 258875.717, 140
Trd, 258876.033, 140
Trd, 258876.317, 140
Trd, 258876.617, 140
Trd, 258876.900, 140
Trd, 258876.933, 140
Trd, 258877.317, 140
Trd, 258877.383, 139
Trd, 258877.750, 140
Trd, 258877.967, 140
Trd, 258878.350, 135
Trd, 258878.467, 133
Trd, 258878.650, 134
Trd, 258878.800, 140
Trd, 258879.300, 140
Trd, 258879.783, 140
Trd, 258880.033, 140
Trd, 258880.467, 140
Trd, 258880.517, 140
Trd, 258881.833, 140
Trd, 258881.983, 140
Trd, 258882.017, 140
Trd, 258882.117, 140
Trd, 258882.250, 140
Trd, 258882.667, 140
Trd, 258882.950, 140
Trd, 258883.700, 140
Trd, 258883.783, 140
Trd, 258883.900, 140
Trd, 258883.933, 140
Trd, 258883.950, 140
Trd, 258884.150, 140
Trd, 258884.250, 140
Trd, 258884.400, 140
Trd, 258884.850, 138
Trd, 258885.183, 140
Trd, 258885.817, 137
Trd, 258886.133, 140
Trd, 258886.183, 139
Trd, 258886.250, 136
Trd, 258886.500, 137
Trd, 258886.533, 135
Trd, 258886.900, 135
Trd, 258886.967, 134
Trd, 258886.983, 120
Trd, 258887.117, 100
Trd, 258887.317, 140
Trd, 258888.000, 140
Trd, 258888.083, 140
Trd, 258888.367, 139
Trd, 258888.950, 140
Trd, 258889.017, 140
Trd, 258889.217, 140
Trd, 258889.967, 140
Trd, 258890.100, 140
Trd, 258890.417, 140
Trd, 258891.050, 140
Trd, 258891.183, 140
Trd, 258891.350, 140
Trd, 258891.450, 140
Trd, 258891.633, 140
Trd, 258891.750, 139
Trd, 258891.867, 136
Trd, 258891.983, 135
Trd, 258892.317, 90
Trd, 258892.350, 127
Trd, 258892.867, 79
Trd, 258892.950, 81
Trd, 258893.050, 82
Trd, 258893.100, 74
Trd, 258893.217, 102
Trd, 258893.317, 73
Trd, 258893.333, 110
Trd, 258893.633, 107
Trd, 258893.717, 137
Trd, 258894.083, 100
Trd, 258894.250, 101
Trd, 258894.917, 140
Trd, 258895.133, 140
Trd, 258895.817, 140
Trd, 258896.083, 140
Trd, 258896.400, 140
Trd, 258896.717, 140
Trd, 258896.900, 140
Trd, 258896.933, 140
Trd, 258897.533, 140
Trd, 258898.600, 140
Trd, 258898.700, 140
Trd, 258898.867, 140
Trd, 258899.133, 140
Trd, 258899.300, 140
Trd, 258899.383, 140
Trd, 258899.550, 140
Trd, 258899.967, 140
Trd, 258900.300, 140
Trd, 258900.467, 138
Trd, 258901.250, 140
Trd, 258901.350, 140
Trd, 258901.750, 140
Trd, 258901.817, 140
Trd, 258901.900, 140
Trd, 258902.167, 140
Trd, 258903.000, 140
Trd, 258903.083, 140
Trd, 258903.667, 140
Trd, 258903.917, 140
Trd, 258903.983, 140
Trd, 258904.267, 140
Trd, 258904.400, 140
Trd, 258904.467, 140
Trd, 258905.167, 140
Trd, 258905.283, 140
Trd, 258905.550, 140
Trd, 258906.333, 140
Trd, 258906.400, 140
Trd, 258906.867, 140
Trd, 258906.933, 140
Trd, 258907.000, 140
Trd, 258907.167, 140
Trd, 258907.383, 140
Trd, 258907.667, 140
Trd, 258908.233, 140
Trd, 258908.733, 140
Trd, 258909.033, 140
Trd, 258909.100, 140
Trd, 258909.133, 140
Trd, 258909.400, 140
Trd, 258909.483, 140
Trd, 258909.750, 140
Trd, 258910.033, 140
Trd, 258910.967, 140
Trd, 258911.433, 140
Trd, 258912.083, 140
Trd, 258912.217, 140
Trd, 258912.317, 140
Trd, 258912.483, 140
Trd, 258912.717, 140
Trd, 258912.867, 140
Trd, 258913.067, 140
Trd, 258913.250, 140
Trd, 258913.350, 140
Trd, 258913.750, 140
Trd, 258914.033, 140
Trd, 258914.200, 140
Trd, 258915.700, 140
Trd, 258916.117, 140
Trd, 258916.317, 140
Trd, 258916.333, 140
Trd, 258916.450, 140
Trd, 258916.683, 140
Trd, 258917.017, 140
Trd, 258917.517, 140
Trd, 258917.567, 140
Trd, 258917.917, 140
Trd, 258917.933, 140
Trd, 258918.133, 140
Trd, 258918.167, 140
Trd, 258918.200, 140
Trd, 258919.050, 140
Trd, 258919.883, 140
Trd, 258920.033, 140
Trd, 258920.717, 140
Trd, 258920.983, 140
Trd, 258921.117, 140
Trd, 258921.317, 140
Trd, 258921.383, 140
Trd, 258921.700, 140
Trd, 258922.050, 140
Trd, 258922.517, 140
Trd, 258922.567, 140
Trd, 258923.017, 140
Trd, 258923.033, 140
Trd, 258923.467, 140
Trd, 258923.533, 140
Trd, 258923.633, 140
Trd, 258924.117, 140
Trd, 258924.383, 140
Trd, 258924.717, 140
Trd, 258924.833, 140
Trd, 258925.300, 140
Trd, 258925.583, 140
Trd, 258925.683, 140
Trd, 258925.867, 140
Trd, 258926.150, 140
Trd, 258926.233, 140
Trd, 258926.817, 140
Trd, 258926.850, 140
Trd, 258927.600, 140
Trd, 258927.717, 140
Trd, 258928.100, 139
Trd, 258928.400, 136
Trd, 258928.817, 140
Trd, 258928.850, 125
Trd, 258928.967, 137
Trd, 258929.283, 140
Trd, 258929.950, 140
Trd, 258930.050, 140
Trd, 258931.033, 140
Trd, 258931.283, 140
Trd, 258931.400, 140
Trd, 258931.517, 140
Trd, 258931.633, 140
Trd, 258932.150, 140
Trd, 258932.167, 140
Trd, 258932.200, 140
Trd, 258932.333, 140
Trd, 258932.467, 140
Trd, 258932.850, 140
Trd, 258932.967, 140
Trd, 258933.250, 140
Trd, 258933.283, 140
Trd, 258933.367, 140
Trd, 258933.467, 140
Trd, 258934.133, 140
Trd, 258934.933, 140
Trd, 258934.950, 139
Trd, 258935.317, 137
Trd, 258935.633, 136
Trd, 258935.817, 127
Trd, 258936.000, 117
Trd, 258936.483, 140
Trd, 258936.883, 140
Trd, 258937.367, 140
Trd, 258937.917, 140
Trd, 258938.083, 139
Trd, 258938.350, 140
Trd, 258938.383, 135
Trd, 258938.617, 136
Trd, 258938.683, 135
Trd, 258939.300, 140
Trd, 258939.317, 140
Trd, 258939.517, 140
Trd, 258939.583, 118
Trd, 258939.700, 132
Trd, 258939.717, 131
Trd, 258940.100, 129
Trd, 258940.150, 112
Trd, 258940.317, 111
Trd, 258940.717, 111
Trd, 258940.767, 110
Trd, 258940.883, 135
Trd, 258941.700, 140
Trd, 258941.983, 140
Trd, 258942.100, 140
Trd, 258942.533, 140
Trd, 258942.600, 140
Trd, 258942.750, 140
Trd, 258943.050, 140
Trd, 258943.150, 140
Trd, 258943.417, 139
Trd, 258943.583, 138
Trd, 258943.600, 130
Trd, 258944.200, 129
Trd, 258944.950, 140
Trd, 258945.033, 140
Trd, 258945.100, 139
Trd, 258945.450, 140
Trd, 258946.050, 140
Trd, 258946.383, 140
Trd, 258946.500, 140
Trd, 258946.733, 138
Trd, 258946.817, 137
Trd, 258946.933, 139
Trd, 258947.017, 123
Trd, 258947.383, 138
Trd, 258947.933, 140
Trd, 258948.300, 140
Trd, 258948.817, 140
Trd, 258948.883, 140
Trd, 258948.900, 140
Trd, 258949.433, 140
Trd, 258949.550, 140
Trd, 258949.850, 140
Trd, 258949.867, 140
Trd, 258949.883, 140
Trd, 258950.417, 140
Trd, 258950.717, 140
Trd, 258951.150, 140
Trd, 258951.733, 140
Trd, 258951.917, 140
Trd, 258952.000, 140
Trd, 258952.317, 140
Trd, 258952.383, 140
Trd, 258952.767, 140
Trd, 258952.983, 140
Trd, 258953.317, 140
Trd, 258953.450, 140
Trd, 258953.700, 140
Trd, 258953.967, 140
Trd, 258954.567, 140
Trd, 258954.983, 140
Trd, 258955.517, 140
Trd, 258955.650, 140
Trd, 258955.917, 140
Trd, 258956.100, 140
Trd, 258956.417, 140
Trd, 258956.433, 140
Trd, 258956.700, 140
Trd, 258958.200, 140
Trd, 258958.317, 140
Trd, 258958.433, 140
Trd, 258958.833, 140
Trd, 258958.950, 140
Trd, 258959.050, 140
Trd, 258959.183, 140
Trd, 258959.717, 140
Trd, 258959.867, 140
Trd, 258959.900, 140
Trd, 258960.017, 139
Trd, 258960.050, 138
Trd, 258960.117, 135
Trd, 258960.467, 130
Trd, 258960.600, 125
Trd, 258960.800, 125
Trd, 258961.017, 137
Trd, 258961.150, 138
Trd, 258961.267, 138
Trd, 258961.317, 117
Trd, 258961.817, 123
Trd, 258962.467, 140
Trd, 258962.867, 140
Trd, 258963.317, 140
Trd, 258963.350, 140
Trd, 258963.850, 140
Trd, 258964.350, 140
Trd, 258964.550, 140
Trd, 258964.600, 140
Trd, 258964.917, 140
Trd, 258965.000, 140
Trd, 258965.050, 140
Trd, 258965.083, 140
Trd, 258965.250, 140
Trd, 258966.133, 140
Trd, 258967.083, 140
Trd, 258967.150, 140
Trd, 258967.183, 140
Trd, 258967.333, 139
Trd, 258967.400, 140
Trd, 258968.367, 140
Trd, 258968.783, 140
Trd, 258968.817, 140
Trd, 258968.850, 140
Trd, 258968.900, 140
Trd, 258969.317, 139
Trd, 258969.450, 140
Trd, 258969.600, 139
Trd, 258969.667, 139
Trd, 258969.983, 140
Trd, 258970.017, 138
Trd, 258970.083, 133
Trd, 258970.317, 133
Trd, 258970.383, 128
Trd, 258970.433, 111
Trd, 258970.550, 97
Trd, 258970.617, 137
Trd, 258970.700, 138
Trd, 258971.183, 114
Trd, 258971.400, 114
Trd, 258971.517, 92
Trd, 258971.533, 90
Trd, 258971.550, 87
Trd, 258971.850, 121
Trd, 258972.250, 116
Trd, 258972.583, 128
Trd, 258972.983, 89
Trd, 258973.567, 105
Trd, 258973.617, 123
Trd, 258974.483, 115
Trd, 258974.717, 140
Trd, 258975.017, 140
Trd, 258976.000, 140
Trd, 258976.067, 140
Trd, 258976.367, 140
Trd, 258976.467, 140
Trd, 258976.817, 140
Trd, 258976.917, 140
Trd, 258977.100, 140
Trd, 258977.133, 140
Trd, 258977.317, 139
Trd, 258977.750, 139
Trd, 258978.667, 140
Trd, 258978.950, 140
Trd, 258979.133, 140
Trd, 258979.833, 140
Trd, 258980.100, 140
Trd, 258980.133, 140
Trd, 258980.300, 140
Trd, 258980.717, 140
Trd, 258980.917, 140
Trd, 258981.100, 140
Trd, 258981.117, 140
Trd, 258981.217, 140
Trd, 258981.317, 140
Trd, 258981.633, 140
Trd, 258982.033, 140
Trd, 258982.400, 140
Trd, 258982.733, 140
Trd, 258982.817, 140
Trd, 258982.833, 140
Trd, 258982.883, 139
Trd, 258983.117, 126
Trd, 258984.400, 140
Trd, 258984.483, 140
Trd, 258984.533, 139
Trd, 258984.867, 140
Trd, 258985.200, 139
Trd, 258985.750, 140
Trd, 258985.767, 140
Trd, 258985.867, 140
Trd, 258986.250, 140
Trd, 258986.683, 140
Trd, 258987.183, 140
Trd, 258987.367, 140
Trd, 258987.450, 140
Trd, 258987.717, 140
Trd, 258987.767, 140
Trd, 258987.950, 140
Trd, 258988.150, 140
Trd, 258988.350, 140
Trd, 258988.550, 140
Trd, 258988.917, 140
Trd, 258989.367, 140
Trd, 258989.650, 140
Trd, 258989.800, 139
Trd, 258990.467, 140
Trd, 258990.633, 140
Trd, 258990.883, 139
Trd, 258991.250, 140
Trd, 258991.550, 140
Trd, 258991.617, 140
Trd, 258991.650, 140
Trd, 258991.683, 140
Trd, 258992.233, 140
Trd, 258992.400, 140
Trd, 258992.567, 140
Trd, 258992.717, 140
Trd, 258993.300, 139
Trd, 258993.433, 139
Trd, 258993.967, 140
Trd, 258994.217, 140
Trd, 258994.283, 139
Trd, 258995.667, 140
Trd, 258995.867, 140
Trd, 258996.250, 140
Trd, 258996.533, 140
Trd, 258996.800, 140
Trd, 258997.000, 140
Trd, 258997.200, 140
Trd, 258997.617, 140
Trd, 258997.867, 140
Trd, 258998.317, 140
Trd, 258998.550, 140
Trd, 258998.633, 140
Trd, 258998.983, 140
Trd, 258999.283, 140
Trd, 258999.667, 140
Trd, 259000.067, 140
Trd, 259000.200, 140
Trd, 259000.583, 140
Trd, 259000.717, 140
Trd, 259001.167, 140
Trd, 259001.350, 140
Trd, 259001.600, 140
Trd, 259001.683, 140
Trd, 259002.083, 140
Trd, 259002.250, 140
Trd, 259002.267, 140
Trd, 259002.350, 140
Trd, 259002.700, 140
Trd, 259002.917, 118
Trd, 259003.250, 114
Trd, 259003.400, 138
Trd, 259003.517, 139
Trd, 259003.667, 140
Trd, 259003.850, 111
Trd, 259004.167, 120
Trd, 259004.550, 139
Trd, 259005.100, 132
Trd, 259005.150, 132
Trd, 259005.417, 140
Trd, 259005.467, 140
Trd, 259005.483, 140
Trd, 259005.533, 139
Trd, 259005.733, 132
Trd, 259005.800, 140
Trd, 259006.200, 131
Trd, 259006.250, 98
Trd, 259006.283, 86
Trd, 259006.583, 139
Trd, 259008.200, 140
Trd, 259008.250, 140
Trd, 259008.317, 140
Trd, 259008.767, 140
Trd, 259008.783, 140
Trd, 259009.050, 140
Trd, 259009.167, 140
Trd, 259009.183, 140
Trd, 259009.683, 140
Trd, 259009.717, 140
Trd, 259009.867, 140
Trd, 259010.200, 140
Trd, 259010.250, 140
Trd, 259010.350, 140
Trd, 259010.467, 139
Trd, 259010.683, 139
Trd, 259010.867, 140
Trd, 259011.067, 125
Trd, 259011.250, 124
Trd, 259011.633, 138
Trd, 259011.717, 126
Trd, 259012.050, 139
Trd, 259012.183, 138
Trd, 259013.067, 140
Trd, 259013.250, 140
Trd, 259013.333, 140
Trd, 259013.383, 140
Trd, 259014.033, 127
Trd, 259014.233, 140
Trd, 259014.383, 127
Trd, 259014.867, 130
Trd, 259014.967, 136
Trd, 259014.983, 130
Trd, 259015.133, 131
Trd, 259015.200, 140
Trd, 259015.483, 133
Trd, 259015.917, 140
Trd, 259016.433, 139
Trd, 259016.633, 135
Trd, 259016.750, 134
Trd, 259016.883, 133
Trd, 259017.250, 140
Trd, 259017.450, 134
Trd, 259017.883, 140
Trd, 259017.983, 140
Trd, 259018.050, 132
Trd, 259018.700, 139
Trd, 259018.767, 139
Trd, 259018.867, 139
Trd, 259020.250, 140
Trd, 259020.267, 140
Trd, 259020.317, 140
Trd, 259021.383, 140
Trd, 259021.933, 140
Trd, 259022.150, 140
Trd, 259022.300, 140
Trd, 259022.517, 140
Trd, 259022.617, 140
Trd, 259023.183, 140
Trd, 259023.233, 140
Trd, 259023.400, 140
Trd, 259023.733, 140
Trd, 259023.833, 140
Trd, 259023.950, 140
Trd, 259024.300, 140
Trd, 259024.717, 140
Trd, 259024.800, 140
Trd, 259024.967, 140
Trd, 259025.017, 140
Trd, 259025.250, 139
Trd, 259025.617, 140
Trd, 259025.900, 140
Trd, 259026.000, 140
Trd, 259026.017, 140
Trd, 259026.700, 140
Trd, 259026.733, 140
Trd, 259026.750, 139
Trd, 259026.933, 132
Trd, 259027.150, 140
Trd, 259027.167, 135
Trd, 259027.783, 140
Trd, 259028.300, 140
Trd, 259028.733, 140
Trd, 259029.017, 140
Trd, 259029.067, 140
Trd, 259029.183, 140
Trd, 259029.333, 140
Trd, 259029.883, 140
Trd, 259030.267, 140
Trd, 259030.350, 140
Trd, 259030.650, 140
Trd, 259030.750, 140
Trd, 259031.033, 140
Trd, 259031.217, 140
Trd, 259031.350, 137
Trd, 259031.650, 130
Trd, 259031.667, 129
Trd, 259031.767, 140
Trd, 259032.083, 140
Trd, 259032.150, 140
Trd, 259032.183, 140
Trd, 259033.117, 140
Trd, 259033.633, 140
Trd, 259033.667, 140
Trd, 259033.767, 140
Trd, 259034.317, 140
Trd, 259035.400, 140
Trd, 259035.600, 140
Trd, 259035.767, 140
Trd, 259035.800, 140
Trd, 259035.983, 140
Trd, 259036.000, 140
Trd, 259036.117, 139
Trd, 259036.683, 140
Trd, 259036.767, 140
Trd, 259036.817, 140
Trd, 259036.883, 140
Trd, 259036.933, 137
Trd, 259038.167, 140
Trd, 259039.217, 140
Trd, 259039.250, 140
Trd, 259039.333, 140
Trd, 259039.383, 140
Trd, 259039.583, 140
Trd, 259039.850, 140
Trd, 259040.033, 140
Trd, 259040.150, 140
Trd, 259040.283, 140
Trd, 259040.933, 140
Trd, 259040.950, 140
Trd, 259041.500, 140
Trd, 259041.533, 140
Trd, 259041.783, 140
Trd, 259042.017, 140
Trd, 259042.500, 140
Trd, 259043.050, 140
Trd, 259043.200, 140
Trd, 259043.383, 140
Trd, 259043.450, 140
Trd, 259043.733, 140
Trd, 259044.083, 140
Trd, 259044.283, 140
Trd, 259044.317, 140
Trd, 259044.350, 140
Trd, 259045.183, 139
Trd, 259045.600, 139
Trd, 259045.833, 138
Trd, 259046.083, 139
Trd, 259046.383, 140
Trd, 259046.850, 140
Trd, 259047.033, 140
Trd, 259047.700, 140
Trd, 259047.967, 140
Trd, 259048.067, 140
Trd, 259048.167, 140
Trd, 259048.200, 140
Trd, 259048.850, 140
Trd, 259049.283, 140
Trd, 259049.817, 140
Trd, 259049.833, 140
Trd, 259050.000, 140
Trd, 259050.133, 140
Trd, 259050.433, 140
Trd, 259050.517, 140
Trd, 259050.833, 140
Trd, 259051.383, 140
Trd, 259051.450, 140
Trd, 259051.617, 140
Trd, 259051.783, 140
Trd, 259051.900, 139
Trd, 259051.983, 139
Trd, 259052.200, 132
Trd, 259052.283, 130
Trd, 259052.533, 133
Trd, 259052.600, 138
Trd, 259052.633, 120
Trd, 259053.117, 121
Trd, 259053.367, 140
Trd, 259053.517, 139
Trd, 259053.767, 140
Trd, 259053.950, 139
Trd, 259054.500, 139
Trd, 259054.567, 140
Trd, 259054.783, 139
Trd, 259055.267, 122
Trd, 259055.350, 121
Trd, 259056.283, 140
Trd, 259056.967, 140
Trd, 259057.000, 140
Trd, 259057.167, 138
Trd, 259057.350, 140
Trd, 259057.450, 140
Trd, 259057.567, 140
Trd, 259058.100, 140
Trd, 259058.500, 140
Trd, 259058.733, 140
Trd, 259059.533, 140
Trd, 259059.917, 140
Trd, 259060.033, 140
Trd, 259060.400, 140
Trd, 259060.733, 140
Trd, 259060.900, 140
Trd, 259060.967, 139
Trd, 259061.167, 139
Trd, 259061.350, 139
Trd, 259061.483, 140
Trd, 259061.717, 140
Trd, 259061.883, 139
Trd, 259061.900, 139
Trd, 259062.167, 138
Trd, 259062.433, 137
Trd, 259062.533, 140
Trd, 259062.617, 140
Trd, 259062.633, 130
Trd, 259063.217, 114
Trd, 259063.333, 112
Trd, 259063.917, 113
Trd, 259064.517, 119
Trd, 259064.650, 122
Trd, 259064.983, 108
Trd, 259065.633, 139
Trd, 259065.817, 134
Trd, 259066.000, 134
Trd, 259066.183, 137
Trd, 259066.600, 140
Trd, 259067.067, 140
Trd, 259067.283, 140
Trd, 259067.483, 140
Trd, 259068.133, 140
Trd, 259068.400, 140
Trd, 259068.583, 140
Trd, 259068.700, 140
Trd, 259068.783, 140
Trd, 259069.250, 140
Trd, 259070.183, 140
Trd, 259070.800, 140
Trd, 259071.433, 140
Trd, 259072.100, 140
Trd, 259072.300, 140
Trd, 259072.433, 140
Trd, 259072.633, 140
Trd, 259072.650, 140
Trd, 259072.767, 140
Trd, 259072.967, 140
Trd, 259073.383, 140
Trd, 259073.967, 140
Trd, 259074.067, 140
Trd, 259074.100, 139
Trd, 259074.250, 139
Trd, 259074.383, 138
Trd, 259074.617, 139
Trd, 259074.633, 130
Trd, 259074.750, 116
Trd, 259074.833, 116
Trd, 259075.450, 140
Trd, 259075.800, 140
Trd, 259076.217, 140
Trd, 259076.883, 140
Trd, 259077.067, 140
Trd, 259077.333, 140
Trd, 259077.500, 140
Trd, 259077.800, 140
Trd, 259078.550, 140
Trd, 259078.783, 140
Trd, 259078.867, 140
Trd, 259078.900, 138
Trd, 259078.967, 132
Trd, 259079.050, 106
Trd, 259079.150, 102
Trd, 259079.300, 102
Trd, 259079.467, 139
Trd, 259079.567, 140
Trd, 259080.417, 140
Trd, 259081.050, 140
Trd, 259081.067, 140
Trd, 259081.233, 140
Trd, 259081.367, 140
Trd, 259081.617, 140
Trd, 259082.367, 140
Trd, 259082.500, 140
Trd, 259082.650, 140
Trd, 259082.850, 140
Trd, 259083.100, 140
Trd, 259083.417, 140
Trd, 259083.817, 140
Trd, 259083.900, 140
Trd, 259084.200, 140
Trd, 259084.267, 140
Trd, 259084.567, 119
Trd, 259084.933, 140
Trd, 259085.300, 140
Trd, 259085.800, 140
Trd, 259086.183, 140
Trd, 259086.500, 140
Trd, 259086.617, 140
Trd, 259086.783, 140
Trd, 259087.000, 140
Trd, 259087.433, 140
Trd, 259087.467, 140
Trd, 259087.483, 140
Trd, 259087.667, 139
Trd, 259088.183, 140
Trd, 259088.483, 140
Trd, 259088.533, 140
Trd, 259088.583, 140
Trd, 259088.617, 140
Trd, 259089.217, 140
Trd, 259089.483, 140
Trd, 259090.050, 140
Trd, 259090.067, 140
Trd, 259090.233, 140
Trd, 259091.050, 140
Trd, 259091.817, 140
Trd, 259092.267, 140
Trd, 259092.650, 140
Trd, 259092.867, 140
Trd, 259092.983, 140
Trd, 259093.100, 140
Trd, 259093.817, 140
Trd, 259093.900, 140
Trd, 259094.017, 140
Trd, 259094.250, 140
Trd, 259094.350, 140
Trd, 259094.683, 140
Trd, 259094.700, 140
Trd, 259095.150, 140
Trd, 259095.317, 140
Trd, 259095.350, 139
Trd, 259095.633, 125
Trd, 259095.833, 125
Trd, 259096.683, 131
Trd, 259097.400, 140
Trd, 259097.933, 140
Trd, 259099.550, 140
Trd, 259099.600, 140
Trd, 259099.800, 140
Trd, 259099.850, 140
Trd, 259100.117, 140
Trd, 259100.183, 140
Trd, 259100.500, 140
Trd, 259100.567, 140
Trd, 259100.683, 140
Trd, 259101.033, 140
Trd, 259101.050, 140
Trd, 259101.417, 140
Trd, 259101.583, 140
Trd, 259101.617, 140
Trd, 259101.633, 140
Trd, 259101.650, 140
Trd, 259101.800, 140
Trd, 259102.017, 140
Trd, 259102.400, 140
Trd, 259102.717, 140
Trd, 259103.167, 140
Trd, 259103.283, 140
Trd, 259103.300, 140
Trd, 259103.967, 140
Trd, 259104.100, 140
Trd, 259104.183, 140
Trd, 259104.300, 139
Trd, 259104.383, 136
Trd, 259104.417, 135
Trd, 259104.567, 123
Trd, 259104.783, 85
Trd, 259105.267, 139
Trd, 259105.283, 140
Trd, 259105.450, 140
Trd, 259105.550, 139
Trd, 259105.917, 139
Trd, 259105.933, 134
Trd, 259106.417, 99
Trd, 259106.533, 120
Trd, 259106.633, 81
Trd, 259106.667, 80
Trd, 259107.000, 83
Trd, 259107.167, 81
Trd, 259107.217, 113
Trd, 259107.267, 137
Trd, 259108.850, 140
Trd, 259109.217, 140
Trd, 259109.483, 140
Trd, 259109.683, 140
Trd, 259110.383, 140
Trd, 259110.600, 140
Trd, 259110.783, 140
Trd, 259111.050, 140
Trd, 259111.417, 140
Trd, 259111.617, 139
Trd, 259112.300, 140
Trd, 259112.350, 140
Trd, 259112.483, 140
Trd, 259113.467, 140
Trd, 259113.650, 140
Trd, 259113.667, 140
Trd, 259113.950, 140
Trd, 259114.117, 140
Trd, 259114.817, 140
Trd, 259114.933, 140
Trd, 259115.300, 140
Trd, 259115.517, 140
Trd, 259115.783, 140
Trd, 259116.033, 140
Trd, 259116.483, 140
Trd, 259116.983, 140
Trd, 259117.133, 140
Trd, 259117.233, 140
Trd, 259117.850, 140
Trd, 259118.017, 140
Trd, 259118.050, 140
Trd, 259118.200, 140
Trd, 259118.550, 140
Trd, 259118.733, 140
Trd, 259119.133, 140
Trd, 259119.933, 140
Trd, 259120.200, 140
Trd, 259120.267, 140
Trd, 259120.617, 140
Trd, 259120.750, 140
Trd, 259120.917, 140
Trd, 259120.950, 140
Trd, 259120.967, 140
Trd, 259121.133, 119
Trd, 259121.150, 119
Trd, 259122.000, 140
Trd, 259122.283, 140
Trd, 259122.350, 140
Trd, 259122.817, 140
Trd, 259123.267, 140
Trd, 259123.450, 140
Trd, 259123.567, 140
Trd, 259123.667, 140
Trd, 259124.267, 140
Trd, 259124.633, 140
Trd, 259124.967, 140
Trd, 259125.050, 140
Trd, 259125.200, 140
Trd, 259125.783, 140
Trd, 259125.850, 140
Trd, 259125.867, 140
Trd, 259125.967, 138
Trd, 259126.083, 140
Trd, 259126.517, 140
Trd, 259126.617, 140
Trd, 259126.867, 139
Trd, 259127.017, 139
Trd, 259127.167, 140
Trd, 259127.317, 140
Trd, 259127.567, 140
Trd, 259127.683, 140
Trd, 259128.083, 140
Trd, 259129.200, 140
Trd, 259129.633, 140
Trd, 259129.867, 140
Trd, 259130.050, 140
Trd, 259130.883, 140
Trd, 259130.933, 140
Trd, 259131.250, 140
Trd, 259131.333, 140
Trd, 259131.433, 140
Trd, 259131.600, 140
Trd, 259131.767, 140
Trd, 259131.783, 138
Trd, 259132.067, 140
Trd, 259132.100, 135
Trd, 259132.400, 140
Trd, 259132.483, 133
Trd, 259132.550, 131
Trd, 259133.317, 126
Trd, 259133.517, 140
Trd, 259133.533, 125
Trd, 259133.633, 136
Trd, 259133.750, 125
Trd, 259133.917, 139
Trd, 259134.350, 119
Trd, 259135.550, 140
Trd, 259135.733, 140
Trd, 259135.917, 140
Trd, 259136.167, 140
Trd, 259136.250, 138
Trd, 259136.567, 137
Trd, 259137.050, 140
Trd, 259137.600, 140
Trd, 259137.833, 140
Trd, 259138.033, 140
Trd, 259138.133, 140
Trd, 259138.183, 140
Trd, 259138.400, 139
Trd, 259138.533, 138
Trd, 259138.550, 125
Trd, 259138.933, 140
Trd, 259139.233, 118
Trd, 259139.933, 140
Trd, 259140.183, 140
Trd, 259140.467, 140
Trd, 259140.550, 140
Trd, 259140.950, 140
Trd, 259141.217, 140
Trd, 259141.367, 140
Trd, 259141.517, 140
Trd, 259141.617, 140
Trd, 259141.683, 140
Trd, 259141.817, 140
Trd, 259141.917, 140
Trd, 259141.933, 137
Trd, 259142.150, 139
Trd, 259142.233, 136
Trd, 259142.350, 135
Trd, 259143.033, 140
Trd, 259143.200, 140
Trd, 259143.367, 133
Trd, 259143.650, 139
Trd, 259143.750, 128
Trd, 259144.083, 127
Trd, 259145.067, 140
Trd, 259145.100, 140
Trd, 259145.483, 123
Trd, 259145.517, 122
Trd, 259145.717, 122
Trd, 259146.050, 122
Trd, 259146.100, 120
Trd, 259146.733, 123
Trd, 259146.950, 122
Trd, 259147.417, 120
Trd, 259147.433, 129
Trd, 259147.850, 140
Trd, 259147.933, 127
Trd, 259148.267, 128
Trd, 259148.467, 129
Trd, 259148.733, 131
Trd, 259149.017, 131
Trd, 259149.067, 130
Trd, 259150.167, 140
Trd, 259150.417, 140
Trd, 259150.550, 140
Trd, 259151.467, 140
Trd, 259151.483, 140
Trd, 259151.750, 140
Trd, 259152.050, 140
Trd, 259152.333, 140
Trd, 259153.483, 140
Trd, 259153.567, 140
Trd, 259153.633, 140
Trd, 259153.867, 140
Trd, 259154.033, 140
Trd, 259154.083, 140
Trd, 259154.583, 140
Trd, 259155.050, 140
Trd, 259155.317, 140
Trd, 259155.400, 140
Trd, 259155.633, 140
Trd, 259156.233, 140
Trd, 259156.317, 140
Trd, 259156.417, 140
Trd, 259156.433, 140
Trd, 259156.583, 140
Trd, 259157.200, 140
Trd, 259157.367, 140
Trd, 259157.633, 140
Trd, 259158.167, 140
Trd, 259158.267, 140
Trd, 259158.317, 140
Trd, 259158.750, 139
Trd, 259158.983, 135
Trd, 259159.200, 134
Trd, 259159.250, 132
Trd, 259159.267, 126
Trd, 259160.083, 140
Trd, 259160.183, 140
Trd, 259160.233, 140
Trd, 259160.383, 140
Trd, 259160.483, 140
Trd, 259160.683, 140
Trd, 259160.733, 140
Trd, 259161.033, 140
Trd, 259161.300, 140
Trd, 259161.917, 140
Trd, 259162.383, 140
Trd, 259162.450, 140
Trd, 259162.483, 140
Trd, 259163.050, 140
Trd, 259163.533, 140
Trd, 259163.683, 140
Trd, 259163.750, 140
Trd, 259163.817, 140
Trd, 259164.517, 140
Trd, 259164.650, 140
Trd, 259165.117, 140
Trd, 259165.833, 140
Trd, 259165.950, 140
Trd, 259166.133, 140
Trd, 259166.300, 140
Trd, 259166.833, 140
Trd, 259167.033, 140
Trd, 259167.233, 140
Trd, 259167.433, 140
Trd, 259167.750, 140
Trd, 259167.967, 140
Trd, 259168.050, 140
Trd, 259168.733, 140
Trd, 259168.983, 140
Trd, 259169.683, 140
Trd, 259169.700, 140
Trd, 259169.983, 140
Trd, 259170.200, 140
Trd, 259170.467, 140
Trd, 259170.933, 140
Trd, 259170.950, 140
Trd, 259171.083, 140
Trd, 259171.150, 139
Trd, 259171.233, 139
Trd, 259171.300, 136
Trd, 259172.033, 140
Trd, 259172.250, 140
Trd, 259172.267, 139
Trd, 259172.483, 139
Trd, 259172.517, 138
Trd, 259172.983, 140
Trd, 259173.233, 138
Trd, 259173.333, 137
Trd, 259173.467, 140
Trd, 259173.533, 123
Trd, 259173.783, 136
Trd, 259173.867, 135
Trd, 259174.117, 129
Trd, 259174.833, 140
Trd, 259174.900, 140
Trd, 259175.250, 140
Trd, 259175.917, 140
Trd, 259176.167, 140
Trd, 259176.250, 140
Trd, 259176.317, 140
Trd, 259176.383, 140
Trd, 259176.400, 140
Trd, 259176.900, 140
Trd, 259177.067, 140
Trd, 259177.367, 134
Trd, 259177.817, 140
Trd, 259178.083, 140
Trd, 259178.350, 140
Trd, 259179.850, 140
Trd, 259180.083, 140
Trd, 259180.550, 140
Trd, 259180.567, 140
Trd, 259180.967, 140
Trd, 259181.233, 140
Trd, 259181.633, 140
Trd, 259182.017, 140
Trd, 259182.433, 140
Trd, 259182.733, 140
Trd, 259182.800, 140
Trd, 259182.883, 140
Trd, 259183.000, 140
Trd, 259183.283, 140
Trd, 259183.567, 140
Trd, 259183.683, 140
Trd, 259183.983, 140
Trd, 259184.167, 140
Trd, 259184.550, 140
Trd, 259184.583, 140
Trd, 259184.800, 140
Trd, 259184.983, 140
Trd, 259185.000, 140
Trd, 259185.017, 140
Trd, 259185.283, 140
Trd, 259185.350, 140
Trd, 259185.433, 139
Trd, 259185.967, 140
Trd, 259186.000, 139
Trd, 259186.350, 139
Trd, 259186.550, 140
Trd, 259186.600, 138
Trd, 259186.833, 138
Trd, 259187.333, 140
Trd, 259187.633, 140
Trd, 259187.883, 136
Trd, 259188.100, 136
Trd, 259188.367, 138
Trd, 259188.383, 137
Trd, 259188.800, 135
Trd, 259189.133, 126
Trd, 259189.267, 126
Trd, 259189.417, 125
Trd, 259189.583, 125
Trd, 259189.733, 140
Trd, 259189.800, 135
Trd, 259190.083, 139
Trd, 259190.333, 131
Trd, 259190.400, 131
Trd, 259191.133, 135
Trd, 259191.150, 126
Trd, 259191.267, 138
Trd, 259191.383, 107
Trd, 259191.733, 110
Trd, 259191.800, 106
Trd, 259191.883, 106
Trd, 259191.950, 108
Trd, 259192.533, 82
Trd, 259192.667, 78
Trd, 259192.700, 101
Trd, 259193.083, 140
Trd, 259193.100, 140
Trd, 259193.367, 79
Trd, 259193.867, 138
Trd, 259194.133, 140
Trd, 259194.867, 140
Trd, 259195.283, 140
Trd, 259195.367, 140
Trd, 259195.900, 140
Trd, 259195.967, 140
Trd, 259195.983, 140
Trd, 259196.600, 140
Trd, 259196.700, 140
Trd, 259197.017, 140
Trd, 259197.083, 140
Trd, 259197.417, 140
Trd, 259197.617, 140
Trd, 259197.650, 140
Trd, 259198.283, 140
Trd, 259198.317, 139
Trd, 259198.367, 139
Trd, 259198.683, 125
Trd, 259198.783, 136
Trd, 259199.283, 139
Trd, 259199.633, 140
