Trd, 258594.317, 140
Trd, 258594.450, 73
Trd, 258594.583, 75
Trd, 258594.767, 67
Trd, 258595.000, 67
Trd, 258595.500, 65
Trd, 258595.817, 62
Trd, 258596.300, 60
Trd, 258596.667, 60
Trd, 258596.717, 60
Trd, 258596.767, 60
Trd, 258596.983, 60
Trd, 258597.050, 60
Trd, 258597.083, 60
Trd, 258597.100, 60
Trd, 258597.317, 60
Trd, 258597.467, 60
Trd, 258597.483, 60
Trd, 258597.567, 60
Trd, 258597.767, 61
Trd, 258597.883, 64
Trd, 258597.950, 65
Trd, 258598.217, 64
Trd, 258598.617, 66
Trd, 258598.900, 64
Trd, 258599.200, 140
Trd, 258599.633, 140
Trd, 258600.483, 140
Trd, 258600.767, 140
Trd, 258601.433, 140
Trd, 258601.483, 140
Trd, 258601.667, 140
Trd, 258601.717, 140
Trd, 258601.733, 140
Trd, 258601.767, 140
Trd, 258601.800, 140
Trd, 258602.067, 140
Trd, 258602.133, 140
Trd, 258602.167, 140
Trd, 258602.267, 140
Trd, 258602.283, 140
Trd, 258602.583, 140
Trd, 258602.983, 140
Trd, 258603.083, 140
Trd, 258603.133, 139
Trd, 258603.583, 102
Trd, 258603.717, 137
Trd, 258603.800, 104
Trd, 258604.533, 114
Trd, 258604.667, 135
Trd, 258604.850, 115
Trd, 258605.317, 131
Trd, 258605.767, 121
Trd, 258605.850, 128
Trd, 258605.900, 121
Trd, 258606.050, 122
Trd, 258606.100, 128
Trd, 258606.333, 127
Trd, 258606.400, 121
Trd, 258606.500, 120
Trd, 258606.733, 126
Trd, 258606.950, 115
Trd, 258607.033, 115
Trd, 258607.800, 119
Trd, 258607.817, 117
Trd, 258608.000, 120
Trd, 258608.100, 119
Trd, 258608.317, 119
Trd, 258608.467, 120
Trd, 258608.650, 120
Trd, 258608.750, 121
Trd, 258608.917, 123
Trd, 258609.583, 139
Trd, 258609.717, 140
Trd, 258609.800, 140
Trd, 258610.050, 140
Trd, 258610.150, 139
Trd, 258610.533, 138
Trd, 258610.567, 137
Trd, 258611.233, 129
Trd, 258611.267, 128
Trd, 258611.433, 134
Trd, 258611.600, 134
Trd, 258611.633, 128
Trd, 258611.917, 133
Trd, 258612.267, 130
Trd, 258612.317, 129
Trd, 258612.417, 129
Trd, 258612.483, 128
Trd, 258612.700, 128
Trd, 258612.750, 129
Trd, 258612.950, 129
Trd, 258613.050, 124
Trd, 258613.450, 128
Trd, 258613.667, 126
Trd, 258613.867, 127
Trd, 258613.917, 126
Trd, 258614.117, 126
Trd, 258614.350, 125
Trd, 258614.517, 126
Trd, 258614.567, 123
Trd, 258614.600, 99
Trd, 258614.750, 98
Trd, 258615.133, 85
Trd, 258615.583, 74
Trd, 258616.100, 140
Trd, 258616.167, 138
Trd, 258616.967, 140
Trd, 258617.000, 140
Trd, 258617.083, 140
Trd, 258617.100, 139
Trd, 258617.400, 110
Trd, 258617.650, 140
Trd, 258617.833, 138
Trd, 258617.950, 137
Trd, 258618.067, 125
Trd, 258618.317, 138
Trd, 258618.417, 139
Trd, 258618.617, 134
Trd, 258618.667, 140
Trd, 258618.933, 133
Trd, 258619.317, 138
Trd, 258619.400, 139
Trd, 258619.417, 138
Trd, 258619.483, 137
Trd, 258619.517, 134
Trd, 258619.550, 133
Trd, 258620.483, 130
Trd, 258620.583, 131
Trd, 258620.733, 129
Trd, 258620.817, 125
Trd, 258620.933, 134
Trd, 258621.650, 124
Trd, 258621.767, 124
Trd, 258621.817, 125
Trd, 258621.833, 127
Trd, 258621.950, 129
Trd, 258622.083, 124
Trd, 258622.183, 124
Trd, 258623.050, 126
Trd, 258623.317, 135
Trd, 258623.450, 135
Trd, 258623.867, 125
Trd, 258624.317, 140
Trd, 258624.350, 140
Trd, 258624.517, 140
Trd, 258624.817, 140
Trd, 258625.583, 140
Trd, 258625.733, 140
Trd, 258625.850, 140
Trd, 258626.017, 140
Trd, 258626.067, 140
Trd, 258626.083, 140
Trd, 258626.300, 140
Trd, 258626.367, 140
Trd, 258626.400, 140
Trd, 258626.533, 140
Trd, 258626.583, 139
Trd, 258626.933, 140
Trd, 258627.200, 140
Trd, 258627.733, 140
Trd, 258628.017, 140
Trd, 258628.117, 140
Trd, 258628.200, 140
Trd, 258628.517, 140
Trd, 258628.733, 140
Trd, 258628.750, 140
Trd, 258628.967, 140
Trd, 258629.083, 138
Trd, 258629.467, 140
Trd, 258629.517, 140
Trd, 258629.583, 140
Trd, 258629.700, 136
Trd, 258629.750, 126
Trd, 258629.833, 136
Trd, 258630.717, 140
Trd, 258630.800, 112
Trd, 258631.050, 139
Trd, 258631.350, 98
Trd, 258631.883, 88
Trd, 258631.933, 137
Trd, 258631.983, 111
Trd, 258632.150, 138
Trd, 258632.583, 129
Trd, 258632.617, 138
Trd, 258632.867, 137
Trd, 258633.067, 138
Trd, 258633.117, 138
Trd, 258633.333, 138
Trd, 258633.633, 138
Trd, 258633.850, 137
Trd, 258633.867, 96
Trd, 258633.900, 90
Trd, 258634.117, 92
Trd, 258634.417, 133
Trd, 258634.550, 94
Trd, 258634.733, 93
Trd, 258634.817, 101
Trd, 258634.833, 104
Trd, 258635.183, 104
Trd, 258635.417, 104
Trd, 258636.017, 108
Trd, 258636.167, 104
Trd, 258636.283, 106
Trd, 258636.500, 107
Trd, 258636.633, 107
Trd, 258636.833, 105
Trd, 258636.967, 109
Trd, 258637.083, 105
Trd, 258637.283, 106
Trd, 258637.467, 110
Trd, 258637.683, 106
Trd, 258637.867, 107
Trd, 258639.383, 140
Trd, 258639.450, 140
Trd, 258639.633, 140
Trd, 258639.733, 140
Trd, 258639.917, 140
Trd, 258639.950, 140
Trd, 258640.417, 140
Trd, 258640.450, 140
Trd, 258640.717, 139
Trd, 258641.483, 140
Trd, 258641.550, 140
Trd, 258641.583, 140
Trd, 258641.817, 140
Trd, 258642.017, 140
Trd, 258642.067, 140
Trd, 258642.150, 140
Trd, 258642.183, 140
Trd, 258642.350, 140
Trd, 258642.400, 140
Trd, 258642.417, 140
Trd, 258642.433, 137
Trd, 258642.783, 139
Trd, 258642.833, 139
Trd, 258643.050, 139
Trd, 258643.600, 139
Trd, 258643.733, 140
Trd, 258643.933, 139
Trd, 258644.200, 140
Trd, 258644.950, 140
Trd, 258645.000, 140
Trd, 258645.017, 140
Trd, 258645.067, 140
Trd, 258645.133, 139
Trd, 258645.217, 139
Trd, 258645.567, 140
Trd, 258645.783, 140
Trd, 258646.267, 140
Trd, 258646.667, 140
Trd, 258646.733, 140
Trd, 258646.817, 140
Trd, 258648.183, 140
Trd, 258648.367, 140
Trd, 258648.483, 140
Trd, 258648.550, 140
Trd, 258648.683, 140
Trd, 258648.733, 140
Trd, 258648.833, 140
Trd, 258648.917, 140
Trd, 258648.933, 140
Trd, 258648.983, 140
Trd, 258649.017, 134
Trd, 258649.067, 127
Trd, 258649.500, 137
Trd, 258649.617, 137
Trd, 258649.633, 139
Trd, 258649.783, 107
Trd, 258650.200, 134
Trd, 258650.533, 125
Trd, 258650.733, 113
Trd, 258650.783, 124
Trd, 258650.917, 125
Trd, 258651.250, 124
Trd, 258651.267, 115
Trd, 258651.367, 125
Trd, 258651.733, 122
Trd, 258651.783, 119
Trd, 258652.083, 122
Trd, 258652.167, 122
Trd, 258652.283, 123
Trd, 258652.367, 121
Trd, 258652.433, 113
Trd, 258652.933, 92
Trd, 258653.417, 85
Trd, 258653.433, 84
Trd, 258653.517, 82
Trd, 258653.533, 112
Trd, 258654.200, 101
Trd, 258654.467, 98
Trd, 258654.483, 82
Trd, 258654.750, 97
Trd, 258654.867, 96
Trd, 258655.150, 92
Trd, 258655.550, 87
Trd, 258655.717, 86
Trd, 258655.950, 91
Trd, 258656.483, 89
Trd, 258656.583, 91
Trd, 258656.800, 92
Trd, 258656.850, 93
Trd, 258657.067, 95
Trd, 258657.617, 99
Trd, 258657.767, 99
Trd, 258658.050, 101
Trd, 258659.183, 140
Trd, 258659.367, 140
Trd, 258659.417, 140
Trd, 258659.783, 140
Trd, 258660.383, 140
Trd, 258660.400, 140
Trd, 258660.450, 140
Trd, 258660.467, 140
Trd, 258660.750, 140
Trd, 258660.850, 139
Trd, 258661.033, 140
Trd, 258661.133, 140
Trd, 258661.317, 140
Trd, 258661.517, 140
Trd, 258661.700, 140
Trd, 258661.750, 139
Trd, 258662.383, 140
Trd, 258662.583, 140
Trd, 258662.733, 140
Trd, 258662.833, 140
Trd, 258662.850, 140
Trd, 258662.967, 140
Trd, 258663.033, 140
Trd, 258663.267, 139
Trd, 258663.400, 140
Trd, 258663.683, 140
Trd, 258663.883, 140
Trd, 258663.933, 139
Trd, 258664.117, 139
Trd, 258664.333, 140
Trd, 258664.650, 122
Trd, 258664.833, 121
Trd, 258665.300, 126
Trd, 258665.500, 122
Trd, 258665.717, 121
Trd, 258666.050, 139
Trd, 258666.433, 140
Trd, 258666.467, 140
Trd, 258666.500, 140
Trd, 258666.517, 140
Trd, 258667.117, 140
Trd, 258667.200, 140
Trd, 258667.283, 139
Trd, 258667.600, 137
Trd, 258667.733, 139
Trd, 258667.817, 136
Trd, 258667.850, 139
Trd, 258668.250, 138
Trd, 258668.483, 140
Trd, 258669.050, 138
Trd, 258669.100, 136
Trd, 258669.133, 135
Trd, 258669.617, 138
Trd, 258669.783, 125
Trd, 258669.800, 116
Trd, 258670.017, 129
Trd, 258670.367, 113
Trd, 258670.533, 119
Trd, 258670.717, 114
Trd, 258670.917, 85
Trd, 258671.200, 71
Trd, 258671.267, 99
Trd, 258671.317, 70
Trd, 258671.867, 80
Trd, 258671.900, 81
Trd, 258672.050, 82
Trd, 258672.150, 84
Trd, 258672.350, 75
Trd, 258672.550, 121
Trd, 258672.683, 76
Trd, 258673.333, 86
Trd, 258673.617, 100
Trd, 258674.000, 111
Trd, 258674.167, 111
Trd, 258674.400, 105
Trd, 258674.533, 101
Trd, 258674.583, 100
Trd, 258675.033, 104
Trd, 258675.183, 103
Trd, 258675.217, 104
Trd, 258675.283, 104
Trd, 258675.367, 102
Trd, 258675.550, 101
Trd, 258675.883, 100
Trd, 258675.917, 99
Trd, 258676.017, 98
Trd, 258676.183, 95
Trd, 258676.317, 98
Trd, 258676.600, 99
Trd, 258676.783, 89
Trd, 258676.850, 101
Trd, 258677.050, 125
Trd, 258677.433, 126
Trd, 258677.967, 140
Trd, 258678.217, 140
Trd, 258678.500, 140
Trd, 258678.883, 140
Trd, 258679.017, 140
Trd, 258679.567, 140
Trd, 258679.950, 140
Trd, 258680.983, 140
Trd, 258681.183, 140
Trd, 258681.217, 140
Trd, 258681.317, 140
Trd, 258681.500, 140
Trd, 258681.567, 140
Trd, 258681.583, 140
Trd, 258681.717, 140
Trd, 258681.783, 140
Trd, 258681.800, 140
Trd, 258681.867, 140
Trd, 258681.933, 140
Trd, 258681.950, 140
Trd, 258682.017, 140
Trd, 258682.133, 140
Trd, 258682.450, 140
Trd, 258683.617, 140
Trd, 258683.633, 140
Trd, 258683.850, 140
Trd, 258684.000, 140
Trd, 258684.067, 140
Trd, 258684.167, 140
Trd, 258684.317, 140
Trd, 258684.450, 138
Trd, 258684.533, 139
Trd, 258684.667, 139
Trd, 258684.700, 138
Trd, 258684.833, 106
Trd, 258685.500, 104
Trd, 258685.550, 105
Trd, 258685.617, 104
Trd, 258685.917, 115
Trd, 258685.933, 136
Trd, 258686.000, 84
Trd, 258686.767, 130
Trd, 258686.800, 134
Trd, 258686.967, 131
Trd, 258687.050, 93
Trd, 258687.483, 90
Trd, 258687.517, 126
Trd, 258688.017, 126
Trd, 258688.033, 105
Trd, 258688.233, 106
Trd, 258688.400, 124
Trd, 258688.483, 105
Trd, 258688.500, 127
Trd, 258688.750, 105
Trd, 258688.917, 140
Trd, 258689.250, 140
Trd, 258689.467, 62
Trd, 258689.900, 62
Trd, 258690.117, 65
Trd, 258690.517, 65
Trd, 258691.200, 140
Trd, 258691.317, 140
Trd, 258692.733, 140
Trd, 258692.967, 140
Trd, 258693.000, 140
Trd, 258693.017, 140
Trd, 258693.050, 140
Trd, 258693.083, 140
Trd, 258693.100, 140
Trd, 258693.150, 140
Trd, 258693.183, 140
Trd, 258693.233, 139
Trd, 258693.367, 140
Trd, 258693.567, 140
Trd, 258693.617, 139
Trd, 258693.750, 139
Trd, 258693.883, 140
Trd, 258694.300, 140
Trd, 258694.967, 140
Trd, 258695.833, 140
Trd, 258695.983, 140
Trd, 258696.067, 140
Trd, 258697.233, 140
Trd, 258697.317, 140
Trd, 258697.417, 140
Trd, 258697.433, 140
Trd, 258697.500, 140
Trd, 258697.583, 140
Trd, 258697.633, 140
Trd, 258697.700, 140
Trd, 258697.767, 139
Trd, 258698.150, 140
Trd, 258698.200, 140
Trd, 258698.300, 140
Trd, 258698.567, 140
Trd, 258698.700, 140
Trd, 258698.883, 138
Trd, 258699.083, 140
Trd, 258699.450, 140
Trd, 258699.617, 140
Trd, 258699.633, 140
Trd, 258700.267, 131
Trd, 258700.650, 138
Trd, 258700.717, 140
Trd, 258700.950, 135
Trd, 258701.367, 134
Trd, 258701.483, 134
Trd, 258701.517, 133
Trd, 258701.900, 130
Trd, 258701.933, 115
Trd, 258702.300, 133
Trd, 258702.433, 118
Trd, 258702.650, 132
Trd, 258702.667, 133
Trd, 258702.867, 123
Trd, 258703.217, 124
Trd, 258703.550, 124
Trd, 258703.600, 124
Trd, 258703.767, 126
Trd, 258703.800, 111
Trd, 258704.383, 128
Trd, 258704.600, 115
Trd, 258704.717, 126
Trd, 258704.900, 119
Trd, 258705.083, 119
Trd, 258705.117, 114
Trd, 258705.400, 110
Trd, 258705.467, 122
Trd, 258705.550, 121
Trd, 258705.850, 83
Trd, 258705.950, 84
Trd, 258706.267, 65
Trd, 258706.417, 109
Trd, 258706.650, 116
Trd, 258707.350, 80
Trd, 258707.667, 97
Trd, 258707.700, 98
Trd, 258707.783, 100
Trd, 258707.950, 94
Trd, 258708.000, 100
Trd, 258708.267, 84
Trd, 258708.400, 98
Trd, 258708.517, 99
Trd, 258708.750, 85
Trd, 258708.950, 99
Trd, 258709.283, 100
Trd, 258709.383, 94
Trd, 258709.717, 96
Trd, 258710.100, 139
Trd, 258710.167, 138
Trd, 258710.367, 95
Trd, 258710.417, 94
Trd, 258710.533, 140
Trd, 258711.067, 95
Trd, 258711.383, 97
Trd, 258711.450, 98
Trd, 258711.550, 95
Trd, 258711.817, 94
Trd, 258711.917, 93
Trd, 258711.950, 97
Trd, 258711.983, 65
Trd, 258712.083, 98
Trd, 258712.750, 69
Trd, 258713.100, 94
Trd, 258713.150, 95
Trd, 258713.700, 91
Trd, 258713.950, 73
Trd, 258713.967, 91
Trd, 258713.983, 72
Trd, 258714.033, 93
Trd, 258714.233, 69
Trd, 258714.300, 94
Trd, 258714.367, 69
Trd, 258714.433, 66
Trd, 258714.700, 92
Trd, 258714.783, 94
Trd, 258715.083, 140
Trd, 258715.583, 140
Trd, 258715.850, 140
Trd, 258716.133, 140
Trd, 258716.200, 140
Trd, 258717.300, 114
Trd, 258718.200, 110
Trd, 258718.217, 109
Trd, 258718.517, 92
Trd, 258718.583, 89
Trd, 258718.717, 93
Trd, 258718.733, 111
Trd, 258718.750, 86
Trd, 258718.900, 85
Trd, 258719.167, 83
Trd, 258719.183, 82
Trd, 258719.250, 112
Trd, 258719.700, 112
Trd, 258719.750, 114
Trd, 258720.350, 107
Trd, 258721.350, 140
Trd, 258721.367, 140
Trd, 258721.733, 140
Trd, 258722.133, 140
Trd, 258722.483, 140
Trd, 258722.600, 140
Trd, 258723.050, 140
Trd, 258723.867, 140
Trd, 258723.967, 140
Trd, 258724.183, 140
Trd, 258724.200, 140
Trd, 258724.450, 140
Trd, 258724.483, 140
Trd, 258724.717, 140
Trd, 258724.833, 140
Trd, 258724.967, 140
Trd, 258725.333, 140
Trd, 258725.567, 140
Trd, 258725.717, 140
Trd, 258725.783, 140
Trd, 258725.950, 140
Trd, 258726.083, 140
Trd, 258727.083, 140
Trd, 258727.100, 140
Trd, 258727.167, 140
Trd, 258727.250, 140
Trd, 258727.683, 140
Trd, 258727.700, 140
Trd, 258727.900, 140
Trd, 258728.217, 140
Trd, 258728.233, 140
Trd, 258728.333, 140
Trd, 258728.533, 140
Trd, 258728.550, 139
Trd, 258730.033, 140
Trd, 258730.150, 140
Trd, 258730.367, 140
Trd, 258730.383, 140
Trd, 258730.833, 140
Trd, 258730.950, 140
Trd, 258731.200, 140
Trd, 258731.333, 140
Trd, 258732.217, 140
Trd, 258732.400, 140
Trd, 258732.483, 140
Trd, 258732.517, 140
Trd, 258732.533, 140
Trd, 258732.550, 140
Trd, 258732.583, 140
Trd, 258732.650, 140
Trd, 258732.700, 140
Trd, 258733.017, 140
Trd, 258733.567, 140
Trd, 258733.633, 140
Trd, 258733.650, 140
Trd, 258733.667, 139
Trd, 258733.933, 140
Trd, 258734.333, 139
Trd, 258734.467, 138
Trd, 258734.800, 129
Trd, 258734.883, 125
Trd, 258735.050, 114
Trd, 258735.067, 109
Trd, 258735.217, 89
Trd, 258735.233, 68
Trd, 258735.650, 137
Trd, 258735.717, 138
Trd, 258736.050, 135
Trd, 258736.067, 136
Trd, 258736.233, 134
Trd, 258736.333, 131
Trd, 258736.350, 130
Trd, 258736.700, 134
Trd, 258736.850, 135
Trd, 258736.983, 125
Trd, 258737.167, 124
Trd, 258738.200, 140
Trd, 258738.467, 140
Trd, 258739.250, 140
Trd, 258739.300, 140
Trd, 258739.450, 140
Trd, 258739.600, 140
Trd, 258739.633, 140
Trd, 258739.733, 140
Trd, 258739.750, 139
Trd, 258739.850, 140
Trd, 258740.300, 140
Trd, 258740.350, 140
Trd, 258740.433, 140
Trd, 258741.067, 140
Trd, 258741.250, 140
Trd, 258741.683, 140
Trd, 258741.767, 140
Trd, 258742.700, 140
Trd, 258742.717, 140
Trd, 258742.950, 140
Trd, 258743.033, 140
Trd, 258743.167, 140
Trd, 258743.200, 140
Trd, 258743.283, 140
Trd, 258743.317, 140
Trd, 258743.500, 139
Trd, 258743.633, 139
Trd, 258743.800, 139
Trd, 258744.067, 126
Trd, 258744.167, 139
Trd, 258744.233, 138
Trd, 258744.267, 125
Trd, 258744.367, 94
Trd, 258744.733, 137
Trd, 258744.917, 121
Trd, 258745.217, 100
Trd, 258745.233, 99
Trd, 258746.017, 116
Trd, 258746.450, 134
Trd, 258746.467, 135
Trd, 258746.650, 138
Trd, 258747.283, 119
Trd, 258747.467, 118
Trd, 258747.633, 130
Trd, 258747.667, 131
Trd, 258747.917, 130
Trd, 258747.950, 120
Trd, 258748.050, 122
Trd, 258748.183, 130
Trd, 258748.267, 122
Trd, 258748.500, 129
Trd, 258748.717, 122
Trd, 258748.933, 128
Trd, 258749.167, 123
Trd, 258749.183, 122
Trd, 258749.333, 121
Trd, 258749.350, 116
Trd, 258749.700, 123
Trd, 258749.733, 126
Trd, 258749.967, 127
Trd, 258750.333, 128
Trd, 258750.367, 129
Trd, 258750.750, 132
Trd, 258751.217, 133
Trd, 258751.417, 135
Trd, 258751.483, 136
Trd, 258751.683, 135
Trd, 258751.717, 137
Trd, 258752.167, 140
Trd, 258752.267, 135
Trd, 258752.683, 140
Trd, 258752.700, 135
Trd, 258753.333, 139
Trd, 258753.567, 139
Trd, 258753.950, 137
Trd, 258754.333, 136
Trd, 258754.367, 136
Trd, 258754.400, 137
Trd, 258754.683, 140
Trd, 258755.283, 140
Trd, 258755.317, 140
Trd, 258755.733, 136
Trd, 258755.817, 135
Trd, 258755.933, 135
Trd, 258756.000, 132
Trd, 258756.567, 132
Trd, 258756.750, 116
Trd, 258756.867, 110
Trd, 258756.983, 93
Trd, 258757.533, 128
Trd, 258757.717, 126
Trd, 258757.767, 96
Trd, 258757.917, 126
Trd, 258758.150, 98
Trd, 258758.233, 123
Trd, 258758.350, 124
Trd, 258758.367, 125
Trd, 258758.750, 121
Trd, 258759.017, 120
Trd, 258759.150, 119
Trd, 258759.200, 119
Trd, 258759.217, 118
Trd, 258759.867, 102
Trd, 258759.950, 101
Trd, 258760.200, 101
Trd, 258760.350, 102
Trd, 258760.400, 117
Trd, 258761.450, 104
Trd, 258761.617, 104
Trd, 258761.867, 104
Trd, 258761.883, 110
Trd, 258762.200, 105
Trd, 258762.433, 104
Trd, 258762.517, 105
Trd, 258762.583, 106
Trd, 258762.617, 103
Trd, 258762.717, 108
Trd, 258762.750, 102
Trd, 258762.817, 73
Trd, 258762.833, 110
Trd, 258763.133, 73
Trd, 258763.517, 140
Trd, 258763.917, 110
Trd, 258764.083, 140
Trd, 258764.117, 109
Trd, 258764.367, 140
Trd, 258764.517, 139
Trd, 258764.933, 140
Trd, 258765.183, 140
Trd, 258765.867, 140
Trd, 258765.900, 140
Trd, 258765.967, 140
Trd, 258766.083, 140
Trd, 258766.100, 140
Trd, 258766.167, 139
Trd, 258766.233, 136
Trd, 258766.267, 98
Trd, 258766.917, 136
Trd, 258767.033, 139
Trd, 258767.567, 132
Trd, 258767.700, 130
Trd, 258767.917, 129
Trd, 258767.983, 130
Trd, 258768.267, 106
Trd, 258768.383, 102
Trd, 258768.550, 131
Trd, 258768.733, 102
Trd, 258768.783, 116
Trd, 258769.150, 102
Trd, 258769.450, 140
Trd, 258769.683, 140
Trd, 258770.700, 140
Trd, 258770.900, 140
Trd, 258771.200, 140
Trd, 258771.767, 140
Trd, 258771.933, 140
Trd, 258771.950, 140
Trd, 258772.000, 140
Trd, 258772.133, 140
Trd, 258772.217, 140
Trd, 258772.383, 140
Trd, 258772.433, 140
Trd, 258772.700, 140
Trd, 258772.833, 140
Trd, 258773.100, 140
Trd, 258773.317, 140
Trd, 258773.400, 140
Trd, 258773.450, 140
Trd, 258773.483, 140
Trd, 258773.850, 140
Trd, 258773.900, 140
Trd, 258773.950, 140
Trd, 258774.267, 140
Trd, 258774.300, 140
Trd, 258774.467, 140
Trd, 258774.850, 131
Trd, 258775.183, 120
Trd, 258775.450, 140
Trd, 258775.883, 140
Trd, 258776.333, 140
Trd, 258776.517, 140
Trd, 258776.650, 140
Trd, 258776.800, 140
Trd, 258777.133, 140
Trd, 258777.467, 140
Trd, 258777.567, 140
Trd, 258777.817, 139
Trd, 258777.967, 139
Trd, 258778.050, 98
Trd, 258778.483, 105
Trd, 258778.567, 108
Trd, 258778.800, 110
Trd, 258778.933, 109
Trd, 258778.967, 107
Trd, 258779.150, 105
Trd, 258779.617, 106
Trd, 258779.683, 126
Trd, 258780.150, 119
Trd, 258780.200, 121
Trd, 258780.383, 106
Trd, 258780.683, 105
Trd, 258780.950, 101
Trd, 258781.033, 68
Trd, 258781.467, 110
Trd, 258781.500, 114
Trd, 258782.517, 95
Trd, 258782.683, 105
Trd, 258783.050, 105
Trd, 258783.083, 104
Trd, 258783.283, 104
Trd, 258783.450, 105
Trd, 258783.533, 106
Trd, 258783.567, 105
Trd, 258783.783, 114
Trd, 258783.983, 114
Trd, 258784.050, 107
Trd, 258784.183, 134
Trd, 258784.217, 105
Trd, 258784.450, 115
Trd, 258784.733, 132
Trd, 258784.967, 130
Trd, 258785.067, 138
Trd, 258785.733, 140
Trd, 258786.400, 140
Trd, 258786.867, 140
Trd, 258786.967, 140
Trd, 258787.100, 140
Trd, 258788.250, 140
Trd, 258788.267, 140
Trd, 258788.467, 140
Trd, 258788.500, 140
Trd, 258788.517, 140
Trd, 258788.600, 140
Trd, 258788.700, 140
Trd, 258788.717, 140
Trd, 258788.867, 140
Trd, 258789.050, 140
Trd, 258789.100, 140
Trd, 258789.233, 138
Trd, 258789.300, 140
Trd, 258789.717, 138
Trd, 258790.233, 139
Trd, 258790.550, 140
Trd, 258790.600, 140
Trd, 258791.167, 140
Trd, 258791.517, 140
Trd, 258791.733, 140
Trd, 258792.183, 140
Trd, 258792.333, 140
Trd, 258792.383, 140
Trd, 258792.533, 140
Trd, 258792.600, 140
Trd, 258792.717, 138
Trd, 258792.983, 136
Trd, 258793.083, 138
Trd, 258793.133, 134
Trd, 258793.700, 126
Trd, 258794.117, 113
Trd, 258794.217, 112
Trd, 258794.533, 106
Trd, 258794.633, 109
Trd, 258794.933, 108
Trd, 258795.017, 108
Trd, 258795.033, 107
Trd, 258795.200, 109
Trd, 258795.250, 110
Trd, 258795.817, 131
Trd, 258795.983, 130
Trd, 258796.683, 119
Trd, 258796.733, 118
Trd, 258796.883, 116
Trd, 258796.933, 115
Trd, 258797.100, 114
Trd, 258797.117, 115
Trd, 258797.167, 114
Trd, 258797.283, 107
Trd, 258797.317, 118
Trd, 258797.333, 106
Trd, 258797.533, 100
Trd, 258797.700, 118
Trd, 258797.833, 87
Trd, 258798.017, 78
Trd, 258798.617, 63
Trd, 258798.783, 64
Trd, 258798.800, 65
Trd, 258798.883, 61
Trd, 258799.533, 61
Trd, 258800.100, 61
Trd, 258800.600, 60
Trd, 258801.050, 60
Trd, 258801.183, 60
Trd, 258801.200, 62
Trd, 258801.517, 60
Trd, 258802.217, 60
Trd, 258802.833, 60
Trd, 258802.850, 60
Trd, 258802.867, 60
Trd, 258802.900, 60
Trd, 258803.017, 60
Trd, 258803.333, 61
Trd, 258803.833, 67
Trd, 258803.883, 66
Trd, 258803.967, 66
Trd, 258804.067, 140
Trd, 258804.833, 140
Trd, 258805.000, 140
Trd, 258805.050, 140
Trd, 258805.117, 140
Trd, 258805.383, 140
Trd, 258805.483, 140
Trd, 258805.533, 140
Trd, 258805.550, 140
Trd, 258805.650, 140
Trd, 258805.817, 140
Trd, 258805.933, 140
Trd, 258806.067, 140
Trd, 258806.517, 139
Trd, 258807.033, 140
Trd, 258807.083, 140
Trd, 258807.900, 140
Trd, 258808.067, 140
Trd, 258809.117, 140
Trd, 258809.267, 140
Trd, 258809.300, 140
Trd, 258809.317, 140
Trd, 258810.067, 140
Trd, 258811.050, 140
Trd, 258811.183, 140
Trd, 258811.417, 140
Trd, 258811.500, 140
Trd, 258811.767, 140
Trd, 258811.850, 140
Trd, 258811.917, 140
Trd, 258811.950, 140
Trd, 258812.133, 140
Trd, 258812.417, 140
Trd, 258812.567, 140
Trd, 258812.700, 140
Trd, 258812.783, 140
Trd, 258812.850, 140
Trd, 258813.033, 140
Trd, 258813.233, 140
Trd, 258813.450, 139
Trd, 258813.517, 139
Trd, 258813.833, 140
Trd, 258814.000, 140
Trd, 258814.017, 139
Trd, 258814.117, 138
Trd, 258815.200, 140
Trd, 258815.650, 140
Trd, 258816.133, 140
Trd, 258816.267, 140
Trd, 258816.867, 140
Trd, 258816.917, 140
Trd, 258816.950, 140
Trd, 258817.033, 140
Trd, 258817.167, 140
Trd, 258817.283, 140
Trd, 258817.350, 140
Trd, 258817.400, 140
Trd, 258817.567, 140
Trd, 258817.933, 140
Trd, 258818.167, 140
Trd, 258818.267, 140
Trd, 258818.417, 140
Trd, 258818.483, 140
Trd, 258818.683, 140
Trd, 258818.767, 140
Trd, 258818.850, 140
Trd, 258819.067, 140
Trd, 258819.150, 140
Trd, 258819.933, 140
Trd, 258820.017, 138
Trd, 258820.117, 137
Trd, 258820.233, 96
Trd, 258820.300, 103
Trd, 258820.383, 138
Trd, 258820.400, 84
Trd, 258820.567, 82
Trd, 258820.933, 137
Trd, 258821.050, 102
Trd, 258821.233, 135
Trd, 258821.700, 106
Trd, 258821.883, 107
Trd, 258821.983, 135
Trd, 258822.383, 106
Trd, 258822.533, 132
Trd, 258822.817, 81
Trd, 258823.250, 72
Trd, 258823.700, 124
Trd, 258823.900, 125
Trd, 258824.233, 114
Trd, 258824.400, 113
Trd, 258824.533, 112
Trd, 258824.750, 110
Trd, 258824.767, 118
Trd, 258824.800, 109
Trd, 258825.317, 111
Trd, 258825.467, 111
Trd, 258825.550, 112
Trd, 258825.650, 111
Trd, 258825.833, 110
Trd, 258825.867, 111
Trd, 258826.050, 111
Trd, 258826.317, 98
Trd, 258826.417, 99
Trd, 258826.483, 110
Trd, 258826.867, 109
Trd, 258827.067, 109
Trd, 258827.183, 99
Trd, 258827.483, 99
Trd, 258827.917, 98
Trd, 258828.267, 122
Trd, 258828.517, 136
Trd, 258828.567, 124
Trd, 258829.233, 140
Trd, 258830.150, 140
Trd, 258830.283, 140
Trd, 258830.833, 140
Trd, 258831.317, 140
Trd, 258832.117, 140
Trd, 258832.267, 140
Trd, 258832.300, 140
Trd, 258832.517, 140
Trd, 258832.567, 140
Trd, 258832.617, 140
Trd, 258832.700, 140
Trd, 258832.717, 140
Trd, 258832.817, 140
Trd, 258832.950, 140
Trd, 258832.983, 140
Trd, 258833.083, 139
Trd, 258833.333, 127
Trd, 258833.517, 138
Trd, 258833.833, 138
Trd, 258833.850, 139
Trd, 258834.000, 125
Trd, 258834.150, 125
Trd, 258834.300, 124
Trd, 258834.800, 124
Trd, 258834.883, 132
Trd, 258834.900, 133
Trd, 258834.933, 124
Trd, 258835.067, 123
Trd, 258835.300, 133
Trd, 258835.350, 101
Trd, 258835.600, 101
Trd, 258836.067, 111
Trd, 258836.183, 112
Trd, 258836.250, 107
Trd, 258836.333, 107
Trd, 258836.433, 106
Trd, 258836.617, 132
Trd, 258836.783, 132
Trd, 258836.833, 132
Trd, 258837.267, 108
Trd, 258837.283, 107
Trd, 258837.700, 130
Trd, 258838.417, 135
Trd, 258838.467, 134
Trd, 258839.450, 140
Trd, 258839.583, 140
Trd, 258839.600, 140
Trd, 258839.767, 140
Trd, 258839.983, 140
Trd, 258841.367, 140
Trd, 258841.500, 140
Trd, 258841.550, 140
Trd, 258841.600, 140
Trd, 258841.767, 139
Trd, 258841.917, 137
Trd, 258842.217, 136
Trd, 258842.233, 135
Trd, 258842.383, 124
Trd, 258842.417, 123
Trd, 258842.650, 118
Trd, 258842.783, 62
Trd, 258843.000, 131
Trd, 258843.117, 132
Trd, 258843.200, 134
Trd, 258843.500, 134
Trd, 258843.667, 112
Trd, 258843.683, 111
Trd, 258843.933, 135
Trd, 258844.050, 133
Trd, 258844.117, 136
Trd, 258845.450, 140
Trd, 258845.550, 140
Trd, 258845.817, 140
Trd, 258846.133, 140
Trd, 258846.167, 140
Trd, 258846.350, 140
Trd, 258846.417, 140
Trd, 258846.550, 140
Trd, 258846.700, 140
Trd, 258846.750, 140
Trd, 258846.767, 140
Trd, 258847.033, 140
Trd, 258847.117, 140
Trd, 258847.467, 140
Trd, 258848.500, 140
Trd, 258848.567, 140
Trd, 258848.650, 140
Trd, 258848.700, 140
Trd, 258848.983, 139
Trd, 258849.000, 140
Trd, 258849.150, 139
Trd, 258849.233, 138
Trd, 258849.600, 138
Trd, 258849.633, 137
Trd, 258850.183, 137
Trd, 258850.467, 135
Trd, 258850.600, 134
Trd, 258850.650, 139
Trd, 258851.050, 135
Trd, 258851.283, 135
Trd, 258851.617, 137
Trd, 258851.750, 137
Trd, 258852.050, 138
Trd, 258852.100, 140
Trd, 258852.183, 138
Trd, 258852.467, 140
Trd, 258852.800, 140
Trd, 258852.833, 139
Trd, 258852.917, 137
Trd, 258853.317, 137
Trd, 258853.467, 136
Trd, 258853.500, 138
Trd, 258853.533, 137
Trd, 258853.817, 138
Trd, 258853.983, 137
Trd, 258854.267, 97
Trd, 258854.433, 114
Trd, 258854.567, 94
Trd, 258854.750, 114
Trd, 258855.117, 114
Trd, 258855.283, 113
Trd, 258855.517, 112
Trd, 258855.667, 113
Trd, 258856.083, 113
Trd, 258856.650, 138
Trd, 258856.750, 139
Trd, 258856.833, 140
Trd, 258857.033, 140
Trd, 258857.350, 140
Trd, 258857.400, 139
Trd, 258857.517, 137
Trd, 258857.883, 118
Trd, 258858.217, 125
Trd, 258858.383, 121
Trd, 258858.417, 124
Trd, 258858.533, 122
Trd, 258858.650, 121
Trd, 258858.683, 120
Trd, 258858.917, 119
Trd, 258858.950, 118
Trd, 258859.650, 117
Trd, 258860.367, 114
Trd, 258860.383, 113
Trd, 258860.567, 113
Trd, 258860.650, 115
Trd, 258860.767, 116
Trd, 258860.917, 115
Trd, 258860.950, 116
Trd, 258861.067, 117
Trd, 258861.333, 115
Trd, 258861.583, 113
Trd, 258861.967, 127
Trd, 258862.050, 113
Trd, 258862.200, 137
Trd, 258862.233, 113
Trd, 258862.533, 113
Trd, 258862.700, 128
Trd, 258863.850, 140
Trd, 258863.900, 140
Trd, 258864.267, 140
Trd, 258864.533, 140
Trd, 258864.617, 140
Trd, 258864.733, 140
Trd, 258865.100, 140
Trd, 258865.400, 140
Trd, 258865.433, 140
Trd, 258865.533, 140
Trd, 258866.100, 140
Trd, 258866.167, 140
Trd, 258866.367, 140
Trd, 258866.450, 140
Trd, 258866.617, 140
Trd, 258866.650, 138
Trd, 258866.883, 140
Trd, 258867.217, 140
Trd, 258867.250, 140
Trd, 258867.733, 140
Trd, 258867.750, 140
Trd, 258868.000, 140
Trd, 258868.300, 136
Trd, 258868.400, 138
Trd, 258868.533, 140
Trd, 258868.783, 137
Trd, 258869.017, 137
Trd, 258869.200, 137
Trd, 258869.300, 136
Trd, 258869.367, 136
Trd, 258869.517, 138
Trd, 258869.683, 140
Trd, 258869.983, 140
Trd, 258870.033, 139
Trd, 258870.333, 138
Trd, 258870.483, 125
Trd, 258870.600, 124
Trd, 258870.700, 101
Trd, 258870.867, 137
Trd, 258871.133, 103
Trd, 258871.617, 120
Trd, 258871.817, 139
Trd, 258871.867, 139
Trd, 258872.050, 139
Trd, 258872.483, 125
Trd, 258873.833, 120
Trd, 258873.867, 119
Trd, 258873.917, 117
Trd, 258874.083, 116
Trd, 258874.133, 117
Trd, 258874.267, 117
Trd, 258874.283, 116
Trd, 258874.400, 118
Trd, 258874.500, 120
Trd, 258874.550, 116
Trd, 258874.650, 132
Trd, 258874.783, 133
Trd, 258875.667, 140
Trd, 258875.817, 140
Trd, 258875.833, 140
Trd, 258876.367, 140
Trd, 258876.600, 140
Trd, 258876.633, 139
Trd, 258876.883, 138
Trd, 258877.267, 139
Trd, 258877.600, 139
Trd, 258878.450, 140
Trd, 258878.550, 140
Trd, 258878.567, 140
Trd, 258878.683, 140
Trd, 258878.733, 139
Trd, 258878.750, 138
Trd, 258878.833, 137
Trd, 258878.967, 137
Trd, 258879.017, 139
Trd, 258879.100, 140
Trd, 258879.200, 124
Trd, 258879.500, 130
Trd, 258879.583, 111
Trd, 258880.183, 129
Trd, 258880.583, 120
Trd, 258880.833, 122
Trd, 258880.850, 126
Trd, 258880.867, 127
Trd, 258880.900, 121
Trd, 258881.133, 121
Trd, 258881.483, 123
Trd, 258881.600, 123
Trd, 258881.783, 123
Trd, 258881.933, 122
Trd, 258881.967, 123
Trd, 258882.083, 123
Trd, 258882.233, 122
Trd, 258882.533, 122
Trd, 258882.567, 122
Trd, 258883.033, 116
Trd, 258883.583, 122
Trd, 258883.633, 118
Trd, 258883.733, 123
Trd, 258883.817, 118
Trd, 258883.833, 95
Trd, 258884.533, 140
Trd, 258885.117, 140
Trd, 258885.900, 140
Trd, 258886.117, 140
Trd, 258886.700, 140
Trd, 258886.733, 140
Trd, 258887.050, 140
Trd, 258887.167, 140
Trd, 258887.183, 140
Trd, 258887.217, 140
Trd, 258887.300, 140
Trd, 258887.467, 139
Trd, 258887.783, 139
Trd, 258887.800, 140
Trd, 258888.100, 140
Trd, 258888.250, 140
Trd, 258888.383, 140
Trd, 258888.533, 140
Trd, 258888.683, 140
Trd, 258888.850, 138
Trd, 258888.883, 127
Trd, 258889.233, 136
Trd, 258889.533, 140
Trd, 258890.250, 123
Trd, 258890.333, 136
Trd, 258890.450, 137
Trd, 258890.600, 136
Trd, 258890.883, 128
Trd, 258890.933, 128
Trd, 258891.100, 128
Trd, 258891.317, 129
Trd, 258891.500, 128
Trd, 258891.633, 122
Trd, 258891.850, 123
Trd, 258892.167, 132
Trd, 258892.283, 124
Trd, 258892.400, 123
Trd, 258892.450, 122
Trd, 258892.817, 112
Trd, 258893.067, 125
Trd, 258893.200, 65
Trd, 258893.383, 64
Trd, 258893.750, 64
Trd, 258893.867, 65
Trd, 258893.883, 64
Trd, 258893.950, 66
Trd, 258894.617, 69
Trd, 258894.667, 60
Trd, 258894.983, 70
Trd, 258895.017, 69
Trd, 258895.083, 118
Trd, 258895.200, 129
Trd, 258895.867, 129
Trd, 258896.100, 95
Trd, 258896.150, 131
Trd, 258896.450, 131
Trd, 258896.867, 100
Trd, 258897.217, 130
Trd, 258897.250, 105
Trd, 258897.383, 106
Trd, 258897.717, 129
Trd, 258898.150, 115
Trd, 258898.167, 114
Trd, 258898.367, 124
Trd, 258898.383, 125
Trd, 258898.417, 115
Trd, 258898.683, 124
Trd, 258898.933, 124
Trd, 258899.167, 119
Trd, 258899.333, 123
Trd, 258899.650, 123
Trd, 258899.833, 123
Trd, 258899.933, 126
Trd, 258900.167, 123
Trd, 258900.250, 127
Trd, 258900.850, 125
Trd, 258900.950, 121
Trd, 258901.167, 124
Trd, 258901.300, 125
Trd, 258901.433, 124
Trd, 258901.483, 123
Trd, 258901.600, 122
Trd, 258901.683, 124
Trd, 258902.167, 123
Trd, 258902.350, 122
Trd, 258902.600, 124
Trd, 258902.833, 123
Trd, 258902.900, 125
Trd, 258903.717, 117
Trd, 258904.050, 119
Trd, 258904.217, 120
Trd, 258904.283, 113
Trd, 258904.617, 119
Trd, 258904.683, 119
Trd, 258904.867, 119
Trd, 258904.917, 123
Trd, 258905.017, 117
Trd, 258905.050, 124
Trd, 258905.517, 116
Trd, 258905.550, 102
Trd, 258905.600, 84
Trd, 258905.950, 62
Trd, 258905.983, 127
Trd, 258906.750, 63
Trd, 258907.017, 83
Trd, 258907.317, 81
Trd, 258907.483, 82
Trd, 258907.533, 83
Trd, 258908.250, 140
Trd, 258908.317, 140
Trd, 258909.233, 140
Trd, 258909.250, 140
Trd, 258909.383, 140
Trd, 258909.417, 140
Trd, 258909.450, 140
Trd, 258909.533, 140
Trd, 258909.833, 140
Trd, 258910.083, 140
Trd, 258910.467, 140
Trd, 258910.617, 140
Trd, 258910.650, 140
Trd, 258910.750, 139
Trd, 258910.783, 137
Trd, 258910.867, 138
Trd, 258910.933, 137
Trd, 258911.017, 138
Trd, 258911.450, 136
Trd, 258911.483, 138
Trd, 258911.633, 133
Trd, 258912.133, 113
Trd, 258913.067, 134
Trd, 258913.267, 120
Trd, 258913.500, 133
Trd, 258913.517, 135
Trd, 258913.600, 123
Trd, 258914.233, 140
Trd, 258914.300, 139
Trd, 258914.600, 140
Trd, 258914.700, 140
Trd, 258914.833, 140
Trd, 258914.983, 140
Trd, 258915.000, 138
Trd, 258915.167, 136
Trd, 258915.250, 135
Trd, 258915.333, 134
Trd, 258915.800, 126
Trd, 258915.917, 130
Trd, 258916.067, 125
Trd, 258916.133, 131
Trd, 258916.267, 132
Trd, 258916.300, 124
Trd, 258918.000, 140
Trd, 258918.150, 140
Trd, 258918.417, 140
Trd, 258918.700, 140
Trd, 258918.717, 140
Trd, 258918.833, 140
Trd, 258918.867, 140
Trd, 258919.067, 140
Trd, 258919.250, 140
Trd, 258919.617, 140
Trd, 258919.633, 140
Trd, 258919.650, 140
Trd, 258919.783, 140
Trd, 258920.183, 140
Trd, 258920.283, 140
Trd, 258920.500, 140
Trd, 258920.783, 140
Trd, 258920.833, 140
Trd, 258921.100, 139
Trd, 258921.150, 139
Trd, 258922.167, 140
Trd, 258922.350, 140
Trd, 258923.067, 140
Trd, 258923.150, 140
Trd, 258923.767, 140
Trd, 258923.783, 140
Trd, 258923.900, 140
Trd, 258924.017, 140
Trd, 258924.167, 140
Trd, 258924.333, 140
Trd, 258924.350, 140
Trd, 258924.450, 139
Trd, 258924.567, 139
Trd, 258924.667, 138
Trd, 258924.683, 139
Trd, 258924.767, 140
Trd, 258925.017, 140
Trd, 258925.117, 138
Trd, 258925.150, 131
Trd, 258925.567, 119
Trd, 258925.817, 115
Trd, 258926.017, 116
Trd, 258926.250, 137
Trd, 258926.417, 111
Trd, 258926.800, 140
Trd, 258927.467, 140
Trd, 258928.083, 140
Trd, 258928.200, 140
Trd, 258928.250, 140
Trd, 258928.450, 140
Trd, 258929.517, 140
Trd, 258929.617, 140
Trd, 258929.800, 140
Trd, 258930.033, 140
Trd, 258930.200, 140
Trd, 258930.267, 140
Trd, 258930.400, 140
Trd, 258930.650, 140
Trd, 258930.750, 140
Trd, 258930.783, 140
Trd, 258930.950, 140
Trd, 258931.217, 140
Trd, 258931.467, 140
Trd, 258931.600, 140
Trd, 258931.767, 139
Trd, 258931.933, 139
Trd, 258932.183, 138
Trd, 258932.200, 140
Trd, 258932.550, 126
Trd, 258932.567, 112
Trd, 258932.717, 104
Trd, 258932.833, 138
Trd, 258932.850, 139
Trd, 258933.150, 137
Trd, 258933.467, 106
Trd, 258933.650, 105
Trd, 258933.983, 133
Trd, 258934.000, 105
Trd, 258934.450, 136
Trd, 258935.517, 140
Trd, 258935.550, 140
Trd, 258935.900, 140
Trd, 258936.267, 140
Trd, 258936.850, 140
Trd, 258937.550, 140
Trd, 258937.600, 140
Trd, 258937.867, 140
Trd, 258937.900, 140
Trd, 258937.917, 140
Trd, 258938.000, 140
Trd, 258938.217, 140
Trd, 258938.350, 140
Trd, 258938.400, 140
Trd, 258938.517, 140
Trd, 258938.800, 140
Trd, 258938.900, 140
Trd, 258939.017, 140
Trd, 258939.083, 138
Trd, 258939.233, 140
Trd, 258939.333, 140
Trd, 258939.750, 139
Trd, 258939.883, 140
Trd, 258940.333, 140
Trd, 258940.467, 139
Trd, 258940.583, 139
Trd, 258940.650, 137
Trd, 258940.717, 107
Trd, 258940.967, 100
Trd, 258941.417, 136
Trd, 258941.567, 138
Trd, 258942.117, 91
Trd, 258942.167, 98
Trd, 258942.300, 136
Trd, 258943.183, 130
Trd, 258943.367, 133
Trd, 258943.733, 123
Trd, 258943.767, 132
Trd, 258944.233, 131
Trd, 258944.367, 125
Trd, 258944.583, 128
Trd, 258944.717, 130
Trd, 258944.767, 129
Trd, 258945.000, 129
Trd, 258945.033, 128
Trd, 258945.050, 127
Trd, 258945.200, 130
Trd, 258945.517, 131
Trd, 258945.533, 132
Trd, 258945.750, 127
Trd, 258946.083, 128
Trd, 258946.767, 140
Trd, 258947.200, 140
Trd, 258948.433, 140
Trd, 258948.517, 140
Trd, 258948.533, 140
Trd, 258948.817, 140
Trd, 258949.183, 140
Trd, 258949.350, 140
Trd, 258949.517, 140
Trd, 258949.717, 140
Trd, 258949.800, 140
Trd, 258949.867, 140
Trd, 258949.967, 140
Trd, 258949.983, 140
Trd, 258950.083, 140
Trd, 258950.250, 140
Trd, 258951.567, 140
Trd, 258951.967, 140
Trd, 258952.150, 140
Trd, 258952.200, 140
Trd, 258952.250, 140
Trd, 258952.350, 140
Trd, 258952.400, 140
Trd, 258952.517, 140
Trd, 258952.550, 140
Trd, 258952.700, 139
Trd, 258952.783, 140
Trd, 258953.483, 134
Trd, 258953.633, 140
Trd, 258953.900, 136
Trd, 258953.950, 135
Trd, 258954.200, 139
Trd, 258954.583, 136
Trd, 258954.600, 135
Trd, 258954.700, 134
Trd, 258954.817, 114
Trd, 258954.833, 136
Trd, 258955.050, 115
Trd, 258955.083, 133
Trd, 258955.400, 130
Trd, 258955.633, 136
Trd, 258955.817, 132
Trd, 258956.017, 132
Trd, 258956.417, 132
Trd, 258956.450, 131
Trd, 258956.933, 130
Trd, 258957.067, 135
Trd, 258957.183, 136
Trd, 258958.417, 140
Trd, 258958.583, 140
Trd, 258958.650, 140
Trd, 258958.850, 140
Trd, 258959.150, 140
Trd, 258959.217, 139
Trd, 258959.500, 140
Trd, 258959.617, 140
Trd, 258959.733, 140
Trd, 258959.783, 138
Trd, 258959.933, 138
Trd, 258960.183, 137
Trd, 258960.250, 131
Trd, 258960.333, 136
Trd, 258960.950, 133
Trd, 258961.233, 134
Trd, 258961.250, 135
Trd, 258961.550, 136
Trd, 258961.567, 134
Trd, 258961.667, 138
Trd, 258961.900, 134
Trd, 258961.933, 136
Trd, 258962.067, 83
Trd, 258962.367, 108
Trd, 258963.050, 140
Trd, 258963.483, 140
Trd, 258963.717, 140
Trd, 258964.017, 140
Trd, 258964.100, 140
Trd, 258964.417, 140
Trd, 258964.517, 140
Trd, 258964.983, 140
Trd, 258965.067, 140
Trd, 258965.650, 140
Trd, 258965.717, 140
Trd, 258966.800, 140
Trd, 258966.967, 140
Trd, 258967.433, 140
Trd, 258967.750, 140
Trd, 258967.767, 140
Trd, 258967.783, 140
Trd, 258967.800, 140
Trd, 258967.867, 140
Trd, 258968.133, 140
Trd, 258968.283, 140
Trd, 258968.317, 140
Trd, 258968.367, 140
Trd, 258968.383, 140
Trd, 258968.617, 140
Trd, 258969.017, 140
Trd, 258969.283, 140
Trd, 258969.300, 140
Trd, 258969.350, 140
Trd, 258969.783, 140
Trd, 258969.833, 140
Trd, 258969.950, 139
Trd, 258970.317, 140
Trd, 258970.367, 139
Trd, 258970.567, 140
Trd, 258970.733, 135
Trd, 258970.800, 133
Trd, 258971.600, 140
Trd, 258971.950, 125
Trd, 258972.167, 122
Trd, 258972.317, 122
Trd, 258972.417, 121
Trd, 258972.917, 119
Trd, 258973.083, 120
Trd, 258973.100, 122
Trd, 258973.217, 100
Trd, 258973.383, 99
Trd, 258973.450, 105
Trd, 258973.600, 106
Trd, 258973.633, 109
Trd, 258973.767, 98
Trd, 258973.967, 71
Trd, 258974.083, 78
Trd, 258974.100, 123
Trd, 258975.050, 140
Trd, 258975.117, 140
Trd, 258975.150, 140
Trd, 258975.450, 140
Trd, 258975.650, 140
Trd, 258976.083, 140
Trd, 258976.650, 140
Trd, 258976.867, 140
Trd, 258977.533, 140
Trd, 258977.800, 140
Trd, 258978.067, 139
Trd, 258978.083, 138
Trd, 258978.150, 136
Trd, 258978.200, 134
Trd, 258978.417, 132
Trd, 258978.450, 133
Trd, 258978.517, 78
Trd, 258978.667, 107
Trd, 258979.133, 130
Trd, 258979.167, 125
Trd, 258979.300, 127
Trd, 258979.667, 130
Trd, 258980.117, 131
Trd, 258980.300, 131
Trd, 258980.317, 129
Trd, 258980.417, 131
Trd, 258980.450, 132
Trd, 258980.767, 98
Trd, 258980.867, 97
Trd, 258980.917, 134
Trd, 258981.867, 123
Trd, 258982.217, 122
Trd, 258982.267, 123
Trd, 258982.283, 124
Trd, 258983.017, 116
Trd, 258983.217, 84
Trd, 258983.783, 103
Trd, 258984.300, 110
Trd, 258984.383, 110
Trd, 258984.417, 111
Trd, 258984.467, 112
Trd, 258984.500, 111
Trd, 258984.533, 114
Trd, 258984.717, 112
Trd, 258984.867, 111
Trd, 258985.217, 115
Trd, 258985.333, 115
Trd, 258985.350, 122
Trd, 258985.650, 115
Trd, 258985.750, 125
Trd, 258986.033, 117
Trd, 258986.233, 124
Trd, 258986.267, 125
Trd, 258986.550, 125
Trd, 258986.917, 127
Trd, 258987.117, 128
Trd, 258987.233, 126
Trd, 258987.283, 126
Trd, 258987.633, 128
Trd, 258987.900, 129
Trd, 258988.000, 128
Trd, 258988.367, 131
Trd, 258988.600, 132
Trd, 258988.883, 133
Trd, 258989.150, 135
Trd, 258989.467, 138
Trd, 258990.100, 139
Trd, 258990.150, 138
Trd, 258990.167, 137
Trd, 258990.300, 140
Trd, 258990.383, 134
Trd, 258990.617, 135
Trd, 258990.817, 135
Trd, 258990.883, 134
Trd, 258991.667, 140
Trd, 258992.000, 140
Trd, 258992.033, 140
Trd, 258992.267, 140
Trd, 258992.333, 140
Trd, 258992.367, 140
Trd, 258992.567, 140
Trd, 258992.633, 140
Trd, 258993.067, 138
Trd, 258993.200, 126
Trd, 258993.250, 126
Trd, 258993.783, 133
Trd, 258993.833, 133
Trd, 258994.067, 128
Trd, 258994.333, 127
Trd, 258994.367, 130
Trd, 258994.433, 131
Trd, 258994.450, 135
Trd, 258994.867, 108
Trd, 258994.983, 78
Trd, 258995.267, 135
Trd, 258995.650, 80
Trd, 258995.717, 79
Trd, 258996.383, 117
Trd, 258996.417, 127
Trd, 258996.683, 129
Trd, 258996.783, 131
Trd, 258997.417, 134
Trd, 258997.917, 121
Trd, 258998.133, 121
Trd, 258998.333, 128
Trd, 258998.567, 124
Trd, 258998.733, 124
Trd, 258998.750, 126
Trd, 258999.000, 123
Trd, 258999.317, 122
Trd, 258999.467, 122
Trd, 258999.500, 90
Trd, 258999.850, 118
Trd, 258999.917, 115
Trd, 258999.950, 116
Trd, 258999.967, 90
Trd, 258999.983, 89
Trd, 259000.300, 118
Trd, 259000.483, 92
Trd, 259000.917, 93
Trd, 259001.067, 119
Trd, 259001.383, 121
Trd, 259001.433, 101
Trd, 259001.483, 95
Trd, 259002.617, 140
Trd, 259002.667, 140
Trd, 259003.117, 140
Trd, 259003.200, 140
Trd, 259003.267, 140
Trd, 259003.750, 140
Trd, 259003.783, 140
Trd, 259003.800, 140
Trd, 259003.833, 140
Trd, 259003.850, 140
Trd, 259003.883, 140
Trd, 259004.167, 140
Trd, 259004.467, 140
Trd, 259004.550, 140
Trd, 259005.133, 140
Trd, 259005.200, 140
Trd, 259005.300, 140
Trd, 259005.417, 140
Trd, 259006.367, 140
Trd, 259006.483, 140
Trd, 259006.533, 140
Trd, 259006.833, 140
Trd, 259007.083, 139
Trd, 259007.150, 138
Trd, 259007.567, 126
Trd, 259007.833, 130
Trd, 259008.000, 125
Trd, 259008.333, 124
Trd, 259008.400, 125
Trd, 259008.817, 107
Trd, 259008.967, 122
Trd, 259009.050, 122
Trd, 259009.483, 121
Trd, 259009.717, 123
Trd, 259009.783, 124
Trd, 259009.917, 120
Trd, 259009.967, 119
Trd, 259010.233, 117
Trd, 259010.600, 109
Trd, 259010.650, 127
Trd, 259010.967, 109
Trd, 259011.450, 122
Trd, 259011.750, 121
Trd, 259011.933, 113
Trd, 259012.083, 118
Trd, 259012.367, 119
Trd, 259012.383, 114
Trd, 259012.533, 114
Trd, 259012.633, 108
Trd, 259012.750, 95
Trd, 259013.367, 94
Trd, 259013.500, 100
Trd, 259013.633, 100
Trd, 259013.850, 101
Trd, 259014.033, 100
Trd, 259014.550, 128
Trd, 259015.317, 140
Trd, 259015.400, 140
Trd, 259015.883, 140
Trd, 259016.167, 140
Trd, 259016.317, 140
Trd, 259016.483, 140
Trd, 259016.700, 140
Trd, 259017.000, 140
Trd, 259017.200, 140
Trd, 259018.183, 140
Trd, 259018.217, 140
Trd, 259018.400, 140
Trd, 259018.433, 140
Trd, 259018.617, 140
Trd, 259018.650, 140
Trd, 259018.667, 140
Trd, 259018.817, 140
Trd, 259018.983, 140
Trd, 259019.017, 140
Trd, 259019.033, 140
Trd, 259019.067, 140
Trd, 259019.100, 140
Trd, 259019.133, 140
Trd, 259019.333, 139
Trd, 259019.383, 139
Trd, 259019.500, 139
Trd, 259019.683, 140
Trd, 259020.583, 140
Trd, 259021.033, 140
Trd, 259021.767, 140
Trd, 259021.800, 139
Trd, 259022.383, 140
Trd, 259023.050, 140
Trd, 259023.133, 140
Trd, 259023.250, 140
Trd, 259023.317, 140
Trd, 259023.700, 140
Trd, 259023.983, 140
Trd, 259024.000, 140
Trd, 259024.083, 140
Trd, 259024.100, 140
Trd, 259024.117, 140
Trd, 259024.133, 140
Trd, 259024.450, 140
Trd, 259024.617, 139
Trd, 259024.700, 124
Trd, 259025.033, 123
Trd, 259025.050, 118
Trd, 259025.133, 137
Trd, 259025.483, 119
Trd, 259025.833, 119
Trd, 259025.933, 118
Trd, 259026.017, 133
Trd, 259026.133, 117
Trd, 259026.367, 105
Trd, 259026.467, 76
Trd, 259026.933, 76
Trd, 259026.983, 75
Trd, 259027.200, 77
Trd, 259027.383, 76
Trd, 259027.983, 60
Trd, 259028.000, 63
Trd, 259028.100, 65
Trd, 259028.383, 65
Trd, 259028.583, 66
Trd, 259028.867, 139
Trd, 259029.533, 140
Trd, 259029.783, 140
Trd, 259030.300, 140
Trd, 259030.417, 140
Trd, 259030.850, 140
Trd, 259030.933, 140
Trd, 259030.967, 140
Trd, 259031.250, 140
Trd, 259031.700, 140
Trd, 259032.450, 140
Trd, 259032.467, 140
Trd, 259032.600, 140
Trd, 259032.650, 140
Trd, 259032.667, 140
Trd, 259033.033, 140
Trd, 259033.083, 140
Trd, 259033.167, 140
Trd, 259034.233, 140
Trd, 259034.267, 140
Trd, 259034.333, 140
Trd, 259034.633, 140
Trd, 259034.817, 140
Trd, 259035.183, 140
Trd, 259035.300, 140
Trd, 259035.617, 140
Trd, 259035.750, 140
Trd, 259035.783, 140
Trd, 259035.850, 140
Trd, 259036.017, 140
Trd, 259036.167, 140
Trd, 259036.200, 140
Trd, 259036.350, 140
Trd, 259036.667, 140
Trd, 259036.733, 140
Trd, 259036.833, 140
Trd, 259037.283, 140
Trd, 259037.517, 140
Trd, 259038.333, 140
Trd, 259038.950, 140
Trd, 259039.050, 140
Trd, 259039.167, 140
Trd, 259039.633, 140
Trd, 259039.800, 140
Trd, 259040.650, 140
Trd, 259040.767, 140
Trd, 259040.867, 140
Trd, 259041.033, 140
Trd, 259041.050, 140
Trd, 259041.217, 140
Trd, 259041.483, 140
Trd, 259041.533, 140
Trd, 259041.600, 140
Trd, 259041.617, 140
Trd, 259041.717, 140
Trd, 259041.767, 140
Trd, 259041.900, 140
Trd, 259041.917, 140
Trd, 259041.933, 140
Trd, 259042.117, 140
Trd, 259042.383, 140
Trd, 259042.783, 140
Trd, 259043.433, 140
Trd, 259043.667, 140
Trd, 259044.417, 140
Trd, 259044.617, 140
Trd, 259044.650, 140
Trd, 259044.667, 140
Trd, 259044.717, 140
Trd, 259045.100, 139
Trd, 259045.267, 134
Trd, 259045.683, 113
Trd, 259045.817, 118
Trd, 259046.033, 113
Trd, 259046.267, 113
Trd, 259046.300, 113
Trd, 259046.433, 114
Trd, 259046.633, 112
Trd, 259046.667, 115
Trd, 259046.750, 108
Trd, 259047.167, 116
Trd, 259047.250, 115
Trd, 259047.383, 111
Trd, 259047.517, 112
Trd, 259047.583, 110
Trd, 259047.633, 107
Trd, 259047.683, 117
Trd, 259047.733, 117
Trd, 259047.850, 118
Trd, 259048.067, 139
Trd, 259048.183, 139
Trd, 259049.050, 139
Trd, 259049.133, 139
Trd, 259049.167, 140
Trd, 259049.450, 140
Trd, 259049.633, 140
Trd, 259050.067, 140
Trd, 259050.217, 140
Trd, 259050.233, 140
Trd, 259050.433, 140
Trd, 259050.950, 140
Trd, 259051.100, 140
Trd, 259051.483, 140
Trd, 259051.583, 140
Trd, 259052.017, 140
Trd, 259052.567, 140
Trd, 259052.650, 140
Trd, 259052.800, 140
Trd, 259053.467, 140
Trd, 259053.917, 140
Trd, 259054.533, 140
Trd, 259054.733, 140
Trd, 259054.750, 140
Trd, 259054.800, 140
Trd, 259054.833, 140
Trd, 259054.850, 140
Trd, 259054.950, 140
Trd, 259055.017, 139
Trd, 259055.150, 139
Trd, 259055.267, 136
Trd, 259056.033, 128
Trd, 259056.133, 127
Trd, 259056.350, 132
Trd, 259056.433, 132
Trd, 259056.500, 131
Trd, 259056.817, 132
Trd, 259057.067, 134
Trd, 259057.117, 134
Trd, 259057.367, 132
Trd, 259057.483, 118
Trd, 259057.600, 134
Trd, 259057.633, 117
Trd, 259058.317, 136
Trd, 259058.567, 137
Trd, 259059.017, 137
Trd, 259059.333, 139
Trd, 259059.400, 138
Trd, 259059.600, 140
Trd, 259059.883, 140
Trd, 259059.967, 140
Trd, 259059.983, 140
Trd, 259060.150, 139
Trd, 259060.617, 138
Trd, 259060.933, 140
Trd, 259061.133, 103
Trd, 259061.517, 87
Trd, 259061.583, 124
Trd, 259061.617, 128
Trd, 259061.717, 92
Trd, 259062.100, 119
Trd, 259062.167, 118
Trd, 259062.367, 118
Trd, 259062.917, 109
Trd, 259062.967, 118
Trd, 259063.183, 119
Trd, 259063.633, 139
Trd, 259063.833, 83
Trd, 259064.067, 136
Trd, 259064.233, 134
Trd, 259065.350, 125
Trd, 259065.367, 129
Trd, 259065.400, 131
Trd, 259065.500, 133
Trd, 259065.583, 126
Trd, 259065.617, 134
Trd, 259066.000, 129
Trd, 259066.100, 132
Trd, 259066.217, 129
Trd, 259066.350, 130
Trd, 259066.433, 133
Trd, 259066.700, 132
Trd, 259066.717, 134
Trd, 259067.017, 132
Trd, 259067.300, 140
Trd, 259067.350, 140
Trd, 259067.733, 140
Trd, 259067.883, 140
Trd, 259067.950, 140
Trd, 259067.967, 140
Trd, 259068.067, 140
Trd, 259068.183, 140
Trd, 259068.267, 140
Trd, 259068.317, 140
Trd, 259068.483, 140
Trd, 259069.100, 98
Trd, 259069.917, 127
Trd, 259070.100, 128
Trd, 259070.167, 130
Trd, 259070.417, 105
Trd, 259070.467, 103
Trd, 259070.667, 102
Trd, 259071.167, 140
Trd, 259071.500, 140
Trd, 259071.867, 140
Trd, 259072.083, 140
Trd, 259072.150, 140
Trd, 259073.200, 140
Trd, 259073.300, 140
Trd, 259073.450, 140
Trd, 259073.917, 140
Trd, 259074.433, 140
Trd, 259074.500, 140
Trd, 259074.533, 140
Trd, 259074.683, 140
Trd, 259074.767, 140
Trd, 259074.833, 140
Trd, 259074.967, 140
Trd, 259075.083, 140
Trd, 259075.133, 140
Trd, 259075.200, 139
Trd, 259075.267, 140
Trd, 259075.533, 140
Trd, 259076.150, 139
Trd, 259076.200, 140
Trd, 259076.917, 140
Trd, 259077.100, 140
Trd, 259077.183, 140
Trd, 259077.483, 140
Trd, 259077.600, 140
Trd, 259077.933, 140
Trd, 259077.950, 140
Trd, 259078.100, 140
Trd, 259078.117, 140
Trd, 259078.183, 139
Trd, 259078.733, 139
Trd, 259078.867, 139
Trd, 259079.083, 139
Trd, 259079.400, 133
Trd, 259080.167, 135
Trd, 259080.333, 131
Trd, 259080.400, 130
Trd, 259080.500, 132
Trd, 259080.533, 130
Trd, 259080.600, 133
Trd, 259081.050, 133
Trd, 259081.267, 134
Trd, 259081.333, 135
Trd, 259081.567, 140
Trd, 259081.650, 140
Trd, 259081.850, 140
Trd, 259081.933, 135
Trd, 259082.867, 140
Trd, 259082.933, 140
Trd, 259082.983, 140
Trd, 259083.917, 140
Trd, 259083.967, 140
Trd, 259084.383, 140
Trd, 259084.467, 140
Trd, 259084.650, 140
Trd, 259084.667, 140
Trd, 259084.700, 140
Trd, 259084.983, 140
Trd, 259085.033, 140
Trd, 259085.083, 140
Trd, 259085.117, 140
Trd, 259085.133, 138
Trd, 259085.217, 138
Trd, 259085.500, 138
Trd, 259085.650, 126
Trd, 259086.083, 123
Trd, 259086.300, 133
Trd, 259086.600, 129
Trd, 259086.800, 130
Trd, 259086.833, 134
Trd, 259087.050, 124
Trd, 259087.233, 135
Trd, 259087.267, 136
Trd, 259087.350, 123
Trd, 259087.550, 123
Trd, 259087.717, 122
Trd, 259088.200, 124
Trd, 259088.583, 122
Trd, 259088.867, 113
Trd, 259089.133, 114
Trd, 259089.383, 116
Trd, 259089.433, 119
Trd, 259089.533, 121
Trd, 259090.050, 117
Trd, 259090.083, 117
Trd, 259090.183, 117
Trd, 259090.250, 116
Trd, 259090.300, 110
Trd, 259090.317, 118
Trd, 259090.650, 96
Trd, 259090.750, 120
Trd, 259090.967, 108
Trd, 259091.383, 128
Trd, 259091.883, 126
Trd, 259092.117, 125
Trd, 259092.250, 117
Trd, 259092.867, 117
Trd, 259093.167, 99
Trd, 259093.367, 117
Trd, 259093.450, 97
Trd, 259093.517, 120
Trd, 259093.550, 99
Trd, 259093.917, 138
Trd, 259093.983, 114
Trd, 259094.583, 140
Trd, 259094.683, 140
Trd, 259094.767, 140
Trd, 259094.817, 140
Trd, 259095.050, 99
Trd, 259095.283, 118
Trd, 259095.833, 107
Trd, 259095.933, 133
Trd, 259096.367, 131
Trd, 259096.467, 132
Trd, 259096.500, 134
Trd, 259096.533, 111
Trd, 259096.700, 110
Trd, 259096.717, 131
Trd, 259096.733, 132
Trd, 259096.817, 134
Trd, 259096.917, 136
Trd, 259097.583, 137
Trd, 259097.883, 140
Trd, 259097.900, 140
Trd, 259097.950, 140
Trd, 259098.633, 138
Trd, 259098.733, 139
Trd, 259098.800, 137
Trd, 259099.133, 140
Trd, 259099.183, 139
Trd, 259099.283, 139
Trd, 259099.800, 140
Trd, 259100.217, 139
Trd, 259100.250, 140
Trd, 259100.300, 138
Trd, 259100.467, 134
Trd, 259100.717, 139
Trd, 259100.833, 135
Trd, 259101.133, 137
Trd, 259101.217, 137
Trd, 259101.317, 136
Trd, 259101.367, 135
Trd, 259101.467, 134
Trd, 259101.683, 138
Trd, 259101.800, 103
Trd, 259102.033, 69
Trd, 259102.217, 70
Trd, 259102.317, 87
Trd, 259103.033, 68
Trd, 259103.067, 87
Trd, 259103.100, 61
Trd, 259103.900, 79
Trd, 259104.017, 78
Trd, 259104.067, 63
Trd, 259104.100, 61
Trd, 259104.433, 74
Trd, 259104.833, 77
Trd, 259105.033, 77
Trd, 259105.100, 78
Trd, 259105.117, 80
Trd, 259105.367, 98
Trd, 259105.917, 60
Trd, 259105.950, 60
Trd, 259106.033, 62
Trd, 259106.100, 62
Trd, 259106.150, 135
Trd, 259106.417, 67
Trd, 259106.567, 136
Trd, 259106.933, 69
Trd, 259107.033, 63
Trd, 259107.450, 66
Trd, 259107.517, 67
Trd, 259107.550, 68
Trd, 259107.583, 69
Trd, 259107.733, 75
Trd, 259107.850, 69
Trd, 259107.917, 68
Trd, 259108.033, 74
Trd, 259108.083, 74
Trd, 259108.500, 73
Trd, 259108.567, 90
Trd, 259108.583, 91
Trd, 259108.933, 78
Trd, 259109.467, 101
Trd, 259109.800, 99
Trd, 259110.167, 103
Trd, 259110.333, 103
Trd, 259110.633, 104
Trd, 259110.783, 93
Trd, 259111.317, 115
Trd, 259111.817, 131
Trd, 259112.100, 140
Trd, 259112.617, 140
Trd, 259112.700, 140
Trd, 259112.767, 140
Trd, 259113.250, 140
Trd, 259113.417, 140
Trd, 259113.617, 140
Trd, 259113.700, 140
Trd, 259113.717, 140
Trd, 259113.867, 140
Trd, 259113.917, 103
Trd, 259114.150, 112
Trd, 259114.533, 104
Trd, 259114.950, 109
Trd, 259115.017, 110
Trd, 259115.617, 109
Trd, 259115.683, 109
Trd, 259115.817, 108
Trd, 259115.867, 107
Trd, 259115.917, 108
Trd, 259116.033, 109
Trd, 259116.367, 109
Trd, 259116.383, 110
Trd, 259116.617, 105
Trd, 259117.817, 138
Trd, 259118.033, 137
Trd, 259118.050, 132
Trd, 259118.067, 131
Trd, 259118.200, 137
Trd, 259118.500, 133
Trd, 259118.517, 132
Trd, 259118.850, 134
Trd, 259118.917, 137
Trd, 259119.033, 135
Trd, 259119.150, 134
Trd, 259119.333, 133
Trd, 259119.617, 131
Trd, 259119.650, 133
Trd, 259120.067, 123
Trd, 259120.133, 110
Trd, 259120.250, 134
Trd, 259120.367, 135
Trd, 259120.433, 139
Trd, 259120.583, 67
Trd, 259120.683, 78
Trd, 259121.483, 130
Trd, 259121.517, 131
Trd, 259121.617, 70
Trd, 259122.183, 131
Trd, 259122.783, 79
Trd, 259122.917, 106
Trd, 259123.083, 81
Trd, 259123.450, 104
Trd, 259123.467, 84
Trd, 259123.867, 83
Trd, 259124.500, 87
Trd, 259124.583, 88
Trd, 259124.617, 85
Trd, 259124.800, 88
Trd, 259124.833, 89
Trd, 259124.933, 91
Trd, 259125.200, 88
Trd, 259125.217, 87
Trd, 259125.233, 110
Trd, 259125.800, 140
Trd, 259126.450, 140
Trd, 259126.600, 140
Trd, 259126.883, 140
Trd, 259127.367, 140
Trd, 259127.733, 140
Trd, 259128.117, 140
Trd, 259128.583, 140
Trd, 259128.700, 140
Trd, 259128.717, 140
Trd, 259128.767, 140
Trd, 259128.783, 140
Trd, 259128.933, 139
Trd, 259129.050, 139
Trd, 259129.217, 140
Trd, 259129.800, 140
Trd, 259129.967, 140
Trd, 259130.117, 139
Trd, 259130.383, 140
Trd, 259130.550, 139
Trd, 259130.783, 139
Trd, 259131.300, 121
Trd, 259131.367, 113
Trd, 259131.567, 111
Trd, 259131.967, 97
Trd, 259132.033, 118
Trd, 259132.050, 119
Trd, 259132.267, 120
Trd, 259132.383, 121
Trd, 259132.950, 94
Trd, 259132.967, 93
Trd, 259133.300, 94
Trd, 259133.417, 95
Trd, 259133.433, 94
Trd, 259133.533, 90
Trd, 259133.617, 96
Trd, 259133.917, 94
Trd, 259133.933, 91
Trd, 259134.017, 95
Trd, 259134.233, 90
Trd, 259134.600, 60
Trd, 259134.683, 60
Trd, 259134.767, 67
Trd, 259135.083, 66
Trd, 259135.217, 62
Trd, 259136.033, 62
Trd, 259136.317, 63
Trd, 259136.683, 65
Trd, 259138.950, 140
Trd, 259139.200, 140
Trd, 259139.300, 140
Trd, 259139.800, 140
Trd, 259139.933, 140
Trd, 259140.000, 140
Trd, 259140.033, 140
Trd, 259140.133, 140
Trd, 259140.383, 140
Trd, 259140.433, 140
Trd, 259140.633, 140
Trd, 259140.700, 140
Trd, 259140.767, 140
Trd, 259140.800, 140
Trd, 259140.933, 140
Trd, 259141.033, 140
Trd, 259141.333, 140
Trd, 259141.350, 140
Trd, 259141.417, 140
Trd, 259141.433, 140
Trd, 259141.917, 140
Trd, 259142.167, 140
Trd, 259142.183, 140
Trd, 259142.433, 140
Trd, 259142.817, 140
Trd, 259143.133, 140
Trd, 259143.467, 139
Trd, 259143.583, 140
Trd, 259143.883, 140
Trd, 259144.567, 140
Trd, 259144.967, 140
Trd, 259145.017, 140
Trd, 259145.250, 140
Trd, 259146.067, 140
Trd, 259146.417, 140
Trd, 259146.567, 140
Trd, 259146.667, 140
Trd, 259147.483, 140
Trd, 259147.533, 140
Trd, 259147.667, 140
Trd, 259147.733, 140
Trd, 259147.900, 140
Trd, 259148.050, 140
Trd, 259148.100, 140
Trd, 259148.400, 140
Trd, 259148.433, 140
Trd, 259148.450, 140
Trd, 259148.550, 140
Trd, 259148.667, 132
Trd, 259148.800, 123
Trd, 259149.133, 121
Trd, 259149.517, 117
Trd, 259149.567, 103
Trd, 259149.650, 123
Trd, 259149.717, 103
Trd, 259149.833, 127
Trd, 259150.033, 127
Trd, 259150.350, 124
Trd, 259150.383, 108
Trd, 259150.533, 125
Trd, 259150.667, 108
Trd, 259150.833, 126
Trd, 259151.000, 108
Trd, 259151.283, 124
Trd, 259151.367, 110
Trd, 259151.867, 119
Trd, 259152.300, 113
Trd, 259152.367, 112
Trd, 259152.583, 112
Trd, 259152.683, 113
Trd, 259152.817, 112
Trd, 259152.833, 115
Trd, 259153.150, 112
Trd, 259153.417, 111
Trd, 259153.583, 110
Trd, 259153.700, 113
Trd, 259153.983, 101
Trd, 259154.367, 111
Trd, 259154.500, 112
Trd, 259155.017, 138
Trd, 259155.067, 138
Trd, 259155.467, 138
Trd, 259155.533, 137
Trd, 259155.783, 140
Trd, 259155.983, 140
Trd, 259156.367, 140
Trd, 259156.567, 140
Trd, 259157.133, 140
Trd, 259157.250, 140
Trd, 259157.267, 140
Trd, 259157.317, 140
Trd, 259157.533, 140
Trd, 259157.733, 140
Trd, 259157.883, 140
Trd, 259158.167, 140
Trd, 259158.333, 140
Trd, 259158.467, 140
Trd, 259158.700, 135
Trd, 259159.133, 128
Trd, 259159.200, 127
Trd, 259159.383, 125
Trd, 259159.500, 136
Trd, 259159.633, 139
Trd, 259159.700, 132
Trd, 259159.767, 130
Trd, 259160.117, 109
Trd, 259160.583, 121
Trd, 259160.617, 122
Trd, 259160.950, 65
Trd, 259161.383, 76
Trd, 259161.417, 77
Trd, 259162.167, 92
Trd, 259162.217, 91
Trd, 259162.233, 121
Trd, 259162.600, 93
Trd, 259162.783, 121
Trd, 259162.833, 93
Trd, 259163.050, 92
Trd, 259163.233, 122
Trd, 259163.483, 128
Trd, 259163.600, 119
Trd, 259163.800, 129
Trd, 259163.850, 130
Trd, 259164.083, 120
Trd, 259164.133, 119
Trd, 259164.783, 122
Trd, 259165.317, 125
Trd, 259165.500, 125
Trd, 259165.533, 124
Trd, 259166.617, 140
Trd, 259167.067, 140
Trd, 259167.150, 140
Trd, 259167.300, 140
Trd, 259167.333, 140
Trd, 259167.367, 140
Trd, 259167.400, 140
Trd, 259167.433, 140
Trd, 259167.533, 140
Trd, 259167.750, 140
Trd, 259168.183, 140
Trd, 259168.233, 140
Trd, 259168.467, 140
Trd, 259168.550, 139
Trd, 259168.800, 128
Trd, 259169.500, 135
Trd, 259169.617, 137
Trd, 259170.083, 137
Trd, 259170.117, 135
Trd, 259170.183, 137
Trd, 259170.267, 137
Trd, 259170.367, 138
Trd, 259170.600, 136
Trd, 259170.783, 138
Trd, 259170.800, 137
Trd, 259170.983, 137
Trd, 259171.400, 138
Trd, 259171.700, 140
Trd, 259171.717, 140
Trd, 259171.783, 140
Trd, 259172.017, 140
Trd, 259172.800, 140
Trd, 259172.817, 140
Trd, 259172.933, 140
Trd, 259173.083, 140
Trd, 259173.183, 140
Trd, 259173.250, 122
Trd, 259173.383, 114
Trd, 259173.550, 115
Trd, 259173.650, 73
Trd, 259173.717, 72
Trd, 259174.600, 140
Trd, 259175.183, 91
Trd, 259175.217, 137
Trd, 259175.267, 67
Trd, 259175.633, 134
Trd, 259175.733, 133
Trd, 259175.783, 134
Trd, 259175.967, 133
Trd, 259176.200, 134
Trd, 259176.367, 76
Trd, 259177.083, 116
Trd, 259177.200, 116
Trd, 259177.617, 89
Trd, 259177.667, 131
Trd, 259178.933, 140
Trd, 259179.133, 140
Trd, 259179.150, 140
Trd, 259179.283, 140
Trd, 259179.417, 140
Trd, 259179.567, 140
Trd, 259179.733, 140
Trd, 259179.750, 140
Trd, 259180.200, 140
Trd, 259180.400, 140
Trd, 259180.517, 140
Trd, 259180.950, 140
Trd, 259180.983, 140
Trd, 259181.450, 140
Trd, 259181.517, 140
Trd, 259181.717, 140
Trd, 259181.850, 140
Trd, 259181.967, 140
Trd, 259182.017, 140
Trd, 259182.150, 126
Trd, 259182.483, 140
Trd, 259182.550, 140
Trd, 259182.583, 132
Trd, 259183.033, 125
Trd, 259183.050, 124
Trd, 259183.283, 135
Trd, 259183.783, 132
Trd, 259183.900, 131
Trd, 259183.933, 123
Trd, 259184.783, 129
Trd, 259185.050, 130
Trd, 259185.133, 129
Trd, 259185.250, 129
Trd, 259185.267, 130
Trd, 259185.483, 129
Trd, 259185.533, 130
Trd, 259186.017, 131
Trd, 259186.750, 140
Trd, 259187.267, 140
Trd, 259187.517, 140
Trd, 259187.667, 140
Trd, 259187.800, 140
Trd, 259187.867, 140
Trd, 259187.950, 140
Trd, 259187.983, 140
Trd, 259188.200, 140
Trd, 259188.233, 140
Trd, 259188.300, 140
Trd, 259188.350, 139
Trd, 259188.983, 140
Trd, 259189.167, 140
Trd, 259189.300, 140
Trd, 259189.567, 140
Trd, 259189.617, 140
Trd, 259190.100, 140
Trd, 259190.617, 140
Trd, 259190.817, 140
Trd, 259191.000, 140
Trd, 259191.250, 137
Trd, 259191.583, 139
Trd, 259191.617, 140
Trd, 259191.750, 140
Trd, 259192.117, 138
Trd, 259192.450, 140
Trd, 259192.667, 140
Trd, 259192.683, 139
Trd, 259193.767, 140
Trd, 259194.000, 140
Trd, 259194.100, 140
Trd, 259194.267, 139
Trd, 259194.350, 139
Trd, 259194.617, 140
Trd, 259194.750, 129
Trd, 259195.133, 140
Trd, 259195.367, 140
Trd, 259195.617, 140
Trd, 259195.983, 140
Trd, 259196.017, 140
Trd, 259196.350, 140
Trd, 259196.417, 140
Trd, 259196.450, 140
Trd, 259196.467, 140
Trd, 259196.667, 139
Trd, 259196.967, 140
Trd, 259197.200, 138
Trd, 259197.300, 139
Trd, 259197.567, 125
Trd, 259198.417, 131
Trd, 259198.750, 116
Trd, 259198.767, 90
Trd, 259199.033, 88
Trd, 259199.233, 73
Trd, 259199.333, 119
Trd, 259199.383, 120
