Trd, 258595.900, 111
Trd, 258595.967, 74
Trd, 258596.150, 112
Trd, 258596.583, 113
Trd, 258596.617, 113
Trd, 258596.717, 113
Trd, 258596.783, 119
Trd, 258596.867, 97
Trd, 258597.200, 124
Trd, 258597.417, 138
Trd, 258598.233, 140
Trd, 258598.367, 140
Trd, 258598.700, 140
Trd, 258598.917, 140
Trd, 258598.967, 140
Trd, 258600.000, 140
Trd, 258600.067, 140
Trd, 258600.317, 140
Trd, 258600.917, 140
Trd, 258601.000, 140
Trd, 258601.033, 140
Trd, 258601.383, 140
Trd, 258601.483, 140
Trd, 258602.317, 140
Trd, 258602.433, 140
Trd, 258602.550, 140
Trd, 258603.067, 140
Trd, 258603.133, 140
Trd, 258603.167, 140
Trd, 258604.250, 140
Trd, 258604.400, 140
Trd, 258604.450, 140
Trd, 258604.533, 140
Trd, 258604.550, 140
Trd, 258604.600, 140
Trd, 258604.700, 140
Trd, 258604.750, 140
Trd, 258604.783, 140
Trd, 258605.000, 140
Trd, 258605.233, 140
Trd, 258605.267, 140
Trd, 258605.650, 140
Trd, 258605.667, 139
Trd, 258605.733, 139
Trd, 258606.100, 139
Trd, 258606.167, 140
Trd, 258606.433, 139
Trd, 258606.500, 139
Trd, 258606.600, 138
Trd, 258606.617, 138
Trd, 258606.667, 139
Trd, 258606.850, 121
Trd, 258606.867, 108
Trd, 258607.150, 129
Trd, 258607.200, 140
Trd, 258607.850, 136
Trd, 258607.867, 110
Trd, 258608.450, 114
Trd, 258608.467, 111
Trd, 258608.500, 136
Trd, 258608.583, 135
Trd, 258609.017, 111
Trd, 258609.150, 133
Trd, 258609.250, 134
Trd, 258609.317, 110
Trd, 258609.633, 110
Trd, 258609.667, 118
Trd, 258609.800, 117
Trd, 258609.850, 118
Trd, 258610.033, 110
Trd, 258610.200, 119
Trd, 258610.217, 113
Trd, 258610.650, 111
Trd, 258610.783, 61
Trd, 258610.917, 119
Trd, 258611.150, 69
Trd, 258611.517, 60
Trd, 258611.750, 63
Trd, 258611.783, 64
Trd, 258611.867, 65
Trd, 258612.633, 112
Trd, 258612.767, 118
Trd, 258613.267, 113
Trd, 258613.383, 114
Trd, 258613.533, 114
Trd, 258613.550, 112
Trd, 258613.767, 111
Trd, 258613.800, 108
Trd, 258613.983, 115
Trd, 258614.417, 93
Trd, 258614.433, 115
Trd, 258615.050, 93
Trd, 258615.433, 94
Trd, 258615.700, 87
Trd, 258615.733, 104
Trd, 258615.783, 105
Trd, 258615.917, 84
Trd, 258615.967, 105
Trd, 258616.333, 83
Trd, 258616.450, 72
Trd, 258616.550, 101
Trd, 258616.633, 71
Trd, 258616.767, 98
Trd, 258616.950, 65
Trd, 258617.317, 62
Trd, 258617.533, 64
Trd, 258617.767, 61
Trd, 258618.100, 60
Trd, 258618.150, 60
Trd, 258618.267, 60
Trd, 258618.550, 60
Trd, 258618.600, 60
Trd, 258618.917, 60
Trd, 258619.400, 60
Trd, 258619.567, 60
Trd, 258619.633, 60
Trd, 258619.700, 60
Trd, 258620.017, 60
Trd, 258620.167, 60
Trd, 258620.183, 60
Trd, 258620.617, 61
Trd, 258620.683, 61
Trd, 258620.733, 62
Trd, 258621.033, 64
Trd, 258621.117, 65
Trd, 258621.150, 63
Trd, 258621.200, 72
Trd, 258621.217, 73
Trd, 258621.567, 140
Trd, 258621.967, 65
Trd, 258622.050, 96
Trd, 258622.133, 67
Trd, 258622.200, 65
Trd, 258622.417, 66
Trd, 258622.450, 86
Trd, 258622.633, 85
Trd, 258622.850, 87
Trd, 258623.200, 138
Trd, 258624.550, 140
Trd, 258625.067, 140
Trd, 258625.133, 140
Trd, 258625.883, 140
Trd, 258626.500, 140
Trd, 258626.700, 140
Trd, 258627.083, 140
Trd, 258627.133, 140
Trd, 258627.400, 140
Trd, 258627.483, 140
Trd, 258627.717, 140
Trd, 258627.900, 140
Trd, 258628.167, 140
Trd, 258628.267, 140
Trd, 258628.800, 140
Trd, 258629.033, 140
Trd, 258629.317, 140
Trd, 258629.650, 140
Trd, 258629.883, 140
Trd, 258629.950, 140
Trd, 258630.417, 140
Trd, 258630.533, 140
Trd, 258630.567, 140
Trd, 258630.700, 140
Trd, 258630.717, 140
Trd, 258630.800, 140
Trd, 258630.850, 140
Trd, 258630.883, 139
Trd, 258630.950, 139
Trd, 258631.000, 140
Trd, 258631.500, 139
Trd, 258631.733, 139
Trd, 258631.800, 138
Trd, 258631.900, 110
Trd, 258632.117, 108
Trd, 258632.233, 134
Trd, 258632.750, 131
Trd, 258632.833, 92
Trd, 258633.200, 84
Trd, 258633.267, 127
Trd, 258633.367, 130
Trd, 258633.450, 131
Trd, 258633.467, 91
Trd, 258633.600, 131
Trd, 258633.867, 86
Trd, 258634.233, 86
Trd, 258634.350, 66
Trd, 258635.050, 93
Trd, 258635.367, 116
Trd, 258635.450, 118
Trd, 258635.767, 94
Trd, 258635.883, 93
Trd, 258636.083, 110
Trd, 258636.367, 109
Trd, 258636.717, 63
Trd, 258637.067, 61
Trd, 258637.283, 100
Trd, 258637.383, 62
Trd, 258637.483, 101
Trd, 258637.683, 97
Trd, 258637.750, 99
Trd, 258637.800, 76
Trd, 258638.000, 75
Trd, 258638.267, 76
Trd, 258638.333, 90
Trd, 258638.633, 89
Trd, 258638.767, 79
Trd, 258638.883, 80
Trd, 258638.983, 88
Trd, 258639.000, 78
Trd, 258639.050, 89
Trd, 258639.117, 76
Trd, 258639.200, 66
Trd, 258640.167, 78
Trd, 258640.350, 76
Trd, 258640.900, 70
Trd, 258640.967, 71
Trd, 258641.100, 63
Trd, 258641.133, 73
Trd, 258641.317, 73
Trd, 258641.333, 74
Trd, 258641.433, 60
Trd, 258641.483, 71
Trd, 258641.600, 77
Trd, 258641.733, 62
Trd, 258641.817, 64
Trd, 258642.083, 72
Trd, 258642.467, 67
Trd, 258642.483, 64
Trd, 258642.500, 62
Trd, 258642.783, 60
Trd, 258642.933, 60
Trd, 258643.200, 60
Trd, 258643.433, 60
Trd, 258644.083, 60
Trd, 258644.100, 60
Trd, 258644.183, 60
Trd, 258644.417, 60
Trd, 258644.567, 60
Trd, 258644.733, 60
Trd, 258644.750, 60
Trd, 258644.850, 60
Trd, 258645.183, 60
Trd, 258645.733, 60
Trd, 258645.883, 60
Trd, 258645.933, 60
Trd, 258646.050, 60
Trd, 258646.300, 60
Trd, 258646.400, 60
Trd, 258646.633, 60
Trd, 258646.700, 60
Trd, 258646.717, 60
Trd, 258646.850, 60
Trd, 258647.017, 61
Trd, 258647.150, 60
Trd, 258647.333, 62
Trd, 258647.433, 60
Trd, 258647.633, 60
Trd, 258647.883, 61
Trd, 258647.950, 61
Trd, 258647.967, 62
Trd, 258648.100, 63
Trd, 258648.517, 140
Trd, 258648.733, 140
Trd, 258648.950, 140
Trd, 258649.150, 140
Trd, 258649.250, 139
Trd, 258649.317, 140
Trd, 258650.033, 140
Trd, 258650.117, 140
Trd, 258650.517, 140
Trd, 258651.433, 140
Trd, 258652.017, 140
Trd, 258652.317, 140
Trd, 258652.733, 140
Trd, 258652.767, 140
Trd, 258652.967, 140
Trd, 258653.067, 140
Trd, 258653.433, 140
Trd, 258653.550, 140
Trd, 258653.900, 140
Trd, 258654.800, 140
Trd, 258655.567, 140
Trd, 258655.617, 140
Trd, 258656.467, 140
Trd, 258656.500, 140
Trd, 258656.650, 140
Trd, 258656.667, 140
Trd, 258656.733, 140
Trd, 258656.783, 140
Trd, 258656.800, 140
Trd, 258656.900, 140
Trd, 258656.917, 140
Trd, 258657.000, 140
Trd, 258657.183, 140
Trd, 258657.217, 140
Trd, 258657.583, 140
Trd, 258657.667, 140
Trd, 258657.767, 140
Trd, 258657.867, 139
Trd, 258658.033, 140
Trd, 258658.067, 138
Trd, 258658.150, 135
Trd, 258658.433, 140
Trd, 258658.867, 139
Trd, 258659.217, 139
Trd, 258659.450, 127
Trd, 258659.950, 126
Trd, 258659.967, 140
Trd, 258660.167, 113
Trd, 258660.183, 112
Trd, 258660.517, 108
Trd, 258660.533, 107
Trd, 258660.650, 81
Trd, 258660.750, 136
Trd, 258660.983, 134
Trd, 258661.317, 130
Trd, 258661.367, 78
Trd, 258661.450, 132
Trd, 258662.267, 80
Trd, 258662.483, 78
Trd, 258662.517, 77
Trd, 258662.850, 78
Trd, 258662.883, 80
Trd, 258662.983, 77
Trd, 258663.083, 79
Trd, 258663.183, 78
Trd, 258663.200, 77
Trd, 258663.250, 79
Trd, 258663.267, 72
Trd, 258663.317, 72
Trd, 258663.383, 80
Trd, 258663.650, 93
Trd, 258663.933, 92
Trd, 258664.417, 140
Trd, 258664.450, 140
Trd, 258664.800, 139
Trd, 258665.150, 140
Trd, 258665.167, 140
Trd, 258665.767, 140
Trd, 258666.300, 140
Trd, 258666.533, 140
Trd, 258666.750, 140
Trd, 258667.783, 140
Trd, 258668.217, 140
Trd, 258669.400, 140
Trd, 258669.417, 140
Trd, 258669.450, 140
Trd, 258670.200, 140
Trd, 258670.367, 140
Trd, 258670.533, 140
Trd, 258670.583, 140
Trd, 258670.850, 140
Trd, 258670.933, 140
Trd, 258671.017, 140
Trd, 258671.100, 140
Trd, 258671.117, 140
Trd, 258671.133, 140
Trd, 258671.167, 140
Trd, 258671.267, 140
Trd, 258671.650, 140
Trd, 258671.683, 140
Trd, 258671.800, 138
Trd, 258671.933, 139
Trd, 258671.950, 138
Trd, 258672.350, 135
Trd, 258672.383, 135
Trd, 258672.600, 133
Trd, 258672.817, 133
Trd, 258672.900, 131
Trd, 258672.950, 135
Trd, 258673.000, 127
Trd, 258673.083, 125
Trd, 258673.350, 124
Trd, 258674.133, 131
Trd, 258674.233, 122
Trd, 258674.533, 123
Trd, 258674.767, 126
Trd, 258674.900, 126
Trd, 258674.967, 128
Trd, 258675.000, 114
Trd, 258675.050, 112
Trd, 258675.117, 88
Trd, 258675.617, 100
Trd, 258675.967, 62
Trd, 258676.067, 63
Trd, 258676.283, 91
Trd, 258676.633, 119
Trd, 258676.917, 60
Trd, 258677.017, 60
Trd, 258677.100, 60
Trd, 258677.300, 60
Trd, 258677.433, 60
Trd, 258677.450, 60
Trd, 258677.533, 60
Trd, 258678.017, 60
Trd, 258678.117, 60
Trd, 258678.150, 61
Trd, 258678.633, 61
Trd, 258678.650, 62
Trd, 258678.717, 60
Trd, 258678.817, 65
Trd, 258678.983, 75
Trd, 258679.300, 80
Trd, 258679.517, 76
Trd, 258679.533, 74
Trd, 258679.700, 60
Trd, 258680.350, 99
Trd, 258680.417, 99
Trd, 258680.483, 102
Trd, 258680.517, 103
Trd, 258680.533, 99
Trd, 258680.883, 101
Trd, 258680.950, 100
Trd, 258681.083, 122
Trd, 258681.167, 123
Trd, 258681.433, 139
Trd, 258681.617, 140
Trd, 258682.067, 111
Trd, 258682.400, 137
Trd, 258683.483, 140
Trd, 258684.000, 140
Trd, 258684.700, 140
Trd, 258684.917, 140
Trd, 258685.600, 140
Trd, 258686.167, 140
Trd, 258686.317, 140
Trd, 258686.583, 140
Trd, 258687.200, 140
Trd, 258687.400, 140
Trd, 258687.733, 140
Trd, 258687.817, 140
Trd, 258687.967, 140
Trd, 258688.150, 140
Trd, 258688.500, 140
Trd, 258689.183, 140
Trd, 258689.417, 140
Trd, 258689.567, 140
Trd, 258689.617, 140
Trd, 258689.633, 140
Trd, 258689.650, 140
Trd, 258689.667, 140
Trd, 258689.983, 140
Trd, 258690.150, 140
Trd, 258690.233, 140
Trd, 258690.433, 140
Trd, 258690.567, 140
Trd, 258690.667, 140
Trd, 258690.833, 140
Trd, 258690.867, 140
Trd, 258690.900, 139
Trd, 258691.000, 139
Trd, 258691.017, 138
Trd, 258691.317, 137
Trd, 258691.667, 136
Trd, 258691.783, 135
Trd, 258692.033, 129
Trd, 258692.233, 129
Trd, 258692.300, 129
Trd, 258692.483, 128
Trd, 258692.500, 91
Trd, 258692.533, 129
Trd, 258692.833, 129
Trd, 258693.000, 129
Trd, 258693.500, 112
Trd, 258693.583, 126
Trd, 258693.617, 111
Trd, 258693.633, 110
Trd, 258693.783, 128
Trd, 258693.867, 129
Trd, 258693.950, 96
Trd, 258694.183, 124
Trd, 258694.217, 112
Trd, 258694.233, 111
Trd, 258694.267, 125
Trd, 258694.667, 125
Trd, 258694.700, 121
Trd, 258695.517, 124
Trd, 258695.750, 125
Trd, 258696.167, 140
Trd, 258696.517, 140
Trd, 258696.567, 140
Trd, 258697.467, 140
Trd, 258697.667, 140
Trd, 258697.750, 140
Trd, 258697.850, 138
Trd, 258697.900, 140
Trd, 258698.017, 140
Trd, 258699.317, 140
Trd, 258699.967, 140
Trd, 258700.367, 140
Trd, 258700.467, 140
Trd, 258700.700, 140
Trd, 258700.750, 140
Trd, 258701.017, 140
Trd, 258702.300, 140
Trd, 258702.900, 140
Trd, 258703.083, 140
Trd, 258703.100, 140
Trd, 258703.367, 140
Trd, 258703.483, 140
Trd, 258703.500, 140
Trd, 258703.533, 140
Trd, 258703.633, 140
Trd, 258703.850, 140
Trd, 258703.883, 140
Trd, 258703.917, 140
Trd, 258703.933, 140
Trd, 258703.983, 139
Trd, 258704.100, 138
Trd, 258704.133, 138
Trd, 258704.483, 138
Trd, 258704.617, 136
Trd, 258704.717, 138
Trd, 258705.033, 118
Trd, 258705.117, 105
Trd, 258705.617, 132
Trd, 258705.783, 134
Trd, 258706.283, 137
Trd, 258706.317, 106
Trd, 258706.400, 97
Trd, 258706.583, 135
Trd, 258706.700, 98
Trd, 258706.733, 138
Trd, 258706.867, 98
Trd, 258707.000, 140
Trd, 258707.100, 97
Trd, 258707.883, 125
Trd, 258708.117, 139
Trd, 258708.233, 119
Trd, 258708.633, 120
Trd, 258709.067, 140
Trd, 258709.617, 140
Trd, 258710.050, 140
Trd, 258710.433, 140
Trd, 258710.583, 140
Trd, 258711.217, 140
Trd, 258711.533, 140
Trd, 258711.767, 140
Trd, 258711.817, 140
Trd, 258711.900, 139
Trd, 258711.950, 140
Trd, 258712.050, 140
Trd, 258712.067, 140
Trd, 258712.100, 139
Trd, 258712.133, 139
Trd, 258712.167, 138
Trd, 258712.233, 138
Trd, 258712.350, 139
Trd, 258712.450, 138
Trd, 258712.550, 125
Trd, 258712.650, 118
Trd, 258712.800, 115
Trd, 258712.933, 134
Trd, 258712.967, 135
Trd, 258713.533, 97
Trd, 258713.633, 132
Trd, 258713.700, 96
Trd, 258713.950, 67
Trd, 258714.317, 67
Trd, 258714.367, 66
Trd, 258715.883, 60
Trd, 258715.917, 60
Trd, 258716.233, 60
Trd, 258716.550, 60
Trd, 258716.667, 60
Trd, 258716.933, 60
Trd, 258717.067, 60
Trd, 258717.083, 60
Trd, 258717.117, 60
Trd, 258717.183, 60
Trd, 258717.233, 60
Trd, 258717.250, 60
Trd, 258717.283, 60
Trd, 258717.400, 60
Trd, 258717.517, 60
Trd, 258717.533, 61
Trd, 258717.667, 61
Trd, 258717.900, 61
Trd, 258717.917, 62
Trd, 258717.950, 63
Trd, 258718.350, 60
Trd, 258718.450, 60
Trd, 258718.467, 61
Trd, 258718.650, 61
Trd, 258718.750, 82
Trd, 258718.867, 113
Trd, 258719.250, 114
Trd, 258719.317, 115
Trd, 258719.767, 140
Trd, 258720.033, 140
Trd, 258720.283, 140
Trd, 258720.450, 140
Trd, 258720.667, 139
Trd, 258721.183, 138
Trd, 258721.217, 138
Trd, 258721.867, 140
Trd, 258722.400, 140
Trd, 258723.750, 140
Trd, 258723.833, 140
Trd, 258723.950, 140
Trd, 258724.633, 140
Trd, 258725.167, 140
Trd, 258725.317, 140
Trd, 258725.617, 140
Trd, 258726.133, 140
Trd, 258726.833, 140
Trd, 258727.150, 140
Trd, 258727.700, 140
Trd, 258727.767, 140
Trd, 258727.983, 140
Trd, 258728.183, 140
Trd, 258728.950, 140
Trd, 258729.000, 140
Trd, 258729.483, 140
Trd, 258729.533, 140
Trd, 258729.583, 140
Trd, 258729.650, 140
Trd, 258729.733, 140
Trd, 258729.800, 140
Trd, 258729.883, 140
Trd, 258729.917, 139
Trd, 258730.083, 140
Trd, 258730.167, 139
Trd, 258730.200, 139
Trd, 258730.317, 139
Trd, 258730.550, 138
Trd, 258730.700, 138
Trd, 258731.150, 136
Trd, 258731.317, 135
Trd, 258731.333, 136
Trd, 258731.500, 117
Trd, 258731.517, 137
Trd, 258731.767, 117
Trd, 258731.967, 139
Trd, 258732.633, 140
Trd, 258732.650, 140
Trd, 258732.767, 140
Trd, 258732.900, 140
Trd, 258733.133, 140
Trd, 258733.283, 133
Trd, 258733.417, 139
Trd, 258734.183, 139
Trd, 258734.350, 138
Trd, 258734.517, 137
Trd, 258734.967, 140
Trd, 258735.317, 140
Trd, 258735.900, 140
Trd, 258736.067, 140
Trd, 258736.783, 140
Trd, 258736.967, 140
Trd, 258737.133, 140
Trd, 258737.183, 140
Trd, 258737.783, 140
Trd, 258738.167, 140
Trd, 258738.233, 140
Trd, 258738.350, 140
Trd, 258738.617, 140
Trd, 258739.250, 140
Trd, 258740.267, 139
Trd, 258740.567, 140
Trd, 258740.750, 140
Trd, 258741.783, 140
Trd, 258742.000, 140
Trd, 258742.083, 140
Trd, 258742.217, 140
Trd, 258742.300, 140
Trd, 258742.367, 140
Trd, 258742.483, 140
Trd, 258742.550, 140
Trd, 258742.617, 140
Trd, 258742.683, 139
Trd, 258742.883, 140
Trd, 258742.933, 140
Trd, 258743.117, 140
Trd, 258743.467, 140
Trd, 258743.483, 140
Trd, 258743.600, 140
Trd, 258743.650, 140
Trd, 258743.967, 135
Trd, 258744.117, 135
Trd, 258744.267, 134
Trd, 258744.300, 136
Trd, 258744.333, 137
Trd, 258744.500, 134
Trd, 258744.517, 119
Trd, 258744.550, 136
Trd, 258744.617, 138
Trd, 258745.117, 140
Trd, 258745.467, 124
Trd, 258745.833, 107
Trd, 258746.000, 99
Trd, 258746.083, 97
Trd, 258746.200, 128
Trd, 258746.233, 129
Trd, 258746.400, 83
Trd, 258746.950, 60
Trd, 258747.083, 61
Trd, 258747.433, 60
Trd, 258747.800, 60
Trd, 258748.033, 60
Trd, 258748.083, 60
Trd, 258748.117, 60
Trd, 258748.150, 60
Trd, 258748.433, 61
Trd, 258748.633, 61
Trd, 258748.700, 62
Trd, 258748.900, 61
Trd, 258749.167, 61
Trd, 258749.283, 62
Trd, 258749.450, 60
Trd, 258749.650, 60
Trd, 258749.917, 65
Trd, 258750.333, 68
Trd, 258750.550, 133
Trd, 258750.967, 72
Trd, 258751.017, 70
Trd, 258751.133, 130
Trd, 258751.250, 69
Trd, 258751.350, 132
Trd, 258751.383, 104
Trd, 258751.417, 134
Trd, 258751.517, 67
Trd, 258751.550, 65
Trd, 258751.917, 68
Trd, 258752.117, 140
Trd, 258752.167, 140
Trd, 258752.483, 140
Trd, 258753.100, 140
Trd, 258754.750, 140
Trd, 258754.900, 140
Trd, 258755.117, 140
Trd, 258755.633, 140
Trd, 258755.967, 140
Trd, 258756.100, 140
Trd, 258756.350, 140
Trd, 258756.533, 140
Trd, 258756.667, 140
Trd, 258756.683, 140
Trd, 258756.717, 130
Trd, 258756.833, 135
Trd, 258756.917, 104
Trd, 258757.033, 139
Trd, 258757.317, 95
Trd, 258757.433, 134
Trd, 258757.600, 94
Trd, 258757.717, 134
Trd, 258758.267, 128
Trd, 258758.317, 121
Trd, 258758.333, 129
Trd, 258758.417, 128
Trd, 258758.783, 129
Trd, 258758.800, 123
Trd, 258759.217, 125
Trd, 258759.350, 123
Trd, 258759.383, 121
Trd, 258759.450, 126
Trd, 258759.583, 127
Trd, 258759.600, 107
Trd, 258760.000, 106
Trd, 258760.033, 128
Trd, 258760.200, 127
Trd, 258760.267, 106
Trd, 258760.533, 105
Trd, 258760.983, 123
Trd, 258761.117, 125
Trd, 258761.200, 85
Trd, 258761.267, 125
Trd, 258761.300, 126
Trd, 258761.450, 113
Trd, 258761.550, 112
Trd, 258761.683, 127
Trd, 258761.883, 126
Trd, 258762.233, 139
Trd, 258762.567, 137
Trd, 258762.833, 113
Trd, 258763.683, 138
Trd, 258763.800, 137
Trd, 258764.583, 140
Trd, 258764.917, 140
Trd, 258765.083, 140
Trd, 258765.100, 140
Trd, 258765.317, 140
Trd, 258765.417, 140
Trd, 258765.467, 140
Trd, 258765.583, 138
Trd, 258765.667, 138
Trd, 258765.833, 139
Trd, 258765.933, 121
Trd, 258766.100, 139
Trd, 258766.150, 137
Trd, 258766.367, 134
Trd, 258766.617, 121
Trd, 258766.650, 120
Trd, 258766.983, 135
Trd, 258767.233, 111
Trd, 258767.633, 110
Trd, 258768.067, 119
Trd, 258768.250, 121
Trd, 258768.500, 118
Trd, 258768.617, 120
Trd, 258768.650, 112
Trd, 258768.850, 121
Trd, 258768.950, 122
Trd, 258769.400, 140
Trd, 258769.683, 138
Trd, 258769.700, 112
Trd, 258770.850, 140
Trd, 258770.867, 140
Trd, 258771.300, 140
Trd, 258771.600, 140
Trd, 258771.767, 140
Trd, 258771.917, 140
Trd, 258772.000, 140
Trd, 258772.200, 140
Trd, 258773.417, 140
Trd, 258773.550, 140
Trd, 258773.900, 140
Trd, 258774.267, 140
Trd, 258774.417, 140
Trd, 258774.817, 140
Trd, 258775.017, 140
Trd, 258775.683, 140
Trd, 258775.850, 140
Trd, 258776.000, 140
Trd, 258776.217, 140
Trd, 258776.417, 140
Trd, 258776.450, 139
Trd, 258776.567, 139
Trd, 258776.583, 139
Trd, 258776.833, 139
Trd, 258776.850, 139
Trd, 258777.117, 137
Trd, 258777.217, 137
Trd, 258777.250, 136
Trd, 258777.350, 135
Trd, 258777.417, 125
Trd, 258777.650, 132
Trd, 258777.783, 105
Trd, 258778.100, 128
Trd, 258778.800, 122
Trd, 258778.883, 106
Trd, 258779.150, 70
Trd, 258779.267, 114
Trd, 258779.317, 115
Trd, 258779.367, 115
Trd, 258779.583, 110
Trd, 258779.633, 94
Trd, 258779.683, 110
Trd, 258779.967, 111
Trd, 258780.200, 113
Trd, 258780.300, 81
Trd, 258780.483, 118
Trd, 258780.633, 82
Trd, 258780.933, 120
Trd, 258781.017, 82
Trd, 258781.517, 140
Trd, 258781.600, 139
Trd, 258782.033, 139
Trd, 258782.067, 123
Trd, 258782.367, 136
Trd, 258782.567, 134
Trd, 258782.600, 93
Trd, 258782.817, 101
Trd, 258783.600, 111
Trd, 258783.700, 108
Trd, 258784.650, 140
Trd, 258785.250, 140
Trd, 258785.533, 140
Trd, 258785.833, 140
Trd, 258785.933, 140
Trd, 258786.050, 140
Trd, 258786.183, 140
Trd, 258786.500, 140
Trd, 258787.100, 140
Trd, 258787.150, 140
Trd, 258788.267, 140
Trd, 258788.300, 140
Trd, 258788.483, 140
Trd, 258788.617, 140
Trd, 258789.017, 140
Trd, 258789.433, 140
Trd, 258789.467, 140
Trd, 258789.917, 140
Trd, 258790.200, 140
Trd, 258790.917, 140
Trd, 258791.417, 140
Trd, 258791.650, 140
Trd, 258791.733, 140
Trd, 258792.033, 140
Trd, 258792.083, 140
Trd, 258792.150, 140
Trd, 258792.183, 140
Trd, 258792.200, 140
Trd, 258792.283, 140
Trd, 258792.433, 139
Trd, 258792.550, 138
Trd, 258792.600, 138
Trd, 258792.850, 139
Trd, 258793.033, 138
Trd, 258793.250, 138
Trd, 258793.333, 137
Trd, 258793.583, 123
Trd, 258793.617, 114
Trd, 258793.650, 93
Trd, 258793.700, 138
Trd, 258793.917, 138
Trd, 258794.133, 139
Trd, 258794.167, 117
Trd, 258794.183, 97
Trd, 258794.283, 140
Trd, 258794.383, 89
Trd, 258794.750, 140
Trd, 258794.950, 140
Trd, 258795.300, 140
Trd, 258795.717, 140
Trd, 258796.883, 140
Trd, 258796.950, 140
Trd, 258797.067, 140
Trd, 258797.200, 140
Trd, 258797.833, 140
Trd, 258798.267, 140
Trd, 258798.433, 140
Trd, 258798.917, 140
Trd, 258799.050, 140
Trd, 258799.300, 140
Trd, 258800.117, 140
Trd, 258800.200, 140
Trd, 258800.733, 140
Trd, 258800.933, 140
Trd, 258800.967, 140
Trd, 258801.017, 140
Trd, 258801.167, 140
Trd, 258801.317, 140
Trd, 258801.467, 139
Trd, 258801.550, 139
Trd, 258801.750, 137
Trd, 258801.800, 136
Trd, 258801.867, 137
Trd, 258801.983, 132
Trd, 258802.217, 120
Trd, 258802.233, 131
Trd, 258802.250, 119
Trd, 258802.283, 133
Trd, 258802.983, 125
Trd, 258803.150, 124
Trd, 258803.267, 123
Trd, 258803.367, 124
Trd, 258803.433, 124
Trd, 258803.633, 123
Trd, 258803.717, 126
Trd, 258803.933, 124
Trd, 258804.200, 123
Trd, 258804.317, 118
Trd, 258804.417, 124
Trd, 258804.433, 118
Trd, 258804.683, 115
Trd, 258804.917, 126
Trd, 258805.200, 111
Trd, 258805.467, 128
Trd, 258805.600, 138
Trd, 258805.633, 100
Trd, 258805.867, 125
Trd, 258806.333, 140
Trd, 258807.300, 140
Trd, 258807.867, 140
Trd, 258808.033, 140
Trd, 258808.217, 140
Trd, 258808.517, 140
Trd, 258808.867, 140
Trd, 258809.183, 140
Trd, 258809.717, 140
Trd, 258809.800, 140
Trd, 258809.917, 140
Trd, 258810.083, 140
Trd, 258810.267, 140
Trd, 258810.367, 140
Trd, 258810.900, 140
Trd, 258811.150, 140
Trd, 258811.217, 140
Trd, 258811.533, 140
Trd, 258811.717, 140
Trd, 258812.300, 140
Trd, 258812.367, 140
Trd, 258813.100, 140
Trd, 258813.583, 140
Trd, 258813.767, 140
Trd, 258814.667, 140
Trd, 258814.850, 140
Trd, 258815.017, 140
Trd, 258815.100, 140
Trd, 258815.183, 140
Trd, 258815.267, 140
Trd, 258815.417, 140
Trd, 258815.467, 140
Trd, 258815.533, 140
Trd, 258815.567, 139
Trd, 258815.583, 139
Trd, 258815.617, 138
Trd, 258815.883, 131
Trd, 258815.950, 135
Trd, 258816.383, 136
Trd, 258816.400, 137
Trd, 258816.533, 134
Trd, 258816.767, 132
Trd, 258817.100, 131
Trd, 258817.217, 130
Trd, 258817.267, 112
Trd, 258817.333, 131
Trd, 258817.450, 129
Trd, 258817.667, 137
Trd, 258817.817, 140
Trd, 258817.933, 137
Trd, 258818.283, 140
Trd, 258818.533, 138
Trd, 258818.583, 130
Trd, 258819.100, 138
Trd, 258819.500, 124
Trd, 258820.667, 134
Trd, 258821.150, 140
Trd, 258821.417, 140
Trd, 258821.933, 140
Trd, 258821.950, 140
Trd, 258822.033, 140
Trd, 258822.383, 140
Trd, 258822.850, 140
Trd, 258823.117, 140
Trd, 258823.417, 140
Trd, 258823.467, 140
Trd, 258823.483, 140
Trd, 258823.500, 140
Trd, 258823.533, 140
Trd, 258823.600, 139
Trd, 258823.983, 140
Trd, 258824.100, 140
Trd, 258824.133, 140
Trd, 258824.150, 139
Trd, 258824.500, 140
Trd, 258824.533, 139
Trd, 258824.717, 130
Trd, 258824.883, 129
Trd, 258824.967, 139
Trd, 258825.450, 134
Trd, 258825.767, 130
Trd, 258826.017, 132
Trd, 258826.083, 133
Trd, 258826.167, 135
Trd, 258826.250, 131
Trd, 258826.283, 130
Trd, 258826.683, 131
Trd, 258826.750, 129
Trd, 258826.817, 128
Trd, 258827.133, 127
Trd, 258827.350, 126
Trd, 258827.400, 115
Trd, 258827.700, 115
Trd, 258828.033, 124
Trd, 258828.300, 115
Trd, 258828.333, 105
Trd, 258828.583, 117
Trd, 258828.667, 93
Trd, 258828.950, 80
Trd, 258829.000, 117
Trd, 258829.183, 117
Trd, 258829.633, 68
Trd, 258829.850, 68
Trd, 258829.900, 69
Trd, 258829.917, 69
Trd, 258830.067, 111
Trd, 258830.217, 122
Trd, 258830.433, 83
Trd, 258830.633, 83
Trd, 258831.150, 129
Trd, 258831.167, 130
Trd, 258831.350, 106
Trd, 258831.567, 105
Trd, 258831.750, 129
Trd, 258831.800, 131
Trd, 258832.067, 109
Trd, 258832.517, 140
Trd, 258832.683, 140
Trd, 258833.233, 140
Trd, 258833.350, 140
Trd, 258833.383, 139
Trd, 258833.400, 138
Trd, 258833.983, 140
Trd, 258834.033, 140
Trd, 258834.267, 140
Trd, 258834.617, 140
Trd, 258836.033, 140
Trd, 258836.400, 140
Trd, 258836.500, 140
Trd, 258836.783, 140
Trd, 258837.633, 140
Trd, 258837.683, 140
Trd, 258837.700, 140
Trd, 258837.933, 140
Trd, 258838.117, 140
Trd, 258838.300, 140
Trd, 258838.417, 140
Trd, 258838.567, 140
Trd, 258838.783, 140
Trd, 258839.133, 140
Trd, 258839.233, 140
Trd, 258839.500, 140
Trd, 258839.900, 140
Trd, 258840.083, 140
Trd, 258840.567, 140
Trd, 258840.600, 140
Trd, 258840.633, 140
Trd, 258840.650, 140
Trd, 258840.683, 139
Trd, 258840.767, 140
Trd, 258840.867, 138
Trd, 258840.933, 140
Trd, 258841.017, 138
Trd, 258841.283, 128
Trd, 258841.450, 138
Trd, 258841.633, 129
Trd, 258842.000, 129
Trd, 258842.083, 129
Trd, 258842.100, 121
Trd, 258842.133, 119
Trd, 258842.300, 128
Trd, 258842.400, 130
Trd, 258842.450, 90
Trd, 258842.750, 133
Trd, 258843.467, 125
Trd, 258843.700, 82
Trd, 258843.967, 77
Trd, 258844.267, 112
Trd, 258844.367, 112
Trd, 258844.433, 102
Trd, 258844.633, 110
Trd, 258844.967, 87
Trd, 258845.033, 108
Trd, 258845.183, 85
Trd, 258845.217, 109
Trd, 258845.717, 107
Trd, 258845.850, 88
Trd, 258845.917, 105
Trd, 258845.933, 87
Trd, 258846.033, 84
Trd, 258846.217, 102
Trd, 258846.667, 80
Trd, 258847.067, 82
Trd, 258847.200, 72
Trd, 258847.267, 71
Trd, 258847.733, 91
Trd, 258847.900, 91
Trd, 258848.017, 71
Trd, 258848.100, 90
Trd, 258848.150, 92
Trd, 258848.183, 93
Trd, 258848.233, 92
Trd, 258848.433, 93
Trd, 258848.467, 71
Trd, 258848.567, 94
Trd, 258848.600, 98
Trd, 258848.767, 99
Trd, 258848.883, 103
Trd, 258849.250, 76
Trd, 258849.600, 89
Trd, 258849.733, 90
Trd, 258849.800, 74
Trd, 258850.217, 137
Trd, 258850.333, 137
Trd, 258850.633, 138
Trd, 258851.617, 140
Trd, 258852.067, 140
Trd, 258852.133, 140
Trd, 258852.283, 140
Trd, 258852.367, 139
Trd, 258852.700, 140
Trd, 258853.133, 140
Trd, 258853.300, 140
Trd, 258853.350, 139
Trd, 258853.500, 140
Trd, 258854.167, 140
Trd, 258854.533, 140
Trd, 258854.650, 140
Trd, 258854.733, 139
Trd, 258854.867, 123
Trd, 258855.617, 104
Trd, 258856.017, 127
Trd, 258856.300, 140
Trd, 258856.417, 139
Trd, 258856.567, 140
Trd, 258857.083, 140
Trd, 258857.267, 139
Trd, 258857.417, 92
Trd, 258857.817, 140
Trd, 258857.933, 139
Trd, 258858.733, 140
Trd, 258859.083, 140
Trd, 258859.933, 140
Trd, 258860.050, 140
Trd, 258860.867, 140
Trd, 258860.917, 140
Trd, 258860.983, 140
Trd, 258861.067, 140
Trd, 258861.117, 140
Trd, 258861.167, 140
Trd, 258861.333, 137
Trd, 258861.350, 139
Trd, 258861.583, 137
Trd, 258861.650, 138
Trd, 258861.800, 139
Trd, 258862.133, 124
Trd, 258862.150, 94
Trd, 258862.267, 138
Trd, 258862.350, 137
Trd, 258863.200, 122
Trd, 258863.233, 130
Trd, 258863.250, 92
Trd, 258863.267, 131
Trd, 258863.450, 98
Trd, 258863.850, 129
Trd, 258864.183, 126
Trd, 258864.367, 129
Trd, 258864.383, 97
Trd, 258864.500, 126
Trd, 258864.600, 94
Trd, 258864.667, 125
Trd, 258864.717, 93
Trd, 258865.300, 94
Trd, 258865.617, 96
Trd, 258866.033, 98
Trd, 258866.350, 95
Trd, 258866.467, 94
Trd, 258866.500, 95
Trd, 258866.533, 96
Trd, 258866.617, 73
Trd, 258866.717, 69
Trd, 258866.783, 61
Trd, 258866.883, 62
Trd, 258867.200, 94
Trd, 258867.233, 95
Trd, 258867.550, 60
Trd, 258867.600, 61
Trd, 258867.983, 60
Trd, 258868.000, 67
Trd, 258868.033, 67
Trd, 258868.150, 67
Trd, 258868.717, 66
Trd, 258869.100, 62
Trd, 258869.183, 64
Trd, 258869.250, 64
Trd, 258869.350, 65
Trd, 258869.500, 65
Trd, 258869.517, 62
Trd, 258869.633, 65
Trd, 258869.667, 66
Trd, 258869.800, 140
Trd, 258870.167, 140
Trd, 258870.833, 140
Trd, 258871.050, 140
Trd, 258871.450, 140
Trd, 258872.367, 140
Trd, 258872.667, 140
Trd, 258873.517, 140
Trd, 258873.667, 140
Trd, 258873.800, 140
Trd, 258873.917, 140
Trd, 258874.050, 140
Trd, 258874.200, 140
Trd, 258874.417, 140
Trd, 258874.617, 140
Trd, 258875.333, 140
Trd, 258875.683, 140
Trd, 258876.233, 140
Trd, 258876.683, 140
Trd, 258876.733, 140
Trd, 258877.283, 140
Trd, 258877.367, 140
Trd, 258877.517, 140
Trd, 258878.083, 140
Trd, 258878.167, 140
Trd, 258878.283, 140
Trd, 258878.367, 140
Trd, 258878.383, 140
Trd, 258878.400, 140
Trd, 258878.433, 140
Trd, 258878.667, 136
Trd, 258878.900, 133
Trd, 258879.117, 129
Trd, 258879.250, 127
Trd, 258879.383, 127
Trd, 258879.533, 127
Trd, 258879.683, 126
Trd, 258879.717, 127
Trd, 258880.033, 128
Trd, 258880.233, 127
Trd, 258880.283, 130
Trd, 258880.350, 108
Trd, 258880.433, 102
Trd, 258880.583, 140
Trd, 258880.750, 140
Trd, 258880.833, 140
Trd, 258881.083, 73
Trd, 258881.600, 140
Trd, 258881.817, 140
Trd, 258881.983, 140
Trd, 258882.900, 140
Trd, 258883.350, 140
Trd, 258883.583, 140
Trd, 258884.100, 140
Trd, 258884.267, 140
Trd, 258884.617, 140
Trd, 258884.867, 140
Trd, 258884.900, 140
Trd, 258884.917, 140
Trd, 258885.183, 140
Trd, 258885.500, 140
Trd, 258885.700, 140
Trd, 258885.717, 139
Trd, 258885.850, 138
Trd, 258886.267, 127
Trd, 258886.333, 126
Trd, 258887.217, 140
Trd, 258888.100, 140
Trd, 258888.883, 140
Trd, 258888.917, 140
Trd, 258889.000, 140
Trd, 258889.017, 140
Trd, 258889.183, 140
Trd, 258889.233, 140
Trd, 258889.250, 140
Trd, 258889.267, 140
Trd, 258889.333, 140
Trd, 258889.367, 140
Trd, 258889.483, 139
Trd, 258889.583, 104
Trd, 258889.967, 86
Trd, 258890.067, 82
Trd, 258890.117, 133
Trd, 258890.133, 82
Trd, 258890.267, 134
Trd, 258890.383, 136
Trd, 258890.483, 82
Trd, 258890.600, 81
Trd, 258890.867, 132
Trd, 258890.967, 132
Trd, 258891.250, 73
Trd, 258891.333, 126
Trd, 258891.400, 127
Trd, 258891.433, 72
Trd, 258891.700, 127
Trd, 258891.717, 128
Trd, 258891.733, 69
Trd, 258891.817, 67
Trd, 258892.333, 66
Trd, 258892.533, 64
Trd, 258892.767, 66
Trd, 258892.833, 67
Trd, 258893.400, 68
Trd, 258893.867, 60
Trd, 258894.000, 60
Trd, 258894.017, 60
Trd, 258894.267, 60
Trd, 258894.400, 60
Trd, 258894.700, 61
Trd, 258894.983, 62
Trd, 258895.417, 60
Trd, 258895.483, 60
Trd, 258895.583, 61
Trd, 258895.667, 62
Trd, 258895.683, 66
Trd, 258896.217, 140
Trd, 258896.500, 140
Trd, 258897.500, 140
Trd, 258897.517, 140
Trd, 258897.700, 140
Trd, 258897.767, 140
Trd, 258897.817, 140
Trd, 258898.333, 140
Trd, 258898.417, 140
Trd, 258898.833, 140
Trd, 258898.933, 140
Trd, 258898.983, 140
Trd, 258899.083, 140
Trd, 258899.317, 140
Trd, 258899.333, 140
Trd, 258899.383, 140
Trd, 258899.467, 140
Trd, 258899.500, 140
Trd, 258899.517, 139
Trd, 258899.733, 138
Trd, 258900.017, 140
Trd, 258900.100, 139
Trd, 258900.500, 115
Trd, 258900.667, 136
Trd, 258901.067, 114
Trd, 258901.217, 134
Trd, 258901.367, 128
Trd, 258901.700, 127
Trd, 258901.717, 104
Trd, 258901.733, 89
Trd, 258902.500, 123
Trd, 258902.517, 124
Trd, 258902.583, 125
Trd, 258902.833, 126
Trd, 258902.867, 117
Trd, 258903.050, 118
Trd, 258903.200, 126
Trd, 258903.267, 127
Trd, 258903.317, 127
Trd, 258903.467, 118
Trd, 258903.900, 127
Trd, 258903.917, 128
Trd, 258904.150, 134
Trd, 258904.367, 121
Trd, 258904.767, 140
Trd, 258904.950, 140
Trd, 258905.133, 140
Trd, 258905.167, 140
Trd, 258905.183, 140
Trd, 258905.600, 140
Trd, 258905.833, 140
Trd, 258905.867, 117
Trd, 258906.033, 73
Trd, 258906.700, 140
Trd, 258906.850, 140
Trd, 258907.250, 140
Trd, 258907.567, 140
Trd, 258908.117, 140
Trd, 258908.250, 140
Trd, 258908.917, 140
Trd, 258909.067, 140
Trd, 258909.967, 140
Trd, 258910.367, 140
Trd, 258910.700, 140
Trd, 258911.217, 140
Trd, 258911.800, 140
Trd, 258912.117, 140
Trd, 258912.167, 140
Trd, 258912.217, 140
Trd, 258912.283, 140
Trd, 258912.300, 140
Trd, 258912.583, 140
Trd, 258912.750, 140
Trd, 258912.767, 140
Trd, 258912.783, 140
Trd, 258912.917, 120
Trd, 258913.100, 116
Trd, 258913.183, 98
Trd, 258913.400, 138
Trd, 258913.750, 132
Trd, 258913.900, 130
Trd, 258913.933, 131
Trd, 258914.083, 113
Trd, 258914.250, 113
Trd, 258914.300, 110
Trd, 258914.333, 127
Trd, 258914.633, 123
Trd, 258914.700, 123
Trd, 258915.033, 76
Trd, 258915.483, 117
Trd, 258915.567, 118
Trd, 258915.767, 116
Trd, 258915.933, 113
Trd, 258916.000, 100
Trd, 258916.517, 113
Trd, 258916.583, 100
Trd, 258916.600, 99
Trd, 258916.800, 113
Trd, 258916.917, 60
Trd, 258917.000, 63
Trd, 258917.083, 114
Trd, 258917.250, 115
Trd, 258917.450, 138
Trd, 258918.233, 102
Trd, 258918.917, 105
Trd, 258919.050, 105
Trd, 258919.550, 140
Trd, 258919.583, 140
Trd, 258919.883, 140
Trd, 258920.050, 140
Trd, 258920.067, 140
Trd, 258920.133, 140
Trd, 258920.167, 140
Trd, 258920.417, 139
Trd, 258920.467, 140
Trd, 258920.750, 128
Trd, 258921.050, 127
Trd, 258921.117, 136
Trd, 258921.133, 138
Trd, 258921.733, 127
Trd, 258921.767, 128
Trd, 258921.933, 127
Trd, 258922.333, 126
Trd, 258922.450, 113
Trd, 258922.467, 126
Trd, 258922.517, 84
Trd, 258922.717, 80
Trd, 258923.000, 118
Trd, 258923.183, 120
Trd, 258923.267, 121
Trd, 258923.967, 117
Trd, 258924.017, 82
Trd, 258924.100, 117
Trd, 258924.233, 114
Trd, 258924.333, 115
Trd, 258924.550, 115
Trd, 258924.650, 82
Trd, 258924.667, 119
Trd, 258924.683, 81
Trd, 258924.733, 72
Trd, 258924.767, 121
Trd, 258924.833, 64
Trd, 258924.983, 138
Trd, 258925.533, 139
Trd, 258926.133, 137
Trd, 258926.500, 140
Trd, 258926.783, 140
Trd, 258927.667, 140
Trd, 258927.967, 140
Trd, 258928.167, 140
Trd, 258928.917, 140
Trd, 258928.933, 140
Trd, 258929.033, 140
Trd, 258929.050, 140
Trd, 258929.067, 140
Trd, 258929.083, 139
Trd, 258929.117, 139
Trd, 258929.233, 138
Trd, 258929.250, 137
Trd, 258929.450, 136
Trd, 258929.650, 134
Trd, 258929.767, 133
Trd, 258929.900, 117
Trd, 258930.367, 132
Trd, 258930.433, 133
Trd, 258930.450, 107
Trd, 258930.533, 104
Trd, 258930.700, 92
Trd, 258930.733, 135
Trd, 258930.783, 140
Trd, 258932.100, 140
Trd, 258932.117, 140
Trd, 258932.150, 140
Trd, 258932.483, 140
Trd, 258933.000, 140
Trd, 258933.150, 140
Trd, 258933.250, 140
Trd, 258933.317, 140
Trd, 258933.550, 140
Trd, 258933.667, 140
Trd, 258933.683, 139
Trd, 258934.017, 137
Trd, 258934.100, 138
Trd, 258934.350, 137
Trd, 258934.383, 137
Trd, 258934.433, 138
Trd, 258934.483, 136
Trd, 258934.633, 130
Trd, 258934.700, 139
Trd, 258934.767, 128
Trd, 258934.800, 120
Trd, 258934.900, 139
Trd, 258935.150, 138
Trd, 258935.167, 95
Trd, 258935.317, 95
Trd, 258935.767, 140
Trd, 258935.783, 140
Trd, 258936.017, 140
Trd, 258936.050, 139
Trd, 258936.267, 92
Trd, 258936.283, 139
Trd, 258936.300, 91
Trd, 258936.417, 80
Trd, 258936.517, 79
Trd, 258936.667, 139
Trd, 258937.900, 140
Trd, 258938.317, 140
Trd, 258938.600, 140
Trd, 258938.900, 140
Trd, 258939.017, 140
Trd, 258940.183, 140
Trd, 258940.767, 140
Trd, 258940.933, 140
Trd, 258941.133, 140
Trd, 258941.333, 140
Trd, 258941.367, 140
Trd, 258941.450, 140
Trd, 258941.550, 140
Trd, 258941.700, 139
Trd, 258941.817, 139
Trd, 258941.933, 138
Trd, 258942.083, 137
Trd, 258942.450, 136
Trd, 258942.483, 118
Trd, 258942.600, 138
Trd, 258942.833, 133
Trd, 258943.400, 120
Trd, 258943.467, 119
Trd, 258943.700, 127
Trd, 258943.767, 121
Trd, 258944.017, 121
Trd, 258944.033, 120
Trd, 258944.183, 123
Trd, 258944.250, 127
Trd, 258944.417, 126
Trd, 258944.550, 124
Trd, 258944.567, 118
Trd, 258944.717, 119
Trd, 258944.767, 122
Trd, 258944.867, 126
Trd, 258944.883, 127
Trd, 258945.217, 134
Trd, 258945.417, 127
Trd, 258946.417, 139
Trd, 258946.900, 140
Trd, 258946.933, 140
Trd, 258946.983, 122
Trd, 258947.117, 119
Trd, 258947.333, 135
Trd, 258947.900, 140
Trd, 258948.000, 140
Trd, 258948.067, 140
Trd, 258948.283, 136
Trd, 258948.700, 140
Trd, 258949.400, 140
Trd, 258949.800, 140
Trd, 258950.100, 140
Trd, 258950.667, 140
Trd, 258950.983, 140
Trd, 258951.133, 140
Trd, 258951.683, 140
Trd, 258952.083, 140
Trd, 258952.483, 140
Trd, 258952.617, 140
Trd, 258952.733, 140
Trd, 258953.983, 140
Trd, 258954.333, 140
Trd, 258954.383, 140
Trd, 258954.417, 140
Trd, 258954.517, 140
Trd, 258954.700, 140
Trd, 258955.083, 140
Trd, 258955.517, 140
Trd, 258955.850, 140
Trd, 258955.933, 140
Trd, 258955.950, 140
Trd, 258956.017, 140
Trd, 258956.283, 140
Trd, 258956.383, 140
Trd, 258956.450, 139
Trd, 258956.617, 139
Trd, 258956.633, 139
Trd, 258956.783, 140
Trd, 258956.817, 139
Trd, 258957.117, 137
Trd, 258957.283, 136
Trd, 258957.783, 133
Trd, 258957.983, 133
Trd, 258958.167, 124
Trd, 258958.400, 133
Trd, 258958.450, 134
Trd, 258958.467, 124
Trd, 258958.600, 124
Trd, 258958.650, 139
Trd, 258958.783, 140
Trd, 258958.867, 124
Trd, 258959.617, 140
Trd, 258959.717, 140
Trd, 258960.033, 140
Trd, 258960.133, 139
Trd, 258960.617, 140
Trd, 258960.817, 140
Trd, 258960.933, 140
Trd, 258961.117, 140
Trd, 258961.367, 140
Trd, 258962.050, 140
Trd, 258962.483, 140
Trd, 258963.400, 140
Trd, 258963.933, 140
Trd, 258964.050, 140
Trd, 258964.100, 140
Trd, 258964.167, 140
Trd, 258964.267, 140
Trd, 258964.367, 140
Trd, 258964.400, 140
Trd, 258964.600, 140
Trd, 258964.750, 140
Trd, 258964.783, 140
Trd, 258964.867, 139
Trd, 258965.117, 138
Trd, 258965.217, 137
Trd, 258965.400, 121
Trd, 258965.550, 123
Trd, 258965.900, 124
Trd, 258965.950, 123
Trd, 258966.217, 131
Trd, 258966.417, 128
Trd, 258966.767, 127
Trd, 258966.783, 122
Trd, 258966.850, 129
Trd, 258966.983, 107
Trd, 258967.133, 105
Trd, 258967.283, 85
Trd, 258967.383, 129
Trd, 258967.467, 129
Trd, 258967.683, 71
Trd, 258968.083, 62
Trd, 258968.133, 127
Trd, 258968.500, 125
Trd, 258968.717, 124
Trd, 258968.833, 106
Trd, 258969.050, 84
Trd, 258969.167, 69
Trd, 258969.233, 67
Trd, 258969.417, 122
Trd, 258969.433, 123
Trd, 258969.617, 111
Trd, 258969.683, 125
Trd, 258969.700, 126
Trd, 258969.817, 66
Trd, 258971.450, 140
Trd, 258971.483, 140
Trd, 258971.667, 139
Trd, 258972.117, 139
Trd, 258972.350, 138
Trd, 258973.383, 140
Trd, 258973.950, 140
Trd, 258974.100, 140
Trd, 258974.117, 140
Trd, 258974.500, 140
Trd, 258974.617, 140
Trd, 258974.717, 140
Trd, 258974.767, 140
Trd, 258975.683, 140
Trd, 258976.050, 140
Trd, 258976.350, 140
Trd, 258976.767, 140
Trd, 258977.417, 140
Trd, 258977.467, 140
Trd, 258978.417, 140
Trd, 258978.683, 140
Trd, 258978.950, 140
Trd, 258979.100, 140
Trd, 258979.117, 140
Trd, 258979.217, 140
Trd, 258979.250, 140
Trd, 258979.300, 140
Trd, 258979.433, 140
Trd, 258979.517, 140
Trd, 258979.533, 140
Trd, 258979.633, 140
Trd, 258979.650, 140
Trd, 258979.683, 140
Trd, 258979.750, 140
Trd, 258979.867, 140
Trd, 258979.933, 135
Trd, 258980.167, 138
Trd, 258980.250, 120
Trd, 258980.733, 139
Trd, 258981.000, 130
Trd, 258981.183, 137
Trd, 258981.667, 129
Trd, 258981.717, 131
Trd, 258981.867, 132
Trd, 258982.050, 118
Trd, 258982.150, 116
Trd, 258982.167, 129
Trd, 258982.200, 132
Trd, 258982.550, 132
Trd, 258983.133, 114
Trd, 258983.533, 114
Trd, 258983.550, 121
Trd, 258983.867, 113
Trd, 258984.133, 121
Trd, 258984.200, 114
Trd, 258984.250, 113
Trd, 258984.267, 123
Trd, 258984.567, 123
Trd, 258984.667, 122
Trd, 258984.700, 118
Trd, 258984.717, 117
Trd, 258984.750, 97
Trd, 258984.833, 85
Trd, 258984.883, 122
Trd, 258985.417, 101
Trd, 258985.467, 119
Trd, 258985.500, 99
Trd, 258985.583, 119
Trd, 258985.683, 88
Trd, 258985.700, 120
Trd, 258985.750, 88
Trd, 258985.767, 81
Trd, 258986.200, 78
Trd, 258986.483, 140
Trd, 258986.533, 113
Trd, 258987.083, 140
Trd, 258987.217, 140
Trd, 258987.350, 140
Trd, 258987.583, 139
Trd, 258987.800, 140
Trd, 258987.967, 138
Trd, 258988.433, 138
Trd, 258988.450, 73
Trd, 258988.750, 136
Trd, 258988.967, 135
Trd, 258989.000, 136
Trd, 258989.217, 137
Trd, 258989.283, 135
Trd, 258989.300, 133
Trd, 258989.767, 106
Trd, 258989.833, 132
Trd, 258990.067, 132
Trd, 258990.683, 129
Trd, 258991.067, 129
Trd, 258991.167, 130
Trd, 258991.200, 133
Trd, 258991.717, 117
Trd, 258992.200, 140
Trd, 258992.250, 121
Trd, 258992.467, 123
Trd, 258992.683, 123
Trd, 258992.700, 122
Trd, 258993.167, 139
Trd, 258993.500, 139
Trd, 258993.683, 137
Trd, 258993.750, 140
Trd, 258993.783, 136
Trd, 258994.267, 140
Trd, 258994.333, 137
Trd, 258994.750, 140
Trd, 258995.150, 140
Trd, 258995.783, 140
Trd, 258996.867, 140
Trd, 258996.883, 140
Trd, 258997.017, 140
Trd, 258997.417, 140
Trd, 258997.550, 140
Trd, 258997.583, 140
Trd, 258997.617, 140
Trd, 258997.833, 140
Trd, 258998.317, 140
Trd, 258999.317, 140
Trd, 258999.450, 140
Trd, 259000.050, 140
Trd, 259000.500, 140
Trd, 259000.617, 140
Trd, 259000.733, 140
Trd, 259000.833, 140
Trd, 259001.067, 140
Trd, 259001.433, 140
Trd, 259001.933, 140
Trd, 259002.083, 140
Trd, 259002.183, 140
Trd, 259002.267, 140
Trd, 259002.317, 139
Trd, 259002.400, 139
Trd, 259002.517, 138
Trd, 259002.733, 138
Trd, 259002.783, 139
Trd, 259002.850, 130
Trd, 259003.000, 135
Trd, 259003.033, 129
Trd, 259003.150, 132
Trd, 259003.267, 131
Trd, 259003.300, 130
Trd, 259003.550, 130
Trd, 259003.667, 124
Trd, 259003.817, 123
Trd, 259004.000, 122
Trd, 259004.167, 121
Trd, 259004.233, 122
Trd, 259004.400, 121
Trd, 259004.533, 116
Trd, 259004.583, 107
Trd, 259004.617, 97
Trd, 259004.667, 120
Trd, 259005.033, 120
Trd, 259005.167, 97
Trd, 259005.550, 119
Trd, 259005.617, 118
Trd, 259005.667, 117
Trd, 259006.400, 113
Trd, 259006.433, 110
Trd, 259006.450, 100
Trd, 259006.550, 114
Trd, 259006.700, 112
Trd, 259007.300, 108
Trd, 259007.383, 109
Trd, 259007.400, 110
Trd, 259007.683, 109
Trd, 259007.733, 102
Trd, 259008.300, 105
Trd, 259008.633, 103
Trd, 259008.800, 100
Trd, 259008.850, 90
Trd, 259008.867, 76
Trd, 259009.017, 70
Trd, 259009.267, 97
Trd, 259009.350, 100
Trd, 259009.400, 102
Trd, 259009.517, 104
Trd, 259009.750, 140
Trd, 259010.483, 140
Trd, 259010.633, 131
Trd, 259011.200, 140
Trd, 259012.250, 140
Trd, 259012.817, 140
Trd, 259012.833, 140
Trd, 259013.100, 140
Trd, 259013.450, 140
Trd, 259013.500, 140
Trd, 259013.533, 140
Trd, 259014.233, 140
Trd, 259014.250, 140
Trd, 259014.333, 140
Trd, 259014.400, 140
Trd, 259014.517, 140
Trd, 259014.583, 140
Trd, 259014.650, 139
Trd, 259014.767, 139
Trd, 259014.783, 139
Trd, 259015.067, 139
Trd, 259015.117, 139
Trd, 259015.167, 138
Trd, 259015.333, 140
Trd, 259015.417, 138
Trd, 259015.450, 136
Trd, 259015.683, 140
Trd, 259015.817, 140
Trd, 259015.983, 140
Trd, 259016.033, 121
Trd, 259016.317, 121
Trd, 259016.350, 134
Trd, 259016.550, 133
Trd, 259016.633, 120
Trd, 259016.717, 119
Trd, 259017.067, 128
Trd, 259017.250, 94
Trd, 259017.700, 78
Trd, 259018.000, 118
Trd, 259018.050, 106
Trd, 259018.317, 117
Trd, 259018.433, 118
Trd, 259018.567, 120
Trd, 259018.800, 108
Trd, 259019.067, 109
Trd, 259019.350, 119
Trd, 259019.533, 120
Trd, 259019.650, 109
Trd, 259019.683, 108
Trd, 259019.867, 107
Trd, 259019.917, 118
Trd, 259020.117, 118
Trd, 259020.333, 118
Trd, 259020.733, 114
Trd, 259020.800, 113
Trd, 259021.250, 97
Trd, 259021.467, 115
Trd, 259021.600, 115
Trd, 259021.800, 87
Trd, 259021.850, 115
Trd, 259022.000, 84
Trd, 259022.067, 111
Trd, 259022.100, 80
Trd, 259022.217, 107
Trd, 259022.267, 109
Trd, 259022.583, 60
Trd, 259022.767, 60
Trd, 259022.933, 60
Trd, 259023.317, 60
Trd, 259024.233, 60
Trd, 259024.617, 60
Trd, 259024.650, 60
Trd, 259024.667, 60
Trd, 259024.683, 60
Trd, 259024.833, 61
Trd, 259024.867, 62
Trd, 259024.933, 62
Trd, 259025.017, 65
Trd, 259025.050, 65
Trd, 259025.667, 64
Trd, 259026.117, 66
Trd, 259026.350, 67
Trd, 259026.383, 66
Trd, 259026.550, 88
Trd, 259026.583, 63
Trd, 259027.367, 140
Trd, 259027.483, 140
Trd, 259027.750, 140
Trd, 259027.767, 114
Trd, 259027.833, 81
Trd, 259028.500, 139
Trd, 259028.517, 137
Trd, 259028.883, 140
Trd, 259029.533, 140
Trd, 259029.950, 140
Trd, 259030.083, 140
Trd, 259030.917, 140
Trd, 259031.267, 140
Trd, 259031.400, 140
Trd, 259031.700, 140
Trd, 259032.000, 140
Trd, 259032.133, 140
Trd, 259032.533, 140
Trd, 259032.583, 140
Trd, 259032.650, 140
Trd, 259032.683, 140
Trd, 259032.717, 139
Trd, 259032.850, 139
Trd, 259032.883, 139
Trd, 259033.183, 139
Trd, 259033.267, 140
Trd, 259033.467, 139
Trd, 259033.550, 138
Trd, 259033.700, 137
Trd, 259033.900, 137
Trd, 259034.250, 138
Trd, 259034.367, 138
Trd, 259034.700, 137
Trd, 259034.783, 134
Trd, 259034.850, 123
Trd, 259034.950, 138
Trd, 259035.067, 140
Trd, 259035.133, 131
Trd, 259035.217, 140
Trd, 259035.417, 140
Trd, 259035.733, 138
Trd, 259035.750, 123
Trd, 259036.050, 104
Trd, 259036.117, 90
Trd, 259036.450, 64
Trd, 259036.850, 61
Trd, 259036.900, 65
Trd, 259037.033, 64
Trd, 259037.083, 64
Trd, 259037.167, 65
Trd, 259037.517, 62
Trd, 259037.600, 61
Trd, 259037.933, 62
Trd, 259037.967, 63
Trd, 259038.200, 62
Trd, 259038.233, 63
Trd, 259038.333, 64
Trd, 259038.483, 72
Trd, 259038.817, 140
Trd, 259039.433, 60
Trd, 259039.533, 60
Trd, 259039.583, 60
Trd, 259039.783, 60
Trd, 259039.867, 61
Trd, 259039.883, 62
Trd, 259040.000, 63
Trd, 259040.200, 60
Trd, 259040.750, 64
Trd, 259040.917, 64
Trd, 259041.067, 65
Trd, 259041.467, 64
Trd, 259041.667, 64
Trd, 259041.733, 67
Trd, 259042.200, 64
Trd, 259042.333, 66
Trd, 259042.417, 65
Trd, 259042.767, 61
Trd, 259042.783, 66
Trd, 259042.950, 60
Trd, 259043.317, 65
Trd, 259043.433, 66
Trd, 259043.517, 67
Trd, 259043.767, 107
Trd, 259044.383, 97
Trd, 259044.767, 139
Trd, 259045.033, 139
Trd, 259045.500, 140
Trd, 259046.000, 140
Trd, 259047.367, 140
Trd, 259047.433, 140
Trd, 259047.617, 140
Trd, 259047.900, 140
Trd, 259047.967, 140
Trd, 259048.133, 140
Trd, 259048.417, 140
Trd, 259048.450, 140
Trd, 259048.483, 140
Trd, 259048.683, 140
Trd, 259050.267, 140
Trd, 259050.317, 140
Trd, 259050.367, 140
Trd, 259050.383, 140
Trd, 259050.400, 140
Trd, 259050.433, 140
Trd, 259050.467, 140
Trd, 259050.733, 140
Trd, 259050.850, 140
Trd, 259050.867, 140
Trd, 259050.883, 140
Trd, 259050.950, 140
Trd, 259051.100, 140
Trd, 259051.117, 140
Trd, 259051.283, 139
Trd, 259051.317, 135
Trd, 259051.717, 128
Trd, 259051.833, 93
Trd, 259051.950, 113
Trd, 259052.117, 123
Trd, 259052.217, 124
Trd, 259052.250, 107
Trd, 259052.517, 124
Trd, 259052.550, 92
Trd, 259052.600, 124
Trd, 259052.633, 125
Trd, 259052.683, 91
Trd, 259053.017, 124
Trd, 259053.350, 123
Trd, 259053.467, 60
Trd, 259053.617, 60
Trd, 259053.667, 60
Trd, 259054.000, 60
Trd, 259054.367, 60
Trd, 259054.417, 60
Trd, 259055.133, 60
Trd, 259055.383, 60
Trd, 259055.450, 60
Trd, 259055.500, 61
Trd, 259055.617, 62
Trd, 259055.700, 63
Trd, 259055.867, 63
Trd, 259055.917, 63
Trd, 259055.933, 64
Trd, 259056.050, 63
Trd, 259056.467, 68
Trd, 259056.600, 70
Trd, 259056.633, 70
Trd, 259056.800, 71
Trd, 259057.783, 140
Trd, 259057.933, 140
Trd, 259058.067, 125
Trd, 259058.517, 140
Trd, 259058.717, 140
Trd, 259058.850, 139
Trd, 259058.900, 138
Trd, 259059.800, 140
Trd, 259059.883, 140
Trd, 259059.917, 138
Trd, 259060.000, 137
Trd, 259060.150, 140
Trd, 259060.250, 138
Trd, 259060.633, 140
Trd, 259060.750, 140
Trd, 259061.567, 140
Trd, 259062.233, 140
Trd, 259062.450, 140
Trd, 259062.617, 140
Trd, 259062.650, 140
Trd, 259063.300, 140
Trd, 259063.400, 140
Trd, 259063.450, 140
Trd, 259063.600, 140
Trd, 259063.867, 140
Trd, 259063.900, 140
Trd, 259064.000, 140
Trd, 259064.017, 140
Trd, 259064.067, 140
Trd, 259064.117, 140
Trd, 259064.133, 139
Trd, 259064.300, 139
Trd, 259064.400, 138
Trd, 259064.517, 137
Trd, 259064.633, 123
Trd, 259064.767, 122
Trd, 259065.333, 124
Trd, 259065.600, 128
Trd, 259065.633, 130
Trd, 259065.800, 130
Trd, 259066.267, 125
Trd, 259066.400, 124
Trd, 259066.517, 124
Trd, 259066.817, 123
Trd, 259067.383, 116
Trd, 259067.700, 113
Trd, 259067.817, 102
Trd, 259068.167, 71
Trd, 259068.283, 70
Trd, 259068.350, 72
Trd, 259069.183, 60
Trd, 259069.450, 60
Trd, 259069.583, 60
Trd, 259069.633, 60
Trd, 259069.667, 60
Trd, 259069.817, 60
Trd, 259069.867, 60
Trd, 259069.883, 60
Trd, 259069.983, 61
Trd, 259070.083, 60
Trd, 259070.400, 60
Trd, 259070.650, 60
Trd, 259070.667, 60
Trd, 259070.767, 60
Trd, 259070.783, 61
Trd, 259070.917, 60
Trd, 259071.067, 60
Trd, 259071.083, 60
Trd, 259071.217, 60
Trd, 259071.400, 60
Trd, 259071.600, 61
Trd, 259072.083, 61
Trd, 259072.200, 63
Trd, 259072.450, 61
Trd, 259072.783, 62
Trd, 259072.917, 61
Trd, 259073.050, 62
Trd, 259073.250, 63
Trd, 259073.283, 63
Trd, 259073.333, 62
Trd, 259073.400, 63
Trd, 259073.500, 64
Trd, 259073.800, 65
Trd, 259074.000, 65
Trd, 259074.017, 66
Trd, 259074.133, 61
Trd, 259074.633, 62
Trd, 259074.833, 63
Trd, 259075.017, 80
Trd, 259075.067, 81
Trd, 259075.200, 62
Trd, 259075.383, 78
Trd, 259075.417, 79
Trd, 259076.033, 140
Trd, 259076.583, 140
Trd, 259077.767, 140
Trd, 259078.000, 140
Trd, 259078.217, 140
Trd, 259078.600, 140
Trd, 259079.017, 140
Trd, 259079.683, 140
Trd, 259080.017, 140
Trd, 259080.067, 140
Trd, 259080.117, 140
Trd, 259080.300, 140
Trd, 259080.700, 140
Trd, 259081.033, 140
Trd, 259081.383, 140
Trd, 259081.400, 140
Trd, 259081.983, 140
Trd, 259083.117, 140
Trd, 259083.250, 140
Trd, 259083.717, 140
Trd, 259084.067, 140
Trd, 259084.400, 140
Trd, 259084.650, 140
Trd, 259084.850, 140
Trd, 259085.317, 140
Trd, 259085.333, 140
Trd, 259086.400, 140
Trd, 259087.167, 140
Trd, 259087.250, 140
Trd, 259087.433, 140
Trd, 259087.600, 140
Trd, 259087.750, 140
Trd, 259087.800, 140
Trd, 259087.883, 140
Trd, 259087.917, 140
Trd, 259088.017, 140
Trd, 259088.050, 140
Trd, 259088.067, 140
Trd, 259088.133, 140
Trd, 259088.217, 140
Trd, 259088.233, 139
Trd, 259088.350, 140
Trd, 259088.483, 136
Trd, 259088.517, 140
Trd, 259088.667, 139
Trd, 259088.783, 140
Trd, 259088.833, 128
Trd, 259089.050, 139
Trd, 259089.083, 138
Trd, 259089.333, 126
Trd, 259089.450, 138
Trd, 259089.567, 119
Trd, 259089.583, 118
Trd, 259089.717, 137
Trd, 259089.767, 138
Trd, 259090.117, 139
Trd, 259090.433, 90
Trd, 259090.700, 123
Trd, 259091.050, 61
Trd, 259091.350, 60
Trd, 259092.233, 60
Trd, 259092.383, 60
Trd, 259092.433, 60
Trd, 259092.617, 60
Trd, 259092.650, 60
Trd, 259092.867, 63
Trd, 259093.000, 65
Trd, 259093.683, 78
Trd, 259093.733, 76
Trd, 259093.900, 61
Trd, 259094.100, 65
Trd, 259094.300, 79
Trd, 259094.417, 79
Trd, 259094.667, 61
Trd, 259094.850, 61
Trd, 259094.950, 61
Trd, 259095.133, 62
Trd, 259095.450, 61
Trd, 259095.583, 60
Trd, 259095.667, 61
Trd, 259095.717, 61
Trd, 259095.800, 62
Trd, 259096.067, 62
Trd, 259096.300, 60
Trd, 259096.750, 60
Trd, 259096.767, 60
Trd, 259096.983, 60
Trd, 259097.233, 60
Trd, 259097.650, 60
Trd, 259097.817, 60
Trd, 259098.000, 60
Trd, 259098.367, 60
Trd, 259098.600, 60
Trd, 259098.617, 60
Trd, 259098.800, 60
Trd, 259099.000, 60
Trd, 259099.167, 60
Trd, 259099.417, 60
Trd, 259099.583, 60
Trd, 259099.667, 60
Trd, 259099.967, 60
Trd, 259100.417, 60
Trd, 259100.433, 60
Trd, 259100.450, 61
Trd, 259100.800, 60
Trd, 259100.817, 60
Trd, 259101.050, 60
Trd, 259101.183, 62
Trd, 259101.300, 64
Trd, 259101.667, 60
Trd, 259101.783, 62
Trd, 259102.100, 61
Trd, 259102.767, 60
Trd, 259102.950, 60
Trd, 259103.117, 60
Trd, 259103.150, 60
Trd, 259103.517, 60
Trd, 259103.600, 60
Trd, 259103.617, 60
Trd, 259103.750, 60
Trd, 259104.250, 60
Trd, 259104.283, 60
Trd, 259104.350, 61
Trd, 259104.617, 62
Trd, 259104.650, 63
Trd, 259104.933, 62
Trd, 259105.217, 68
Trd, 259105.400, 63
Trd, 259105.533, 61
Trd, 259106.100, 67
Trd, 259106.117, 62
Trd, 259106.333, 62
Trd, 259106.917, 60
Trd, 259107.483, 60
Trd, 259107.517, 60
Trd, 259107.567, 60
Trd, 259107.683, 60
Trd, 259107.883, 60
Trd, 259107.983, 60
Trd, 259108.017, 60
Trd, 259108.067, 61
Trd, 259108.100, 61
Trd, 259108.117, 62
Trd, 259108.483, 60
Trd, 259108.583, 60
Trd, 259108.933, 60
Trd, 259109.317, 60
Trd, 259109.717, 62
Trd, 259109.917, 61
Trd, 259110.050, 63
Trd, 259110.300, 67
Trd, 259110.417, 61
Trd, 259110.817, 60
Trd, 259111.400, 60
Trd, 259111.500, 60
Trd, 259111.867, 60
Trd, 259112.083, 60
Trd, 259112.417, 60
Trd, 259112.450, 60
Trd, 259112.467, 60
Trd, 259112.617, 60
Trd, 259113.100, 60
Trd, 259113.250, 60
Trd, 259113.267, 60
Trd, 259113.283, 61
Trd, 259113.450, 61
Trd, 259113.683, 61
Trd, 259113.833, 61
Trd, 259113.983, 61
Trd, 259114.000, 62
Trd, 259114.017, 64
Trd, 259114.233, 79
Trd, 259114.267, 63
Trd, 259114.567, 140
Trd, 259115.350, 140
Trd, 259115.767, 140
Trd, 259116.617, 140
Trd, 259116.700, 140
Trd, 259117.017, 140
Trd, 259117.517, 140
Trd, 259118.050, 140
Trd, 259118.183, 140
Trd, 259118.267, 140
Trd, 259118.283, 139
Trd, 259118.867, 140
Trd, 259119.067, 140
Trd, 259119.117, 140
Trd, 259119.133, 140
Trd, 259119.217, 140
Trd, 259119.417, 140
Trd, 259119.550, 139
Trd, 259119.650, 139
Trd, 259119.833, 138
Trd, 259119.967, 135
Trd, 259120.300, 131
Trd, 259120.383, 111
Trd, 259120.583, 131
Trd, 259120.733, 131
Trd, 259120.817, 132
Trd, 259120.833, 125
Trd, 259120.850, 124
Trd, 259120.950, 111
Trd, 259121.133, 110
Trd, 259121.367, 101
Trd, 259121.550, 128
Trd, 259121.717, 129
Trd, 259122.550, 116
Trd, 259122.633, 99
Trd, 259122.800, 134
Trd, 259122.850, 96
Trd, 259122.900, 95
Trd, 259123.117, 96
Trd, 259123.483, 60
Trd, 259123.567, 60
Trd, 259123.667, 61
Trd, 259123.767, 61
Trd, 259124.533, 140
Trd, 259125.267, 140
Trd, 259125.433, 140
Trd, 259125.850, 140
Trd, 259125.883, 140
Trd, 259126.600, 140
Trd, 259126.650, 140
Trd, 259126.667, 140
Trd, 259126.717, 140
Trd, 259126.850, 140
Trd, 259127.133, 140
Trd, 259127.233, 140
Trd, 259127.317, 140
Trd, 259127.433, 140
Trd, 259127.500, 140
Trd, 259127.600, 140
Trd, 259127.783, 139
Trd, 259127.817, 140
Trd, 259127.983, 140
Trd, 259128.133, 140
Trd, 259128.467, 140
Trd, 259128.817, 140
Trd, 259128.883, 140
Trd, 259129.017, 140
Trd, 259129.117, 140
Trd, 259129.150, 140
Trd, 259129.167, 140
Trd, 259129.267, 140
Trd, 259129.350, 139
Trd, 259130.000, 131
Trd, 259130.017, 135
Trd, 259130.200, 131
Trd, 259130.400, 136
Trd, 259130.633, 137
Trd, 259130.667, 117
Trd, 259130.950, 138
Trd, 259131.033, 77
Trd, 259131.267, 140
Trd, 259131.317, 140
Trd, 259131.417, 140
Trd, 259131.750, 140
Trd, 259131.933, 140
Trd, 259132.217, 140
Trd, 259132.783, 140
Trd, 259133.283, 140
Trd, 259133.317, 140
Trd, 259133.333, 140
Trd, 259133.650, 140
Trd, 259134.783, 140
Trd, 259135.367, 140
Trd, 259135.383, 140
Trd, 259135.433, 140
Trd, 259135.583, 140
Trd, 259135.617, 140
Trd, 259135.683, 140
Trd, 259135.800, 140
Trd, 259135.833, 139
Trd, 259135.850, 140
Trd, 259136.183, 140
Trd, 259136.283, 127
Trd, 259136.733, 110
Trd, 259136.867, 133
Trd, 259136.883, 134
Trd, 259136.933, 109
Trd, 259136.950, 92
Trd, 259137.683, 126
Trd, 259137.767, 127
Trd, 259137.967, 92
Trd, 259138.050, 126
Trd, 259138.233, 127
Trd, 259138.250, 125
Trd, 259138.367, 83
Trd, 259138.417, 129
Trd, 259138.633, 135
Trd, 259139.133, 140
Trd, 259140.233, 140
Trd, 259140.367, 140
Trd, 259140.467, 140
Trd, 259140.983, 140
Trd, 259141.300, 140
Trd, 259141.383, 140
Trd, 259141.733, 140
Trd, 259141.750, 140
Trd, 259141.767, 140
Trd, 259142.317, 140
Trd, 259142.467, 140
Trd, 259142.683, 125
Trd, 259142.900, 136
Trd, 259143.217, 124
Trd, 259143.400, 134
Trd, 259143.567, 123
Trd, 259143.717, 111
Trd, 259143.767, 133
Trd, 259143.817, 134
Trd, 259143.850, 109
Trd, 259144.117, 134
Trd, 259144.633, 133
Trd, 259144.733, 113
Trd, 259144.900, 132
Trd, 259144.983, 133
Trd, 259145.150, 112
Trd, 259145.250, 111
Trd, 259145.267, 102
Trd, 259145.300, 94
Trd, 259145.667, 129
Trd, 259145.983, 91
Trd, 259146.183, 127
Trd, 259146.250, 128
Trd, 259146.417, 89
Trd, 259146.550, 70
Trd, 259146.633, 131
Trd, 259146.650, 132
Trd, 259146.817, 88
Trd, 259146.983, 134
Trd, 259147.517, 60
Trd, 259147.567, 60
Trd, 259147.617, 66
Trd, 259148.383, 140
Trd, 259149.433, 140
Trd, 259149.633, 140
Trd, 259149.683, 140
Trd, 259149.767, 140
Trd, 259150.250, 140
Trd, 259150.467, 140
Trd, 259150.500, 140
Trd, 259150.600, 140
Trd, 259150.800, 140
Trd, 259150.967, 140
Trd, 259151.700, 140
Trd, 259152.233, 140
Trd, 259152.517, 140
Trd, 259152.750, 140
Trd, 259152.883, 138
Trd, 259153.233, 139
Trd, 259153.867, 140
Trd, 259153.900, 140
Trd, 259153.983, 139
Trd, 259154.067, 140
Trd, 259154.083, 138
Trd, 259154.333, 140
Trd, 259154.467, 138
Trd, 259154.550, 138
Trd, 259154.600, 138
Trd, 259154.783, 138
Trd, 259154.817, 138
Trd, 259154.967, 139
Trd, 259155.183, 138
Trd, 259155.317, 137
Trd, 259155.617, 139
Trd, 259155.950, 136
Trd, 259156.317, 119
Trd, 259156.400, 118
Trd, 259156.583, 134
Trd, 259156.900, 107
Trd, 259157.100, 107
Trd, 259157.133, 106
Trd, 259157.183, 132
Trd, 259157.317, 129
Trd, 259157.600, 128
Trd, 259157.650, 88
Trd, 259158.050, 124
Trd, 259158.400, 120
Trd, 259158.683, 119
Trd, 259158.700, 120
Trd, 259158.717, 122
Trd, 259158.817, 119
Trd, 259158.867, 118
Trd, 259159.050, 118
Trd, 259159.150, 123
Trd, 259159.233, 118
Trd, 259159.267, 125
Trd, 259159.650, 118
Trd, 259159.667, 138
Trd, 259159.917, 116
Trd, 259160.117, 100
Trd, 259160.617, 140
Trd, 259160.717, 140
Trd, 259161.200, 99
Trd, 259161.350, 110
Trd, 259161.950, 139
Trd, 259162.050, 139
Trd, 259162.217, 139
Trd, 259162.417, 139
Trd, 259162.633, 139
Trd, 259163.650, 140
Trd, 259163.717, 140
Trd, 259164.500, 140
Trd, 259164.567, 140
Trd, 259164.650, 140
Trd, 259165.167, 140
Trd, 259165.483, 140
Trd, 259166.567, 140
Trd, 259166.700, 140
Trd, 259166.800, 140
Trd, 259166.817, 140
Trd, 259167.200, 140
Trd, 259167.383, 140
Trd, 259167.600, 140
Trd, 259167.683, 140
Trd, 259167.833, 140
Trd, 259167.900, 140
Trd, 259167.917, 140
Trd, 259167.983, 140
Trd, 259168.250, 139
Trd, 259168.267, 138
Trd, 259168.517, 117
Trd, 259168.767, 116
Trd, 259169.000, 115
Trd, 259169.500, 75
Trd, 259170.117, 60
Trd, 259170.283, 60
Trd, 259170.350, 60
Trd, 259170.400, 60
Trd, 259171.133, 60
Trd, 259171.167, 60
Trd, 259171.183, 60
Trd, 259171.267, 61
Trd, 259171.350, 64
Trd, 259171.633, 62
Trd, 259171.683, 67
Trd, 259171.783, 68
Trd, 259171.800, 65
Trd, 259171.833, 62
Trd, 259171.867, 60
Trd, 259172.000, 62
Trd, 259172.450, 61
Trd, 259172.750, 65
Trd, 259173.050, 64
Trd, 259173.100, 65
Trd, 259173.183, 66
Trd, 259173.617, 65
Trd, 259173.917, 67
Trd, 259174.133, 68
Trd, 259174.517, 140
Trd, 259174.933, 60
Trd, 259175.117, 60
Trd, 259175.150, 61
Trd, 259175.367, 60
Trd, 259175.383, 61
Trd, 259175.467, 62
Trd, 259175.500, 63
Trd, 259175.733, 66
Trd, 259175.783, 67
Trd, 259175.967, 60
Trd, 259176.017, 70
Trd, 259176.283, 140
Trd, 259176.483, 140
Trd, 259176.517, 90
Trd, 259177.633, 140
Trd, 259177.917, 140
Trd, 259178.417, 140
Trd, 259178.683, 140
Trd, 259179.383, 140
Trd, 259179.433, 140
Trd, 259179.517, 140
Trd, 259179.667, 140
Trd, 259179.800, 140
Trd, 259180.533, 140
Trd, 259180.683, 140
Trd, 259180.983, 140
Trd, 259181.167, 140
Trd, 259181.233, 140
Trd, 259181.300, 140
Trd, 259181.483, 140
Trd, 259181.550, 140
Trd, 259181.617, 140
Trd, 259181.733, 140
Trd, 259181.750, 140
Trd, 259181.833, 140
Trd, 259181.900, 140
Trd, 259181.950, 140
Trd, 259182.100, 139
Trd, 259182.200, 139
Trd, 259182.217, 140
Trd, 259182.633, 140
Trd, 259182.750, 140
Trd, 259183.067, 123
Trd, 259183.100, 122
Trd, 259183.300, 123
Trd, 259183.333, 136
Trd, 259183.617, 123
Trd, 259183.633, 137
Trd, 259183.650, 138
Trd, 259183.783, 107
Trd, 259183.950, 134
Trd, 259184.567, 106
Trd, 259184.733, 105
Trd, 259184.783, 107
Trd, 259185.267, 99
Trd, 259185.600, 111
Trd, 259185.800, 115
Trd, 259186.117, 84
Trd, 259186.167, 116
Trd, 259186.283, 69
Trd, 259186.300, 117
Trd, 259186.333, 64
Trd, 259186.800, 116
Trd, 259187.300, 117
Trd, 259187.317, 98
Trd, 259187.433, 98
Trd, 259187.550, 114
Trd, 259187.950, 117
Trd, 259187.967, 123
Trd, 259188.133, 125
Trd, 259188.167, 97
Trd, 259188.250, 127
Trd, 259188.400, 84
Trd, 259189.083, 67
Trd, 259189.667, 60
Trd, 259189.967, 60
Trd, 259190.283, 60
Trd, 259190.317, 60
Trd, 259190.417, 60
Trd, 259190.600, 60
Trd, 259190.867, 60
Trd, 259191.033, 60
Trd, 259191.417, 60
Trd, 259191.817, 60
Trd, 259191.850, 60
Trd, 259191.950, 60
Trd, 259192.017, 61
Trd, 259192.033, 62
Trd, 259192.233, 63
Trd, 259192.483, 62
Trd, 259192.533, 60
Trd, 259192.800, 61
Trd, 259192.900, 62
Trd, 259193.000, 63
Trd, 259193.183, 63
Trd, 259193.300, 63
Trd, 259193.350, 64
Trd, 259193.433, 64
Trd, 259193.450, 65
Trd, 259193.667, 65
Trd, 259193.967, 65
Trd, 259194.033, 66
Trd, 259194.250, 140
Trd, 259194.333, 138
Trd, 259194.417, 137
Trd, 259194.583, 63
Trd, 259195.750, 60
Trd, 259195.850, 62
Trd, 259195.867, 63
Trd, 259196.367, 60
Trd, 259196.500, 60
Trd, 259196.783, 60
Trd, 259197.317, 60
Trd, 259197.333, 60
Trd, 259197.583, 60
Trd, 259197.917, 60
Trd, 259197.950, 60
Trd, 259198.233, 60
Trd, 259198.300, 60
Trd, 259198.333, 60
Trd, 259198.383, 60
Trd, 259198.450, 60
Trd, 259198.483, 60
Trd, 259198.550, 60
Trd, 259198.983, 60
Trd, 259199.217, 60
Trd, 259199.250, 60
Trd, 259199.433, 60
Trd, 259199.883, 60
Trd, 259199.967, 60
