Trd, 258598.483, 140
Trd, 258598.667, 140
Trd, 258598.700, 140
Trd, 258598.883, 140
Trd, 258599.150, 140
Trd, 258599.483, 140
Trd, 258599.617, 140
Trd, 258599.700, 140
Trd, 258599.817, 140
Trd, 258600.083, 140
Trd, 258600.117, 140
Trd, 258600.167, 139
Trd, 258600.933, 140
Trd, 258601.233, 140
Trd, 258601.267, 140
Trd, 258602.033, 140
Trd, 258602.083, 140
Trd, 258602.150, 140
Trd, 258602.167, 140
Trd, 258602.617, 140
Trd, 258602.817, 140
Trd, 258602.900, 140
Trd, 258603.233, 140
Trd, 258603.350, 140
Trd, 258603.517, 140
Trd, 258603.550, 140
Trd, 258603.933, 140
Trd, 258603.967, 139
Trd, 258604.150, 140
Trd, 258604.317, 106
Trd, 258604.400, 90
Trd, 258605.000, 122
Trd, 258605.083, 99
Trd, 258605.133, 93
Trd, 258605.917, 91
Trd, 258606.350, 80
Trd, 258606.400, 136
Trd, 258606.500, 80
Trd, 258606.600, 80
Trd, 258606.767, 128
Trd, 258606.850, 126
Trd, 258606.917, 127
Trd, 258607.133, 107
Trd, 258607.150, 81
Trd, 258607.217, 80
Trd, 258607.533, 80
Trd, 258607.767, 128
Trd, 258608.067, 140
Trd, 258608.667, 140
Trd, 258608.717, 140
Trd, 258608.750, 139
Trd, 258609.000, 139
Trd, 258609.183, 129
Trd, 258609.583, 120
Trd, 258609.817, 118
Trd, 258610.050, 114
Trd, 258610.233, 111
Trd, 258610.267, 110
Trd, 258610.483, 110
Trd, 258610.500, 111
Trd, 258610.650, 112
Trd, 258610.783, 111
Trd, 258610.850, 110
Trd, 258611.250, 117
Trd, 258611.383, 110
Trd, 258611.400, 99
Trd, 258612.167, 140
Trd, 258612.283, 139
Trd, 258612.533, 138
Trd, 258613.483, 140
Trd, 258613.500, 140
Trd, 258613.550, 140
Trd, 258613.617, 140
Trd, 258613.817, 140
Trd, 258614.400, 140
Trd, 258614.450, 138
Trd, 258614.517, 129
Trd, 258614.583, 139
Trd, 258614.667, 135
Trd, 258614.733, 117
Trd, 258615.050, 139
Trd, 258615.250, 139
Trd, 258615.633, 140
Trd, 258615.933, 140
Trd, 258616.400, 140
Trd, 258616.533, 140
Trd, 258616.650, 140
Trd, 258616.667, 139
Trd, 258616.767, 140
Trd, 258617.067, 140
Trd, 258617.117, 140
Trd, 258617.217, 140
Trd, 258617.433, 140
Trd, 258617.833, 139
Trd, 258618.283, 112
Trd, 258618.533, 111
Trd, 258618.833, 97
Trd, 258619.133, 122
Trd, 258619.283, 96
Trd, 258619.800, 121
Trd, 258619.833, 107
Trd, 258619.917, 96
Trd, 258619.983, 95
Trd, 258620.567, 98
Trd, 258620.633, 83
Trd, 258620.900, 116
Trd, 258621.100, 93
Trd, 258621.133, 94
Trd, 258621.250, 72
Trd, 258621.283, 118
Trd, 258621.300, 119
Trd, 258621.433, 71
Trd, 258621.467, 120
Trd, 258621.983, 140
Trd, 258622.217, 140
Trd, 258622.350, 140
Trd, 258622.550, 93
Trd, 258622.717, 73
Trd, 258622.950, 71
Trd, 258623.217, 68
Trd, 258623.767, 82
Trd, 258624.150, 131
Trd, 258624.233, 131
Trd, 258624.300, 96
Trd, 258624.350, 133
Trd, 258624.483, 97
Trd, 258624.683, 130
Trd, 258624.700, 133
Trd, 258625.000, 96
Trd, 258625.117, 134
Trd, 258625.517, 139
Trd, 258625.700, 140
Trd, 258626.217, 140
Trd, 258626.317, 140
Trd, 258626.533, 140
Trd, 258626.633, 140
Trd, 258626.883, 140
Trd, 258627.117, 133
Trd, 258627.417, 140
Trd, 258627.583, 140
Trd, 258627.783, 139
Trd, 258628.000, 123
Trd, 258628.183, 122
Trd, 258628.317, 136
Trd, 258628.567, 121
Trd, 258628.767, 124
Trd, 258628.850, 123
Trd, 258628.950, 78
Trd, 258629.033, 77
Trd, 258629.050, 63
Trd, 258629.133, 100
Trd, 258629.217, 62
Trd, 258629.517, 63
Trd, 258629.717, 60
Trd, 258629.800, 60
Trd, 258629.900, 60
Trd, 258629.967, 60
Trd, 258630.083, 61
Trd, 258630.267, 86
Trd, 258630.567, 131
Trd, 258630.933, 60
Trd, 258631.267, 65
Trd, 258631.667, 65
Trd, 258631.750, 66
Trd, 258632.167, 132
Trd, 258632.633, 128
Trd, 258633.217, 128
Trd, 258633.300, 130
Trd, 258633.533, 131
Trd, 258633.550, 132
Trd, 258633.567, 129
Trd, 258633.617, 128
Trd, 258634.150, 126
Trd, 258634.267, 115
Trd, 258634.817, 140
Trd, 258635.017, 91
Trd, 258635.283, 140
Trd, 258635.433, 90
Trd, 258635.600, 98
Trd, 258635.617, 89
Trd, 258636.183, 99
Trd, 258636.383, 89
Trd, 258636.433, 99
Trd, 258636.717, 89
Trd, 258636.883, 99
Trd, 258636.950, 100
Trd, 258637.017, 91
Trd, 258637.033, 88
Trd, 258637.433, 100
Trd, 258637.450, 88
Trd, 258637.933, 97
Trd, 258637.950, 100
Trd, 258638.700, 123
Trd, 258638.950, 123
Trd, 258639.083, 121
Trd, 258639.183, 120
Trd, 258639.200, 109
Trd, 258639.450, 140
Trd, 258639.700, 102
Trd, 258640.033, 104
Trd, 258640.150, 94
Trd, 258640.200, 116
Trd, 258640.933, 140
Trd, 258641.017, 140
Trd, 258641.083, 140
Trd, 258641.100, 139
Trd, 258641.250, 140
Trd, 258641.267, 140
Trd, 258641.417, 140
Trd, 258641.617, 113
Trd, 258641.700, 112
Trd, 258641.800, 112
Trd, 258642.967, 140
Trd, 258643.000, 140
Trd, 258643.050, 140
Trd, 258643.200, 140
Trd, 258643.250, 140
Trd, 258643.500, 140
Trd, 258643.617, 140
Trd, 258643.983, 112
Trd, 258644.550, 112
Trd, 258644.617, 140
Trd, 258644.850, 139
Trd, 258644.867, 124
Trd, 258645.200, 119
Trd, 258645.433, 139
Trd, 258645.533, 121
Trd, 258645.667, 120
Trd, 258645.717, 118
Trd, 258646.100, 140
Trd, 258646.667, 140
Trd, 258647.000, 140
Trd, 258647.017, 140
Trd, 258647.067, 136
Trd, 258647.383, 139
Trd, 258647.950, 139
Trd, 258648.050, 138
Trd, 258648.117, 139
Trd, 258648.267, 140
Trd, 258648.383, 139
Trd, 258648.533, 140
Trd, 258648.600, 139
Trd, 258648.733, 140
Trd, 258648.900, 139
Trd, 258649.067, 139
Trd, 258649.117, 124
Trd, 258649.750, 124
Trd, 258649.867, 120
Trd, 258650.333, 140
Trd, 258650.433, 140
Trd, 258650.550, 140
Trd, 258651.183, 119
Trd, 258651.517, 119
Trd, 258651.817, 117
Trd, 258651.967, 105
Trd, 258652.150, 127
Trd, 258652.300, 127
Trd, 258652.383, 125
Trd, 258652.517, 125
Trd, 258652.783, 108
Trd, 258652.850, 107
Trd, 258652.883, 95
Trd, 258653.017, 91
Trd, 258653.167, 120
Trd, 258653.483, 83
Trd, 258653.550, 120
Trd, 258653.667, 121
Trd, 258653.683, 122
Trd, 258653.750, 124
Trd, 258654.483, 132
Trd, 258654.500, 116
Trd, 258655.250, 136
Trd, 258655.533, 139
Trd, 258655.967, 140
Trd, 258656.200, 139
Trd, 258656.317, 140
Trd, 258656.367, 139
Trd, 258656.517, 139
Trd, 258656.567, 140
Trd, 258656.683, 139
Trd, 258656.717, 123
Trd, 258656.733, 118
Trd, 258657.233, 139
Trd, 258657.417, 107
Trd, 258657.600, 121
Trd, 258657.717, 67
Trd, 258657.833, 134
Trd, 258658.033, 134
Trd, 258658.583, 129
Trd, 258658.633, 127
Trd, 258658.700, 94
Trd, 258658.900, 131
Trd, 258659.267, 104
Trd, 258659.317, 129
Trd, 258659.333, 103
Trd, 258659.417, 133
Trd, 258659.950, 96
Trd, 258660.550, 138
Trd, 258660.883, 137
Trd, 258660.933, 138
Trd, 258661.133, 137
Trd, 258661.150, 136
Trd, 258661.400, 137
Trd, 258661.450, 117
Trd, 258661.500, 103
Trd, 258661.583, 102
Trd, 258662.167, 102
Trd, 258662.333, 101
Trd, 258662.500, 133
Trd, 258662.867, 134
Trd, 258662.967, 99
Trd, 258663.500, 133
Trd, 258663.717, 132
Trd, 258663.933, 106
Trd, 258663.967, 105
Trd, 258664.050, 140
Trd, 258664.100, 139
Trd, 258664.800, 140
Trd, 258665.433, 140
Trd, 258665.583, 140
Trd, 258665.600, 139
Trd, 258665.700, 139
Trd, 258665.717, 138
Trd, 258665.867, 120
Trd, 258666.350, 140
Trd, 258666.367, 120
Trd, 258666.467, 119
Trd, 258666.483, 102
Trd, 258666.850, 95
Trd, 258667.017, 80
Trd, 258667.250, 137
Trd, 258667.300, 97
Trd, 258667.400, 140
Trd, 258667.850, 116
Trd, 258667.950, 105
Trd, 258668.100, 140
Trd, 258668.383, 137
Trd, 258668.850, 132
Trd, 258668.967, 95
Trd, 258669.133, 103
Trd, 258669.417, 97
Trd, 258670.000, 122
Trd, 258670.133, 121
Trd, 258670.167, 120
Trd, 258670.200, 120
Trd, 258670.350, 123
Trd, 258670.733, 124
Trd, 258670.817, 125
Trd, 258671.067, 125
Trd, 258671.133, 125
Trd, 258671.167, 123
Trd, 258671.283, 113
Trd, 258671.483, 99
Trd, 258671.633, 125
Trd, 258671.750, 123
Trd, 258671.817, 98
Trd, 258671.883, 126
Trd, 258672.067, 64
Trd, 258672.150, 134
Trd, 258672.400, 138
Trd, 258672.600, 70
Trd, 258672.767, 96
Trd, 258673.050, 140
Trd, 258673.083, 82
Trd, 258673.617, 61
Trd, 258674.133, 60
Trd, 258674.383, 60
Trd, 258674.617, 60
Trd, 258674.750, 60
Trd, 258674.917, 64
Trd, 258676.017, 62
Trd, 258676.067, 63
Trd, 258676.083, 64
Trd, 258676.100, 66
Trd, 258676.200, 66
Trd, 258676.517, 62
Trd, 258676.750, 63
Trd, 258677.183, 60
Trd, 258677.217, 63
Trd, 258677.650, 66
Trd, 258677.817, 66
Trd, 258677.883, 65
Trd, 258678.000, 66
Trd, 258678.083, 67
Trd, 258678.117, 70
Trd, 258678.417, 93
Trd, 258678.717, 77
Trd, 258678.783, 78
Trd, 258678.817, 77
Trd, 258679.017, 77
Trd, 258679.100, 76
Trd, 258679.133, 81
Trd, 258679.917, 92
Trd, 258679.967, 81
Trd, 258680.050, 93
Trd, 258680.083, 93
Trd, 258680.383, 84
Trd, 258680.467, 83
Trd, 258680.483, 94
Trd, 258680.767, 137
Trd, 258680.850, 138
Trd, 258680.950, 81
Trd, 258681.783, 85
Trd, 258681.817, 84
Trd, 258682.167, 98
Trd, 258682.450, 98
Trd, 258682.467, 99
Trd, 258682.517, 84
Trd, 258682.617, 138
Trd, 258683.383, 123
Trd, 258683.750, 140
Trd, 258683.983, 140
Trd, 258684.000, 140
Trd, 258684.183, 140
Trd, 258684.433, 140
Trd, 258684.567, 140
Trd, 258684.600, 140
Trd, 258684.767, 139
Trd, 258685.100, 129
Trd, 258685.217, 128
Trd, 258685.917, 140
Trd, 258686.167, 140
Trd, 258686.417, 140
Trd, 258686.967, 140
Trd, 258687.067, 140
Trd, 258687.083, 139
Trd, 258687.483, 140
Trd, 258687.800, 140
Trd, 258688.067, 140
Trd, 258688.300, 140
Trd, 258688.517, 140
Trd, 258688.567, 140
Trd, 258688.767, 140
Trd, 258689.150, 140
Trd, 258689.200, 140
Trd, 258689.217, 138
Trd, 258689.300, 133
Trd, 258689.583, 139
Trd, 258689.650, 134
Trd, 258689.800, 132
Trd, 258689.950, 139
Trd, 258690.383, 117
Trd, 258690.650, 103
Trd, 258690.783, 77
Trd, 258690.900, 66
Trd, 258691.350, 97
Trd, 258691.600, 100
Trd, 258691.650, 101
Trd, 258691.783, 82
Trd, 258691.850, 136
Trd, 258691.900, 137
Trd, 258692.067, 120
Trd, 258692.700, 140
Trd, 258692.900, 135
Trd, 258693.467, 140
Trd, 258693.883, 140
Trd, 258694.150, 140
Trd, 258694.283, 140
Trd, 258694.800, 140
Trd, 258695.317, 140
Trd, 258695.650, 140
Trd, 258695.683, 140
Trd, 258696.100, 140
Trd, 258696.200, 140
Trd, 258696.317, 140
Trd, 258696.883, 140
Trd, 258696.950, 140
Trd, 258697.017, 140
Trd, 258697.083, 140
Trd, 258697.100, 140
Trd, 258697.333, 139
Trd, 258697.667, 140
Trd, 258697.850, 140
Trd, 258697.883, 139
Trd, 258698.033, 138
Trd, 258698.367, 138
Trd, 258698.733, 137
Trd, 258698.867, 137
Trd, 258699.067, 137
Trd, 258699.400, 140
Trd, 258699.617, 140
Trd, 258700.950, 140
Trd, 258701.133, 140
Trd, 258701.167, 140
Trd, 258701.200, 140
Trd, 258701.283, 140
Trd, 258701.350, 138
Trd, 258701.367, 137
Trd, 258701.400, 110
Trd, 258701.817, 140
Trd, 258702.267, 132
Trd, 258702.383, 131
Trd, 258702.500, 137
Trd, 258702.733, 140
Trd, 258702.783, 140
Trd, 258702.967, 140
Trd, 258703.067, 139
Trd, 258703.083, 123
Trd, 258703.133, 121
Trd, 258703.283, 114
Trd, 258704.500, 140
Trd, 258704.867, 140
Trd, 258705.100, 140
Trd, 258705.750, 140
Trd, 258705.800, 140
Trd, 258705.900, 140
Trd, 258706.217, 139
Trd, 258706.500, 140
Trd, 258706.683, 140
Trd, 258706.800, 139
Trd, 258706.933, 139
Trd, 258707.033, 139
Trd, 258707.117, 133
Trd, 258707.383, 140
Trd, 258707.417, 138
Trd, 258708.083, 130
Trd, 258708.150, 138
Trd, 258708.883, 130
Trd, 258709.083, 136
Trd, 258709.100, 130
Trd, 258709.117, 137
Trd, 258709.333, 120
Trd, 258709.383, 119
Trd, 258709.583, 118
Trd, 258709.617, 119
Trd, 258709.817, 117
Trd, 258709.917, 116
Trd, 258709.933, 117
Trd, 258709.967, 112
Trd, 258710.000, 100
Trd, 258710.283, 71
Trd, 258710.700, 60
Trd, 258711.417, 60
Trd, 258711.433, 60
Trd, 258711.467, 60
Trd, 258711.650, 60
Trd, 258711.717, 60
Trd, 258711.950, 60
Trd, 258712.000, 60
Trd, 258712.050, 60
Trd, 258712.067, 61
Trd, 258712.150, 74
Trd, 258712.300, 121
Trd, 258712.833, 119
Trd, 258713.000, 104
Trd, 258713.167, 138
Trd, 258713.200, 92
Trd, 258713.233, 139
Trd, 258713.867, 79
Trd, 258714.000, 74
Trd, 258714.067, 110
Trd, 258714.333, 75
Trd, 258714.433, 75
Trd, 258714.483, 74
Trd, 258714.517, 100
Trd, 258714.583, 111
Trd, 258714.883, 135
Trd, 258714.933, 99
Trd, 258715.000, 76
Trd, 258715.217, 137
Trd, 258715.817, 107
Trd, 258716.467, 111
Trd, 258716.767, 140
Trd, 258716.933, 140
Trd, 258717.433, 140
Trd, 258718.067, 140
Trd, 258718.100, 140
Trd, 258718.400, 140
Trd, 258718.467, 140
Trd, 258718.867, 140
Trd, 258718.950, 140
Trd, 258719.183, 140
Trd, 258719.283, 140
Trd, 258719.383, 139
Trd, 258719.417, 134
Trd, 258719.833, 134
Trd, 258719.967, 132
Trd, 258719.983, 140
Trd, 258720.167, 129
Trd, 258720.267, 98
Trd, 258720.317, 87
Trd, 258721.067, 139
Trd, 258721.717, 97
Trd, 258721.733, 98
Trd, 258721.783, 99
Trd, 258722.317, 140
Trd, 258722.367, 140
Trd, 258722.550, 139
Trd, 258722.683, 139
Trd, 258722.750, 116
Trd, 258722.833, 87
Trd, 258723.033, 131
Trd, 258723.067, 131
Trd, 258723.150, 132
Trd, 258723.233, 133
Trd, 258723.350, 132
Trd, 258723.717, 137
Trd, 258724.017, 139
Trd, 258724.383, 140
Trd, 258724.583, 139
Trd, 258724.683, 136
Trd, 258724.933, 136
Trd, 258725.000, 135
Trd, 258725.367, 133
Trd, 258726.217, 140
Trd, 258727.000, 140
Trd, 258727.117, 140
Trd, 258727.133, 140
Trd, 258727.417, 140
Trd, 258727.450, 140
Trd, 258727.917, 140
Trd, 258728.033, 140
Trd, 258728.067, 140
Trd, 258728.267, 140
Trd, 258728.500, 140
Trd, 258728.600, 140
Trd, 258728.667, 140
Trd, 258728.767, 140
Trd, 258728.867, 140
Trd, 258729.317, 138
Trd, 258729.567, 138
Trd, 258730.233, 140
Trd, 258730.250, 140
Trd, 258730.733, 140
Trd, 258731.117, 140
Trd, 258731.433, 140
Trd, 258731.583, 140
Trd, 258732.217, 140
Trd, 258732.250, 140
Trd, 258732.383, 140
Trd, 258732.433, 140
Trd, 258732.550, 140
Trd, 258732.650, 140
Trd, 258732.717, 139
Trd, 258732.867, 139
Trd, 258732.983, 140
Trd, 258733.483, 140
Trd, 258733.733, 140
Trd, 258733.783, 140
Trd, 258733.917, 139
Trd, 258733.933, 140
Trd, 258734.450, 139
Trd, 258734.733, 138
Trd, 258734.800, 137
Trd, 258735.117, 130
Trd, 258735.233, 131
Trd, 258735.250, 130
Trd, 258735.483, 130
Trd, 258735.517, 137
Trd, 258735.683, 138
Trd, 258735.700, 129
Trd, 258735.733, 127
Trd, 258735.750, 83
Trd, 258735.883, 139
Trd, 258736.150, 118
Trd, 258736.217, 113
Trd, 258736.467, 112
Trd, 258736.500, 96
Trd, 258736.517, 113
Trd, 258736.533, 115
Trd, 258736.733, 114
Trd, 258737.300, 98
Trd, 258737.367, 132
Trd, 258737.633, 98
Trd, 258737.733, 98
Trd, 258738.400, 140
Trd, 258738.500, 140
Trd, 258739.050, 140
Trd, 258739.367, 140
Trd, 258739.567, 140
Trd, 258739.733, 140
Trd, 258740.067, 140
Trd, 258740.350, 140
Trd, 258741.033, 140
Trd, 258741.117, 140
Trd, 258741.350, 140
Trd, 258741.367, 140
Trd, 258741.417, 138
Trd, 258741.433, 137
Trd, 258741.483, 137
Trd, 258741.567, 140
Trd, 258742.200, 140
Trd, 258742.217, 140
Trd, 258742.650, 140
Trd, 258742.733, 140
Trd, 258742.883, 119
Trd, 258743.267, 129
Trd, 258743.317, 128
Trd, 258743.700, 103
Trd, 258744.150, 102
Trd, 258744.317, 117
Trd, 258744.367, 118
Trd, 258744.500, 108
Trd, 258744.633, 119
Trd, 258745.283, 113
Trd, 258745.433, 112
Trd, 258745.567, 115
Trd, 258745.900, 98
Trd, 258745.967, 112
Trd, 258746.300, 92
Trd, 258746.500, 73
Trd, 258746.583, 91
Trd, 258746.833, 66
Trd, 258747.167, 107
Trd, 258747.333, 93
Trd, 258747.417, 89
Trd, 258747.533, 66
Trd, 258747.650, 106
Trd, 258747.917, 66
Trd, 258748.367, 71
Trd, 258748.533, 69
Trd, 258748.700, 103
Trd, 258749.050, 102
Trd, 258749.183, 102
Trd, 258749.550, 102
Trd, 258749.700, 71
Trd, 258749.717, 70
Trd, 258750.250, 97
Trd, 258750.350, 102
Trd, 258750.467, 97
Trd, 258750.533, 96
Trd, 258750.650, 140
Trd, 258750.800, 63
Trd, 258751.217, 72
Trd, 258751.283, 74
Trd, 258752.133, 76
Trd, 258752.550, 80
Trd, 258752.733, 78
Trd, 258752.883, 69
Trd, 258753.083, 79
Trd, 258753.167, 80
Trd, 258753.333, 62
Trd, 258753.583, 68
Trd, 258753.817, 67
Trd, 258754.017, 69
Trd, 258754.233, 84
Trd, 258754.500, 84
Trd, 258754.583, 72
Trd, 258754.667, 69
Trd, 258754.867, 83
Trd, 258755.417, 79
Trd, 258755.483, 73
Trd, 258755.533, 80
Trd, 258755.567, 72
Trd, 258755.633, 71
Trd, 258755.667, 69
Trd, 258755.833, 79
Trd, 258755.950, 79
Trd, 258756.483, 79
Trd, 258756.617, 86
Trd, 258756.850, 99
Trd, 258756.883, 137
Trd, 258756.967, 139
Trd, 258757.100, 83
Trd, 258757.183, 74
Trd, 258758.017, 140
Trd, 258758.167, 140
Trd, 258758.400, 140
Trd, 258758.483, 140
Trd, 258759.650, 140
Trd, 258759.800, 140
Trd, 258759.917, 140
Trd, 258759.983, 140
Trd, 258760.583, 140
Trd, 258760.717, 140
Trd, 258760.933, 140
Trd, 258761.133, 140
Trd, 258761.583, 140
Trd, 258761.600, 140
Trd, 258762.133, 140
Trd, 258762.733, 140
Trd, 258762.950, 140
Trd, 258763.167, 140
Trd, 258763.300, 140
Trd, 258763.350, 140
Trd, 258763.367, 140
Trd, 258763.500, 140
Trd, 258763.850, 140
Trd, 258763.900, 140
Trd, 258764.100, 140
Trd, 258764.217, 140
Trd, 258764.417, 140
Trd, 258764.600, 140
Trd, 258764.633, 139
Trd, 258764.883, 130
Trd, 258765.017, 129
Trd, 258765.150, 131
Trd, 258765.317, 122
Trd, 258765.550, 125
Trd, 258765.617, 125
Trd, 258766.283, 123
Trd, 258766.567, 122
Trd, 258766.600, 128
Trd, 258767.150, 128
Trd, 258767.417, 140
Trd, 258768.017, 140
Trd, 258768.200, 121
Trd, 258768.450, 139
Trd, 258768.550, 139
Trd, 258768.650, 137
Trd, 258768.783, 127
Trd, 258768.817, 119
Trd, 258769.117, 139
Trd, 258769.283, 138
Trd, 258769.617, 132
Trd, 258769.700, 125
Trd, 258771.050, 140
Trd, 258771.317, 140
Trd, 258771.333, 140
Trd, 258771.450, 140
Trd, 258771.667, 140
Trd, 258771.817, 140
Trd, 258771.950, 140
Trd, 258771.967, 140
Trd, 258772.550, 138
Trd, 258772.667, 127
Trd, 258772.750, 125
Trd, 258772.800, 125
Trd, 258772.933, 138
Trd, 258773.433, 137
Trd, 258773.567, 132
Trd, 258773.783, 140
Trd, 258773.883, 131
Trd, 258774.467, 140
Trd, 258775.433, 140
Trd, 258775.967, 140
Trd, 258776.100, 140
Trd, 258776.283, 140
Trd, 258776.383, 140
Trd, 258777.150, 140
Trd, 258777.267, 140
Trd, 258777.333, 140
Trd, 258777.517, 140
Trd, 258777.667, 140
Trd, 258777.700, 140
Trd, 258777.883, 140
Trd, 258777.917, 139
Trd, 258777.967, 140
Trd, 258778.250, 140
Trd, 258778.733, 140
Trd, 258778.883, 140
Trd, 258778.917, 139
Trd, 258779.050, 139
Trd, 258779.067, 136
Trd, 258779.200, 140
Trd, 258779.217, 132
Trd, 258779.550, 124
Trd, 258779.683, 133
Trd, 258780.050, 139
Trd, 258780.517, 139
Trd, 258780.983, 140
Trd, 258781.100, 140
Trd, 258781.133, 140
Trd, 258781.217, 140
Trd, 258781.400, 140
Trd, 258781.700, 140
Trd, 258781.833, 140
Trd, 258781.883, 138
Trd, 258781.933, 124
Trd, 258781.983, 120
Trd, 258782.083, 110
Trd, 258782.317, 140
Trd, 258783.083, 140
Trd, 258783.117, 140
Trd, 258783.267, 140
Trd, 258783.833, 140
Trd, 258784.200, 140
Trd, 258784.267, 140
Trd, 258784.400, 140
Trd, 258784.550, 140
Trd, 258784.617, 140
Trd, 258784.717, 140
Trd, 258784.883, 140
Trd, 258785.017, 140
Trd, 258785.150, 139
Trd, 258785.717, 139
Trd, 258785.967, 139
Trd, 258786.067, 138
Trd, 258786.733, 140
Trd, 258787.167, 140
Trd, 258787.217, 140
Trd, 258787.350, 140
Trd, 258787.483, 140
Trd, 258787.633, 140
Trd, 258787.783, 139
Trd, 258787.817, 140
Trd, 258787.867, 134
Trd, 258788.217, 111
Trd, 258788.883, 140
Trd, 258788.983, 140
Trd, 258789.267, 108
Trd, 258789.733, 140
Trd, 258791.117, 140
Trd, 258791.700, 140
Trd, 258791.817, 140
Trd, 258792.050, 140
Trd, 258792.067, 140
Trd, 258792.300, 140
Trd, 258792.450, 140
Trd, 258792.583, 140
Trd, 258792.717, 140
Trd, 258792.750, 140
Trd, 258792.767, 140
Trd, 258792.817, 140
Trd, 258792.933, 139
Trd, 258793.017, 138
Trd, 258793.233, 139
Trd, 258793.250, 138
Trd, 258793.550, 139
Trd, 258793.683, 135
Trd, 258794.000, 137
Trd, 258794.067, 136
Trd, 258794.483, 127
Trd, 258794.683, 108
Trd, 258794.750, 68
Trd, 258794.983, 134
Trd, 258795.100, 136
Trd, 258795.217, 135
Trd, 258795.500, 70
Trd, 258795.633, 70
Trd, 258795.817, 69
Trd, 258795.833, 71
Trd, 258796.150, 140
Trd, 258796.317, 139
Trd, 258796.633, 130
Trd, 258797.017, 139
Trd, 258797.117, 129
Trd, 258797.467, 140
Trd, 258797.650, 140
Trd, 258798.033, 140
Trd, 258798.183, 140
Trd, 258798.467, 140
Trd, 258798.700, 140
Trd, 258799.183, 140
Trd, 258799.367, 140
Trd, 258799.583, 140
Trd, 258800.417, 140
Trd, 258800.450, 140
Trd, 258800.467, 138
Trd, 258800.783, 137
Trd, 258800.817, 136
Trd, 258800.900, 135
Trd, 258800.950, 134
Trd, 258801.083, 134
Trd, 258801.150, 133
Trd, 258801.283, 136
Trd, 258801.600, 120
Trd, 258801.717, 103
Trd, 258801.767, 76
Trd, 258802.100, 124
Trd, 258802.417, 125
Trd, 258802.483, 83
Trd, 258802.900, 124
Trd, 258803.033, 85
Trd, 258803.150, 81
Trd, 258803.283, 123
Trd, 258804.083, 119
Trd, 258804.283, 107
Trd, 258804.333, 120
Trd, 258804.383, 121
Trd, 258805.300, 138
Trd, 258805.617, 115
Trd, 258805.833, 139
Trd, 258805.983, 140
Trd, 258806.017, 139
Trd, 258806.083, 139
Trd, 258806.150, 138
Trd, 258806.717, 139
Trd, 258807.317, 140
Trd, 258807.350, 140
Trd, 258807.383, 140
Trd, 258807.500, 140
Trd, 258807.800, 139
Trd, 258807.850, 138
Trd, 258808.267, 139
Trd, 258808.333, 111
Trd, 258808.550, 111
Trd, 258808.883, 122
Trd, 258809.200, 102
Trd, 258809.333, 111
Trd, 258809.583, 122
Trd, 258809.617, 99
Trd, 258809.917, 109
Trd, 258809.983, 111
Trd, 258810.000, 123
Trd, 258810.117, 125
Trd, 258810.517, 109
Trd, 258811.183, 139
Trd, 258811.200, 113
Trd, 258811.933, 140
Trd, 258812.083, 140
Trd, 258812.167, 140
Trd, 258812.283, 140
Trd, 258812.367, 140
Trd, 258812.417, 139
Trd, 258812.633, 140
Trd, 258812.667, 139
Trd, 258812.700, 138
Trd, 258812.800, 135
Trd, 258813.233, 132
Trd, 258813.317, 133
Trd, 258813.383, 134
Trd, 258813.417, 136
Trd, 258813.817, 130
Trd, 258814.183, 132
Trd, 258814.483, 137
Trd, 258815.333, 120
Trd, 258815.600, 119
Trd, 258815.783, 119
Trd, 258815.817, 118
Trd, 258816.117, 108
Trd, 258816.317, 114
Trd, 258816.350, 106
Trd, 258816.367, 115
Trd, 258816.500, 102
Trd, 258816.750, 113
Trd, 258816.833, 114
Trd, 258816.883, 83
Trd, 258816.917, 73
Trd, 258816.967, 115
Trd, 258817.067, 116
Trd, 258817.283, 140
Trd, 258817.433, 118
Trd, 258817.467, 117
Trd, 258817.750, 139
Trd, 258818.600, 140
Trd, 258818.883, 140
Trd, 258819.100, 140
Trd, 258819.217, 140
Trd, 258819.433, 140
Trd, 258819.850, 140
Trd, 258820.017, 140
Trd, 258820.500, 140
Trd, 258820.650, 140
Trd, 258821.200, 140
Trd, 258821.317, 140
Trd, 258821.500, 140
Trd, 258821.567, 140
Trd, 258821.900, 140
Trd, 258822.083, 140
Trd, 258822.117, 140
Trd, 258822.183, 140
Trd, 258822.617, 140
Trd, 258822.700, 140
Trd, 258822.800, 140
Trd, 258822.950, 140
Trd, 258823.000, 139
Trd, 258823.017, 131
Trd, 258823.733, 137
Trd, 258823.917, 126
Trd, 258824.150, 125
Trd, 258824.300, 113
Trd, 258824.433, 136
Trd, 258824.550, 107
Trd, 258824.567, 105
Trd, 258825.067, 140
Trd, 258825.533, 140
Trd, 258825.967, 140
Trd, 258826.300, 140
Trd, 258826.633, 140
Trd, 258826.750, 140
Trd, 258826.817, 140
Trd, 258827.717, 140
Trd, 258828.150, 140
Trd, 258828.300, 140
Trd, 258828.567, 140
Trd, 258828.583, 140
Trd, 258828.683, 140
Trd, 258828.783, 140
Trd, 258828.933, 140
Trd, 258829.000, 140
Trd, 258829.100, 140
Trd, 258829.133, 140
Trd, 258829.217, 140
Trd, 258829.233, 140
Trd, 258829.400, 139
Trd, 258829.417, 126
Trd, 258829.533, 107
Trd, 258829.767, 107
Trd, 258829.817, 129
Trd, 258829.883, 135
Trd, 258830.083, 107
Trd, 258830.100, 135
Trd, 258830.450, 106
Trd, 258830.533, 140
Trd, 258830.683, 62
Trd, 258830.733, 63
Trd, 258830.833, 64
Trd, 258831.333, 139
Trd, 258831.950, 140
Trd, 258832.150, 140
Trd, 258832.550, 140
Trd, 258832.883, 140
Trd, 258832.983, 140
Trd, 258833.267, 140
Trd, 258833.617, 140
Trd, 258833.867, 140
Trd, 258833.983, 140
Trd, 258834.117, 140
Trd, 258834.200, 138
Trd, 258834.483, 137
Trd, 258834.533, 135
Trd, 258834.550, 122
Trd, 258834.600, 138
Trd, 258834.633, 138
Trd, 258834.867, 113
Trd, 258835.333, 120
Trd, 258835.367, 91
Trd, 258835.883, 113
Trd, 258836.017, 132
Trd, 258836.233, 134
Trd, 258836.917, 136
Trd, 258837.300, 137
Trd, 258837.433, 138
Trd, 258837.817, 140
Trd, 258838.233, 140
Trd, 258838.367, 140
Trd, 258838.617, 140
Trd, 258838.733, 140
Trd, 258838.750, 140
Trd, 258838.767, 140
Trd, 258838.783, 140
Trd, 258838.833, 140
Trd, 258839.000, 91
Trd, 258839.417, 102
Trd, 258839.450, 132
Trd, 258839.517, 101
Trd, 258839.933, 134
Trd, 258839.950, 122
Trd, 258840.033, 121
Trd, 258840.117, 136
Trd, 258840.200, 137
Trd, 258840.533, 70
Trd, 258840.800, 74
Trd, 258840.883, 70
Trd, 258841.067, 134
Trd, 258841.183, 116
Trd, 258841.417, 68
Trd, 258842.033, 60
Trd, 258842.417, 60
Trd, 258842.483, 60
Trd, 258842.583, 61
Trd, 258842.633, 61
Trd, 258842.800, 63
Trd, 258842.983, 64
Trd, 258843.150, 63
Trd, 258843.283, 65
Trd, 258843.450, 118
Trd, 258844.350, 140
Trd, 258844.383, 140
Trd, 258845.033, 140
Trd, 258845.167, 140
Trd, 258845.200, 140
Trd, 258845.250, 140
Trd, 258845.517, 140
Trd, 258845.950, 140
Trd, 258846.367, 140
Trd, 258846.467, 140
Trd, 258846.500, 140
Trd, 258846.733, 140
Trd, 258846.800, 140
Trd, 258846.817, 140
Trd, 258846.933, 140
Trd, 258847.350, 140
Trd, 258847.767, 140
Trd, 258847.917, 140
Trd, 258847.950, 140
Trd, 258848.067, 140
Trd, 258848.150, 140
Trd, 258849.000, 140
Trd, 258849.050, 140
Trd, 258849.633, 140
Trd, 258849.867, 140
Trd, 258849.950, 140
Trd, 258850.033, 140
Trd, 258850.167, 140
Trd, 258850.217, 140
Trd, 258850.350, 134
Trd, 258850.617, 140
Trd, 258850.750, 130
Trd, 258850.783, 124
Trd, 258850.967, 112
Trd, 258851.050, 110
Trd, 258851.367, 129
Trd, 258851.583, 129
Trd, 258851.733, 130
Trd, 258851.867, 91
Trd, 258852.267, 132
Trd, 258852.350, 133
Trd, 258852.583, 91
Trd, 258852.683, 138
Trd, 258852.733, 90
Trd, 258853.367, 140
Trd, 258853.383, 135
Trd, 258853.500, 71
Trd, 258853.583, 76
Trd, 258853.983, 138
Trd, 258854.033, 137
Trd, 258854.083, 139
Trd, 258854.100, 67
Trd, 258854.150, 140
Trd, 258854.250, 140
Trd, 258854.867, 131
Trd, 258854.967, 130
Trd, 258855.367, 74
Trd, 258855.433, 128
Trd, 258855.717, 110
Trd, 258855.767, 131
Trd, 258856.017, 111
Trd, 258856.550, 131
Trd, 258857.183, 131
Trd, 258857.383, 140
Trd, 258857.550, 140
Trd, 258857.617, 140
Trd, 258857.700, 130
Trd, 258858.067, 130
Trd, 258858.150, 118
Trd, 258858.267, 119
Trd, 258858.317, 120
Trd, 258858.850, 130
Trd, 258858.950, 129
Trd, 258859.233, 135
Trd, 258859.617, 125
Trd, 258859.967, 140
Trd, 258860.150, 140
Trd, 258860.283, 140
Trd, 258860.633, 140
Trd, 258860.900, 139
Trd, 258861.567, 131
Trd, 258861.667, 132
Trd, 258861.800, 132
Trd, 258861.850, 132
Trd, 258862.017, 131
Trd, 258862.200, 131
Trd, 258862.283, 131
Trd, 258862.550, 131
Trd, 258862.583, 88
Trd, 258862.783, 87
Trd, 258862.917, 79
Trd, 258863.067, 132
Trd, 258863.283, 92
Trd, 258863.467, 72
Trd, 258863.650, 133
Trd, 258863.983, 113
Trd, 258864.133, 140
Trd, 258864.667, 100
Trd, 258864.733, 99
Trd, 258864.750, 98
Trd, 258864.883, 79
Trd, 258865.150, 140
Trd, 258865.367, 140
Trd, 258865.767, 140
Trd, 258865.833, 140
Trd, 258866.267, 140
Trd, 258866.717, 140
Trd, 258866.733, 140
Trd, 258867.083, 140
Trd, 258867.367, 140
Trd, 258867.383, 140
Trd, 258868.250, 140
Trd, 258868.367, 140
Trd, 258868.400, 140
Trd, 258868.500, 140
Trd, 258868.567, 140
Trd, 258868.683, 140
Trd, 258868.800, 139
Trd, 258869.300, 136
Trd, 258869.367, 133
Trd, 258869.517, 131
Trd, 258869.833, 130
Trd, 258870.550, 125
Trd, 258870.617, 122
Trd, 258870.667, 126
Trd, 258870.733, 128
Trd, 258870.950, 122
Trd, 258871.000, 131
Trd, 258871.283, 115
Trd, 258871.350, 131
Trd, 258871.417, 114
Trd, 258871.500, 90
Trd, 258871.517, 89
Trd, 258872.100, 84
Trd, 258872.483, 84
Trd, 258872.550, 124
Trd, 258872.650, 125
Trd, 258872.733, 84
Trd, 258872.983, 83
Trd, 258873.000, 75
Trd, 258873.183, 74
Trd, 258873.300, 78
Trd, 258873.333, 125
Trd, 258873.467, 60
Trd, 258873.800, 60
Trd, 258873.933, 60
Trd, 258874.167, 61
Trd, 258874.717, 63
Trd, 258874.900, 60
Trd, 258875.167, 61
Trd, 258875.267, 71
Trd, 258875.867, 140
Trd, 258875.883, 112
Trd, 258876.350, 61
Trd, 258876.450, 61
Trd, 258876.767, 64
Trd, 258876.950, 136
Trd, 258877.133, 136
Trd, 258877.283, 136
Trd, 258877.633, 118
Trd, 258877.667, 76
Trd, 258877.817, 78
Trd, 258877.883, 78
Trd, 258877.967, 130
Trd, 258878.617, 81
Trd, 258878.817, 82
Trd, 258878.917, 82
Trd, 258878.933, 81
Trd, 258878.967, 113
Trd, 258879.683, 123
Trd, 258879.700, 125
Trd, 258879.950, 122
Trd, 258880.050, 114
Trd, 258880.117, 111
Trd, 258880.133, 124
Trd, 258880.433, 99
Trd, 258880.817, 98
Trd, 258881.217, 63
Trd, 258881.333, 64
Trd, 258881.517, 65
Trd, 258881.667, 81
Trd, 258881.883, 61
Trd, 258881.917, 62
Trd, 258882.017, 78
Trd, 258882.833, 63
Trd, 258882.867, 64
Trd, 258883.000, 64
Trd, 258883.667, 60
Trd, 258883.750, 60
Trd, 258883.783, 60
Trd, 258884.450, 60
Trd, 258884.617, 60
Trd, 258884.667, 60
Trd, 258884.700, 62
Trd, 258884.717, 64
Trd, 258884.950, 60
Trd, 258885.500, 60
Trd, 258885.517, 60
Trd, 258885.617, 60
Trd, 258885.683, 60
Trd, 258886.083, 62
Trd, 258886.217, 61
Trd, 258886.250, 63
Trd, 258886.417, 61
Trd, 258886.483, 62
Trd, 258886.917, 63
Trd, 258887.050, 68
Trd, 258887.333, 64
Trd, 258887.433, 64
Trd, 258887.633, 98
Trd, 258887.833, 105
Trd, 258888.350, 106
Trd, 258888.667, 104
Trd, 258888.917, 130
Trd, 258889.100, 98
Trd, 258889.317, 99
Trd, 258889.400, 140
Trd, 258889.617, 139
Trd, 258890.167, 140
Trd, 258890.650, 140
Trd, 258891.067, 140
Trd, 258891.200, 140
Trd, 258891.567, 140
Trd, 258891.667, 140
Trd, 258891.850, 140
Trd, 258892.167, 140
Trd, 258892.350, 140
Trd, 258892.633, 140
Trd, 258892.750, 140
Trd, 258892.917, 139
Trd, 258893.017, 139
Trd, 258893.783, 140
Trd, 258893.833, 140
Trd, 258894.250, 140
Trd, 258894.350, 140
Trd, 258894.500, 140
Trd, 258894.533, 139
Trd, 258894.617, 139
Trd, 258894.733, 139
Trd, 258894.850, 140
Trd, 258895.033, 138
Trd, 258895.350, 137
Trd, 258895.517, 134
Trd, 258895.683, 138
Trd, 258895.800, 130
Trd, 258896.033, 131
Trd, 258896.083, 114
Trd, 258896.217, 133
Trd, 258896.233, 136
Trd, 258896.517, 137
Trd, 258897.283, 115
Trd, 258897.300, 102
Trd, 258897.417, 95
Trd, 258897.500, 91
Trd, 258897.850, 96
Trd, 258897.950, 130
Trd, 258898.100, 88
Trd, 258898.167, 88
Trd, 258898.217, 130
Trd, 258898.417, 94
Trd, 258898.717, 87
Trd, 258898.833, 132
Trd, 258898.850, 124
Trd, 258898.933, 88
Trd, 258899.133, 133
Trd, 258899.167, 135
Trd, 258899.400, 91
Trd, 258899.667, 91
Trd, 258900.467, 96
Trd, 258900.883, 140
Trd, 258901.200, 140
Trd, 258901.317, 138
Trd, 258901.517, 108
Trd, 258902.100, 140
Trd, 258902.217, 140
Trd, 258902.300, 139
Trd, 258902.400, 139
Trd, 258902.483, 139
Trd, 258902.783, 138
Trd, 258902.800, 138
Trd, 258903.083, 137
Trd, 258903.200, 137
Trd, 258903.333, 137
Trd, 258903.350, 136
Trd, 258903.433, 121
Trd, 258903.567, 107
Trd, 258903.667, 106
Trd, 258904.050, 96
Trd, 258904.333, 136
Trd, 258904.550, 89
Trd, 258904.750, 140
Trd, 258904.900, 140
Trd, 258904.950, 102
Trd, 258905.250, 139
Trd, 258905.900, 81
Trd, 258906.683, 129
Trd, 258906.750, 82
Trd, 258906.800, 81
Trd, 258906.850, 80
Trd, 258907.217, 127
Trd, 258907.583, 113
Trd, 258907.800, 126
Trd, 258907.833, 116
Trd, 258907.933, 109
Trd, 258908.050, 133
Trd, 258908.067, 102
Trd, 258908.200, 101
Trd, 258908.883, 68
Trd, 258909.083, 101
Trd, 258909.167, 61
Trd, 258909.383, 100
Trd, 258909.400, 101
Trd, 258909.833, 101
Trd, 258909.950, 102
Trd, 258910.100, 104
Trd, 258910.150, 103
Trd, 258910.167, 109
Trd, 258910.450, 104
Trd, 258911.233, 140
Trd, 258911.283, 140
Trd, 258911.450, 140
Trd, 258911.567, 140
Trd, 258911.717, 140
Trd, 258912.033, 139
Trd, 258912.167, 137
Trd, 258912.217, 111
Trd, 258913.033, 140
Trd, 258913.467, 140
Trd, 258913.567, 140
Trd, 258914.350, 140
Trd, 258914.450, 140
Trd, 258914.683, 140
Trd, 258914.783, 140
Trd, 258914.850, 140
Trd, 258914.867, 140
Trd, 258914.883, 140
Trd, 258915.167, 138
Trd, 258915.283, 137
Trd, 258915.333, 135
Trd, 258915.350, 125
Trd, 258915.400, 112
Trd, 258915.683, 102
Trd, 258915.783, 138
Trd, 258915.900, 137
Trd, 258916.067, 138
Trd, 258916.183, 138
Trd, 258916.250, 129
Trd, 258916.467, 128
Trd, 258916.550, 137
Trd, 258916.983, 119
Trd, 258917.450, 131
Trd, 258917.767, 135
Trd, 258917.883, 121
Trd, 258918.200, 121
Trd, 258918.283, 131
Trd, 258918.350, 132
Trd, 258918.367, 120
Trd, 258918.417, 119
Trd, 258918.500, 136
Trd, 258919.033, 140
Trd, 258919.133, 140
Trd, 258919.183, 139
Trd, 258919.367, 139
Trd, 258919.717, 140
Trd, 258919.733, 140
Trd, 258920.267, 121
Trd, 258920.600, 120
Trd, 258920.800, 116
Trd, 258921.550, 140
Trd, 258921.650, 140
Trd, 258921.733, 138
Trd, 258921.767, 122
Trd, 258922.167, 137
Trd, 258922.400, 140
Trd, 258922.483, 139
Trd, 258922.700, 139
Trd, 258923.217, 140
Trd, 258923.783, 140
Trd, 258923.883, 140
Trd, 258924.100, 140
Trd, 258924.267, 140
Trd, 258924.583, 140
Trd, 258924.650, 140
Trd, 258924.750, 140
Trd, 258924.983, 140
Trd, 258925.567, 140
Trd, 258925.583, 139
Trd, 258925.800, 138
Trd, 258925.833, 131
Trd, 258925.917, 140
Trd, 258926.250, 130
Trd, 258926.350, 105
Trd, 258926.683, 140
Trd, 258926.800, 137
Trd, 258927.050, 140
Trd, 258927.883, 140
Trd, 258928.250, 140
Trd, 258928.317, 140
Trd, 258928.417, 140
Trd, 258928.433, 140
Trd, 258928.533, 140
Trd, 258928.567, 140
Trd, 258928.867, 140
Trd, 258929.167, 140
Trd, 258930.233, 140
Trd, 258930.250, 140
Trd, 258930.517, 140
Trd, 258930.800, 140
Trd, 258930.883, 140
Trd, 258931.750, 140
Trd, 258931.800, 140
Trd, 258931.850, 140
Trd, 258932.000, 140
Trd, 258932.333, 140
Trd, 258932.517, 140
Trd, 258932.800, 140
Trd, 258932.817, 140
Trd, 258933.117, 140
Trd, 258933.317, 140
Trd, 258933.550, 136
Trd, 258933.617, 138
Trd, 258933.650, 103
Trd, 258934.083, 138
Trd, 258934.233, 104
Trd, 258934.350, 116
Trd, 258934.417, 103
Trd, 258934.483, 99
Trd, 258935.233, 108
Trd, 258935.683, 100
Trd, 258935.717, 99
Trd, 258935.917, 99
Trd, 258935.967, 98
Trd, 258936.000, 97
Trd, 258936.283, 95
Trd, 258936.350, 102
Trd, 258936.400, 66
Trd, 258936.567, 78
Trd, 258936.700, 84
Trd, 258936.950, 102
Trd, 258937.000, 104
Trd, 258937.200, 66
Trd, 258937.333, 69
Trd, 258937.417, 114
Trd, 258937.450, 64
Trd, 258937.533, 63
Trd, 258937.783, 140
Trd, 258938.300, 139
Trd, 258938.400, 137
Trd, 258938.783, 139
Trd, 258938.867, 133
Trd, 258939.133, 137
Trd, 258939.167, 81
Trd, 258939.750, 139
Trd, 258940.133, 140
Trd, 258940.900, 140
Trd, 258941.050, 140
Trd, 258941.233, 140
Trd, 258941.250, 140
Trd, 258941.533, 140
Trd, 258941.800, 140
Trd, 258941.983, 106
Trd, 258942.033, 105
Trd, 258942.167, 104
Trd, 258942.200, 113
Trd, 258942.400, 104
Trd, 258942.633, 136
Trd, 258942.650, 116
Trd, 258942.733, 138
Trd, 258942.933, 103
Trd, 258943.150, 73
Trd, 258943.483, 136
Trd, 258944.050, 104
Trd, 258944.217, 62
Trd, 258944.550, 66
Trd, 258944.583, 66
Trd, 258944.800, 60
Trd, 258945.250, 60
Trd, 258945.650, 60
Trd, 258945.750, 61
Trd, 258945.833, 61
Trd, 258946.150, 61
Trd, 258946.183, 63
Trd, 258946.333, 65
Trd, 258946.483, 66
Trd, 258946.583, 67
Trd, 258946.867, 65
Trd, 258947.150, 69
Trd, 258947.217, 66
Trd, 258947.300, 65
Trd, 258948.100, 122
Trd, 258948.567, 134
Trd, 258948.600, 133
Trd, 258948.950, 140
Trd, 258948.967, 140
Trd, 258949.067, 140
Trd, 258949.100, 134
Trd, 258949.317, 132
Trd, 258949.333, 119
Trd, 258949.417, 135
Trd, 258949.467, 118
Trd, 258949.567, 117
Trd, 258950.517, 140
Trd, 258950.767, 140
Trd, 258950.867, 140
Trd, 258951.017, 139
Trd, 258951.033, 139
Trd, 258951.450, 139
Trd, 258951.483, 139
Trd, 258951.683, 138
Trd, 258951.850, 136
Trd, 258951.883, 133
Trd, 258952.417, 109
Trd, 258952.850, 127
Trd, 258952.867, 131
Trd, 258952.917, 115
Trd, 258953.150, 114
Trd, 258953.167, 128
Trd, 258953.233, 113
Trd, 258953.267, 126
Trd, 258953.733, 105
Trd, 258953.933, 124
Trd, 258954.117, 109
Trd, 258954.267, 108
Trd, 258954.300, 107
Trd, 258954.567, 124
Trd, 258954.833, 120
Trd, 258955.050, 105
Trd, 258955.383, 119
Trd, 258955.667, 99
Trd, 258955.683, 98
Trd, 258955.967, 140
Trd, 258956.217, 137
Trd, 258956.533, 117
Trd, 258956.950, 140
Trd, 258957.133, 140
Trd, 258957.517, 78
Trd, 258957.950, 116
Trd, 258958.083, 115
Trd, 258958.233, 78
Trd, 258958.350, 77
Trd, 258958.367, 124
Trd, 258958.633, 69
Trd, 258958.800, 126
Trd, 258958.933, 126
Trd, 258958.983, 103
Trd, 258959.000, 128
Trd, 258959.217, 140
Trd, 258959.950, 140
Trd, 258960.000, 140
Trd, 258960.700, 140
Trd, 258961.367, 140
Trd, 258961.667, 140
Trd, 258962.233, 140
Trd, 258962.633, 140
Trd, 258963.283, 140
Trd, 258963.733, 140
Trd, 258963.800, 140
Trd, 258963.867, 140
Trd, 258963.950, 140
Trd, 258964.050, 140
Trd, 258964.200, 140
Trd, 258964.267, 140
Trd, 258964.333, 140
Trd, 258964.633, 140
Trd, 258964.967, 140
Trd, 258965.033, 140
Trd, 258965.117, 140
Trd, 258965.267, 140
Trd, 258965.450, 140
Trd, 258965.550, 140
Trd, 258965.683, 140
Trd, 258965.850, 140
Trd, 258965.933, 140
Trd, 258966.067, 140
Trd, 258966.150, 140
Trd, 258966.383, 139
Trd, 258966.833, 140
Trd, 258967.200, 140
Trd, 258967.267, 139
Trd, 258967.450, 140
Trd, 258967.483, 140
Trd, 258967.633, 140
Trd, 258967.717, 126
Trd, 258967.883, 140
Trd, 258968.517, 139
Trd, 258968.533, 137
Trd, 258969.150, 139
Trd, 258969.217, 140
Trd, 258969.533, 140
Trd, 258969.650, 134
Trd, 258969.733, 127
Trd, 258969.750, 126
Trd, 258969.850, 123
Trd, 258970.333, 109
Trd, 258970.433, 101
Trd, 258970.450, 111
Trd, 258970.500, 103
Trd, 258970.683, 92
Trd, 258970.733, 76
Trd, 258971.050, 92
Trd, 258971.350, 91
Trd, 258971.383, 103
Trd, 258971.700, 97
Trd, 258971.750, 98
Trd, 258972.333, 111
Trd, 258972.383, 114
Trd, 258972.633, 122
Trd, 258972.650, 92
Trd, 258972.967, 122
Trd, 258973.117, 105
Trd, 258973.267, 123
Trd, 258973.383, 105
Trd, 258973.433, 122
Trd, 258973.483, 123
Trd, 258973.983, 107
Trd, 258974.183, 107
Trd, 258974.267, 122
Trd, 258974.800, 110
Trd, 258974.850, 109
Trd, 258974.883, 108
Trd, 258975.000, 107
Trd, 258975.083, 107
Trd, 258975.100, 106
Trd, 258975.533, 117
Trd, 258975.733, 114
Trd, 258975.933, 107
Trd, 258976.350, 105
Trd, 258976.533, 104
Trd, 258976.667, 116
Trd, 258976.950, 117
Trd, 258977.183, 132
Trd, 258977.383, 133
Trd, 258977.450, 139
Trd, 258977.917, 140
Trd, 258978.100, 140
Trd, 258978.433, 140
Trd, 258978.567, 140
Trd, 258979.267, 140
Trd, 258979.583, 140
Trd, 258980.083, 140
Trd, 258980.133, 140
Trd, 258980.400, 140
Trd, 258981.067, 140
Trd, 258981.433, 140
Trd, 258981.467, 140
Trd, 258981.483, 140
Trd, 258981.500, 140
Trd, 258981.600, 140
Trd, 258981.633, 140
Trd, 258981.967, 140
Trd, 258982.083, 140
Trd, 258982.167, 140
Trd, 258982.317, 140
Trd, 258982.400, 139
Trd, 258982.683, 139
Trd, 258982.700, 139
Trd, 258982.850, 130
Trd, 258983.017, 130
Trd, 258983.100, 102
Trd, 258983.150, 100
Trd, 258983.217, 86
Trd, 258983.417, 135
Trd, 258983.550, 136
Trd, 258983.667, 137
Trd, 258984.533, 140
Trd, 258984.933, 139
Trd, 258984.967, 139
Trd, 258985.000, 139
Trd, 258985.200, 138
Trd, 258985.233, 129
Trd, 258985.283, 121
Trd, 258985.367, 91
Trd, 258985.533, 100
Trd, 258985.833, 140
Trd, 258986.083, 112
Trd, 258986.367, 139
Trd, 258986.567, 139
Trd, 258986.833, 110
Trd, 258987.050, 138
Trd, 258987.233, 115
Trd, 258987.367, 135
Trd, 258987.883, 98
Trd, 258987.900, 97
Trd, 258987.933, 91
Trd, 258988.067, 84
Trd, 258988.217, 68
Trd, 258989.083, 119
Trd, 258989.400, 134
Trd, 258989.517, 120
Trd, 258989.767, 138
Trd, 258989.817, 121
Trd, 258990.183, 139
Trd, 258990.200, 122
Trd, 258990.250, 121
Trd, 258990.283, 111
Trd, 258990.717, 140
Trd, 258990.950, 140
Trd, 258991.150, 140
Trd, 258992.433, 140
Trd, 258992.467, 140
Trd, 258992.500, 140
Trd, 258992.733, 140
Trd, 258992.900, 140
Trd, 258992.967, 140
Trd, 258993.183, 140
Trd, 258993.233, 140
Trd, 258993.633, 140
Trd, 258994.017, 140
Trd, 258994.200, 140
Trd, 258994.450, 135
Trd, 258994.550, 134
Trd, 258994.833, 124
Trd, 258994.967, 139
Trd, 258995.083, 138
Trd, 258995.217, 140
Trd, 258995.250, 135
Trd, 258995.300, 118
Trd, 258995.333, 139
Trd, 258995.450, 106
Trd, 258996.183, 104
Trd, 258996.350, 105
Trd, 258996.367, 103
Trd, 258996.500, 93
Trd, 258997.050, 105
Trd, 258997.067, 93
Trd, 258997.333, 102
Trd, 258997.483, 103
Trd, 258997.600, 127
Trd, 258998.100, 130
Trd, 258998.300, 116
Trd, 258998.583, 106
Trd, 258999.033, 130
Trd, 258999.083, 129
Trd, 258999.117, 136
Trd, 258999.200, 105
Trd, 258999.267, 105
Trd, 258999.467, 139
Trd, 259000.583, 140
Trd, 259000.733, 140
Trd, 259001.000, 140
Trd, 259001.050, 138
Trd, 259001.083, 130
Trd, 259001.267, 74
Trd, 259001.833, 140
Trd, 259001.850, 140
Trd, 259001.867, 140
Trd, 259002.583, 140
Trd, 259002.800, 140
Trd, 259003.167, 140
Trd, 259003.233, 140
Trd, 259003.267, 140
Trd, 259003.400, 140
Trd, 259003.417, 140
Trd, 259003.450, 140
Trd, 259003.650, 140
Trd, 259003.733, 139
Trd, 259004.050, 118
Trd, 259004.517, 140
Trd, 259004.550, 139
Trd, 259004.700, 124
Trd, 259004.717, 118
Trd, 259004.733, 136
Trd, 259004.817, 116
Trd, 259005.550, 131
Trd, 259005.783, 131
Trd, 259005.950, 132
Trd, 259005.967, 131
Trd, 259006.100, 128
Trd, 259006.133, 134
Trd, 259006.317, 138
Trd, 259007.450, 140
Trd, 259007.550, 140
Trd, 259007.750, 140
Trd, 259007.783, 140
Trd, 259007.900, 140
Trd, 259008.000, 140
Trd, 259008.050, 139
Trd, 259008.683, 140
Trd, 259009.133, 140
Trd, 259009.283, 140
Trd, 259009.550, 140
Trd, 259009.833, 140
Trd, 259009.883, 140
Trd, 259010.017, 138
Trd, 259010.050, 137
Trd, 259010.067, 139
Trd, 259010.267, 136
Trd, 259010.350, 135
Trd, 259010.717, 117
Trd, 259010.750, 107
Trd, 259010.800, 135
Trd, 259010.883, 138
Trd, 259011.050, 106
Trd, 259011.133, 100
Trd, 259011.283, 100
Trd, 259011.400, 136
Trd, 259011.700, 121
Trd, 259012.100, 121
Trd, 259012.467, 127
Trd, 259012.500, 87
Trd, 259012.583, 128
Trd, 259012.850, 96
Trd, 259012.950, 120
Trd, 259013.033, 115
Trd, 259013.100, 96
Trd, 259013.150, 76
Trd, 259013.317, 73
Trd, 259013.550, 135
Trd, 259013.817, 135
Trd, 259013.933, 96
Trd, 259014.117, 96
Trd, 259014.183, 100
Trd, 259014.317, 135
Trd, 259014.533, 140
Trd, 259014.600, 122
Trd, 259015.567, 140
Trd, 259016.217, 140
Trd, 259016.350, 140
Trd, 259016.717, 140
Trd, 259016.800, 140
Trd, 259016.967, 139
Trd, 259017.350, 138
Trd, 259017.717, 139
Trd, 259018.017, 140
Trd, 259018.150, 140
Trd, 259018.467, 140
Trd, 259018.483, 140
Trd, 259018.567, 140
Trd, 259018.650, 139
Trd, 259018.700, 138
Trd, 259018.767, 138
Trd, 259018.817, 94
Trd, 259018.883, 129
Trd, 259018.900, 93
Trd, 259019.567, 132
Trd, 259019.583, 131
Trd, 259019.717, 136
Trd, 259019.867, 138
Trd, 259020.367, 120
Trd, 259020.433, 121
Trd, 259020.550, 121
Trd, 259020.833, 139
Trd, 259021.433, 140
Trd, 259021.500, 140
Trd, 259021.633, 139
Trd, 259022.067, 140
Trd, 259022.533, 140
Trd, 259022.650, 140
Trd, 259022.817, 140
Trd, 259023.400, 140
Trd, 259023.517, 140
Trd, 259023.700, 140
Trd, 259023.817, 140
Trd, 259023.867, 140
Trd, 259023.967, 140
Trd, 259024.467, 140
Trd, 259024.533, 140
Trd, 259024.617, 140
Trd, 259024.667, 139
Trd, 259024.783, 139
Trd, 259024.867, 138
Trd, 259024.883, 139
Trd, 259024.933, 140
Trd, 259025.000, 138
Trd, 259025.100, 135
Trd, 259025.300, 138
Trd, 259025.600, 111
Trd, 259026.050, 83
Trd, 259026.433, 89
Trd, 259026.617, 82
Trd, 259026.667, 111
Trd, 259026.917, 62
Trd, 259027.067, 61
Trd, 259027.083, 63
Trd, 259027.150, 63
Trd, 259027.317, 63
Trd, 259027.533, 64
Trd, 259027.583, 64
Trd, 259027.617, 65
Trd, 259027.967, 61
Trd, 259028.117, 62
Trd, 259028.167, 108
Trd, 259028.600, 64
Trd, 259029.217, 134
Trd, 259030.050, 78
Trd, 259030.350, 83
Trd, 259030.433, 131
Trd, 259030.900, 86
Trd, 259031.100, 84
Trd, 259031.350, 129
Trd, 259031.700, 129
Trd, 259031.800, 88
Trd, 259031.900, 105
Trd, 259032.067, 105
Trd, 259032.167, 105
Trd, 259032.317, 105
Trd, 259032.467, 109
Trd, 259032.650, 101
Trd, 259032.800, 88
Trd, 259033.083, 107
Trd, 259033.417, 62
Trd, 259033.450, 63
Trd, 259033.667, 107
Trd, 259033.983, 62
Trd, 259034.333, 104
Trd, 259034.350, 63
Trd, 259034.450, 106
Trd, 259034.850, 71
Trd, 259034.867, 69
Trd, 259034.900, 73
Trd, 259034.917, 79
Trd, 259035.000, 110
Trd, 259035.100, 92
Trd, 259035.183, 71
Trd, 259035.550, 125
Trd, 259035.600, 124
Trd, 259035.783, 126
Trd, 259036.183, 139
Trd, 259036.533, 137
Trd, 259036.617, 136
Trd, 259036.950, 101
Trd, 259037.133, 100
Trd, 259037.267, 113
Trd, 259037.383, 112
Trd, 259037.517, 112
Trd, 259037.633, 113
Trd, 259037.700, 99
Trd, 259037.717, 113
Trd, 259037.900, 86
Trd, 259038.050, 114
Trd, 259038.250, 77
Trd, 259038.317, 79
Trd, 259038.783, 76
Trd, 259038.900, 128
Trd, 259039.500, 92
Trd, 259039.667, 92
Trd, 259039.700, 72
Trd, 259039.883, 92
Trd, 259040.017, 72
Trd, 259040.133, 71
Trd, 259040.217, 140
Trd, 259040.383, 72
Trd, 259040.467, 80
Trd, 259040.717, 123
Trd, 259040.867, 110
Trd, 259041.233, 140
Trd, 259042.050, 140
Trd, 259042.317, 140
Trd, 259042.467, 140
Trd, 259043.600, 140
Trd, 259043.883, 140
Trd, 259043.917, 140
Trd, 259043.950, 140
Trd, 259044.100, 140
Trd, 259044.383, 140
Trd, 259044.533, 139
Trd, 259044.900, 140
Trd, 259045.467, 140
Trd, 259045.767, 140
Trd, 259045.917, 140
Trd, 259046.050, 140
Trd, 259046.167, 140
Trd, 259046.283, 139
Trd, 259046.350, 138
Trd, 259046.500, 137
Trd, 259046.567, 138
Trd, 259046.667, 136
Trd, 259046.800, 137
Trd, 259046.900, 136
Trd, 259047.067, 134
Trd, 259047.100, 137
Trd, 259047.217, 138
Trd, 259047.417, 121
Trd, 259047.667, 124
Trd, 259048.017, 121
Trd, 259048.083, 115
Trd, 259048.383, 106
Trd, 259048.850, 98
Trd, 259049.183, 126
Trd, 259049.267, 118
Trd, 259049.667, 102
Trd, 259049.850, 103
Trd, 259049.933, 119
Trd, 259050.017, 103
Trd, 259050.183, 119
Trd, 259050.367, 121
Trd, 259050.450, 115
Trd, 259051.017, 122
Trd, 259051.183, 114
Trd, 259051.200, 113
Trd, 259051.300, 111
Trd, 259051.433, 106
Trd, 259051.483, 122
Trd, 259051.500, 123
Trd, 259052.150, 103
Trd, 259052.233, 102
Trd, 259052.600, 102
Trd, 259052.900, 138
Trd, 259053.167, 138
Trd, 259053.400, 140
Trd, 259053.483, 140
Trd, 259053.517, 138
Trd, 259053.600, 137
Trd, 259054.367, 118
Trd, 259054.600, 136
Trd, 259055.033, 134
Trd, 259055.183, 132
Trd, 259055.500, 123
Trd, 259056.050, 122
Trd, 259056.100, 121
Trd, 259056.467, 117
Trd, 259056.633, 101
Trd, 259056.717, 114
Trd, 259056.750, 89
Trd, 259056.767, 116
Trd, 259056.833, 88
Trd, 259057.200, 117
Trd, 259057.233, 117
Trd, 259057.567, 115
Trd, 259057.633, 114
Trd, 259057.900, 109
Trd, 259057.967, 80
Trd, 259058.050, 115
Trd, 259058.083, 117
Trd, 259058.167, 118
Trd, 259058.367, 76
Trd, 259058.550, 66
Trd, 259058.850, 139
Trd, 259058.883, 139
Trd, 259059.033, 140
Trd, 259059.267, 61
Trd, 259059.283, 62
Trd, 259059.633, 137
Trd, 259059.700, 136
Trd, 259060.367, 87
Trd, 259061.050, 60
Trd, 259061.317, 60
Trd, 259061.350, 60
Trd, 259061.583, 60
Trd, 259061.700, 60
Trd, 259061.983, 63
Trd, 259062.283, 60
Trd, 259062.483, 60
Trd, 259062.517, 67
Trd, 259062.583, 67
Trd, 259062.633, 73
Trd, 259063.817, 63
Trd, 259063.850, 70
Trd, 259063.900, 62
Trd, 259064.000, 63
Trd, 259064.017, 70
Trd, 259064.217, 63
Trd, 259064.267, 97
Trd, 259064.333, 63
Trd, 259064.733, 138
Trd, 259065.467, 88
Trd, 259066.550, 140
Trd, 259066.733, 140
Trd, 259066.783, 140
Trd, 259066.933, 140
Trd, 259067.250, 140
Trd, 259067.400, 140
Trd, 259067.750, 140
Trd, 259067.767, 140
Trd, 259068.000, 140
Trd, 259068.483, 140
Trd, 259068.633, 140
Trd, 259068.783, 140
Trd, 259068.983, 140
Trd, 259069.233, 140
Trd, 259069.283, 140
Trd, 259069.300, 140
Trd, 259069.317, 139
Trd, 259069.533, 138
Trd, 259069.633, 140
Trd, 259069.750, 140
Trd, 259070.133, 139
Trd, 259070.233, 139
Trd, 259070.267, 138
Trd, 259070.633, 136
Trd, 259070.683, 133
Trd, 259070.783, 123
Trd, 259071.300, 134
Trd, 259071.333, 135
Trd, 259071.367, 104
Trd, 259071.383, 102
Trd, 259071.600, 140
Trd, 259072.017, 137
Trd, 259072.267, 138
Trd, 259072.433, 138
Trd, 259072.600, 136
Trd, 259073.200, 135
Trd, 259073.417, 136
Trd, 259073.483, 134
Trd, 259073.783, 134
Trd, 259074.017, 132
Trd, 259074.217, 92
Trd, 259074.417, 129
Trd, 259074.433, 131
Trd, 259074.667, 93
Trd, 259074.733, 108
Trd, 259075.217, 90
Trd, 259075.283, 134
Trd, 259075.433, 134
Trd, 259075.667, 125
Trd, 259076.100, 103
Trd, 259076.567, 123
Trd, 259076.667, 106
Trd, 259076.750, 105
Trd, 259077.000, 109
Trd, 259077.083, 104
Trd, 259077.217, 124
Trd, 259078.733, 140
Trd, 259078.850, 140
Trd, 259079.050, 140
Trd, 259079.250, 140
Trd, 259079.417, 140
Trd, 259079.450, 140
Trd, 259079.467, 140
Trd, 259079.800, 138
Trd, 259079.833, 136
Trd, 259079.850, 128
Trd, 259080.050, 139
Trd, 259080.350, 130
Trd, 259080.383, 129
Trd, 259080.483, 128
Trd, 259080.583, 115
Trd, 259080.917, 115
Trd, 259081.467, 133
Trd, 259081.600, 124
Trd, 259081.633, 134
Trd, 259081.683, 135
Trd, 259082.317, 138
Trd, 259082.400, 137
Trd, 259082.417, 139
Trd, 259082.433, 136
Trd, 259082.617, 136
Trd, 259083.133, 136
Trd, 259083.167, 139
Trd, 259083.333, 110
Trd, 259083.417, 109
Trd, 259083.567, 140
Trd, 259083.700, 103
Trd, 259083.800, 140
Trd, 259084.117, 125
Trd, 259084.233, 130
Trd, 259084.533, 102
Trd, 259084.933, 136
Trd, 259085.000, 102
Trd, 259085.433, 137
Trd, 259085.517, 125
Trd, 259085.750, 124
Trd, 259085.867, 119
Trd, 259085.967, 138
Trd, 259085.983, 118
Trd, 259086.500, 138
Trd, 259086.633, 124
Trd, 259087.133, 97
Trd, 259087.167, 69
Trd, 259087.333, 85
Trd, 259087.367, 84
Trd, 259087.383, 113
Trd, 259087.500, 66
Trd, 259087.817, 62
Trd, 259088.467, 60
Trd, 259088.717, 60
Trd, 259089.167, 60
Trd, 259089.217, 60
Trd, 259089.433, 60
Trd, 259089.617, 61
Trd, 259089.667, 82
Trd, 259089.800, 61
Trd, 259089.917, 62
Trd, 259090.050, 91
Trd, 259090.400, 86
Trd, 259090.450, 110
Trd, 259090.917, 83
Trd, 259091.617, 84
Trd, 259091.683, 81
Trd, 259091.700, 65
Trd, 259091.717, 85
Trd, 259091.733, 64
Trd, 259092.083, 84
Trd, 259092.183, 85
Trd, 259092.383, 86
Trd, 259092.433, 88
Trd, 259092.733, 137
Trd, 259092.983, 72
Trd, 259093.133, 69
Trd, 259093.217, 67
Trd, 259094.250, 140
Trd, 259094.717, 140
Trd, 259095.017, 140
Trd, 259095.267, 140
Trd, 259095.367, 140
Trd, 259095.467, 140
Trd, 259095.533, 138
Trd, 259095.617, 126
Trd, 259096.083, 129
Trd, 259096.317, 140
Trd, 259096.383, 140
Trd, 259096.467, 139
Trd, 259096.483, 130
Trd, 259096.733, 139
Trd, 259096.750, 138
Trd, 259096.817, 132
Trd, 259097.250, 112
Trd, 259097.350, 139
Trd, 259097.383, 108
Trd, 259097.500, 135
Trd, 259098.217, 87
Trd, 259098.400, 87
Trd, 259098.550, 88
Trd, 259098.683, 86
Trd, 259098.767, 86
Trd, 259099.233, 64
Trd, 259099.250, 64
Trd, 259099.567, 67
Trd, 259099.867, 60
Trd, 259100.533, 60
Trd, 259100.600, 60
Trd, 259100.967, 61
Trd, 259101.150, 62
Trd, 259101.483, 60
Trd, 259101.900, 60
Trd, 259102.033, 60
Trd, 259102.433, 63
Trd, 259102.583, 62
Trd, 259102.633, 63
Trd, 259102.650, 62
Trd, 259102.800, 62
Trd, 259102.817, 64
Trd, 259103.217, 64
Trd, 259103.367, 66
Trd, 259103.600, 66
Trd, 259103.650, 67
Trd, 259104.033, 92
Trd, 259104.283, 100
Trd, 259104.550, 99
Trd, 259104.667, 102
Trd, 259104.683, 98
Trd, 259104.817, 109
Trd, 259104.833, 110
Trd, 259105.067, 104
Trd, 259105.150, 118
Trd, 259105.250, 120
Trd, 259105.583, 116
Trd, 259105.717, 120
Trd, 259105.817, 121
Trd, 259106.083, 139
Trd, 259106.733, 140
Trd, 259107.100, 140
Trd, 259107.267, 140
Trd, 259107.567, 140
Trd, 259107.700, 140
Trd, 259107.783, 140
Trd, 259107.833, 140
Trd, 259108.067, 139
Trd, 259108.867, 140
Trd, 259109.200, 140
Trd, 259109.417, 140
Trd, 259109.450, 140
Trd, 259109.583, 140
Trd, 259109.750, 140
Trd, 259109.800, 140
Trd, 259110.033, 140
Trd, 259110.117, 139
Trd, 259110.283, 135
Trd, 259110.383, 138
Trd, 259110.567, 131
Trd, 259110.750, 128
Trd, 259110.817, 119
Trd, 259111.350, 126
Trd, 259111.383, 128
Trd, 259111.550, 113
Trd, 259111.817, 135
Trd, 259111.850, 111
Trd, 259112.317, 136
Trd, 259112.633, 133
Trd, 259112.717, 133
Trd, 259112.817, 130
Trd, 259112.867, 137
Trd, 259113.000, 135
Trd, 259113.017, 138
Trd, 259113.267, 140
Trd, 259113.383, 139
Trd, 259114.200, 140
Trd, 259114.350, 140
Trd, 259114.367, 140
Trd, 259115.867, 140
Trd, 259116.050, 140
Trd, 259116.433, 140
Trd, 259116.467, 140
Trd, 259116.517, 140
Trd, 259116.567, 140
Trd, 259116.650, 137
Trd, 259116.667, 120
Trd, 259116.733, 120
Trd, 259116.767, 119
Trd, 259117.183, 117
Trd, 259117.283, 132
Trd, 259117.467, 102
Trd, 259117.583, 138
Trd, 259117.667, 99
Trd, 259117.950, 137
Trd, 259118.100, 138
Trd, 259118.167, 83
Trd, 259118.567, 60
Trd, 259119.133, 60
Trd, 259119.150, 60
Trd, 259119.200, 60
Trd, 259119.317, 60
Trd, 259119.617, 61
Trd, 259119.750, 63
Trd, 259119.967, 62
Trd, 259120.317, 62
Trd, 259120.550, 61
Trd, 259120.617, 63
Trd, 259120.750, 62
Trd, 259121.000, 64
Trd, 259121.317, 60
Trd, 259121.583, 60
Trd, 259121.667, 62
Trd, 259121.967, 75
Trd, 259122.283, 107
Trd, 259122.350, 108
Trd, 259122.800, 102
Trd, 259123.333, 140
Trd, 259123.533, 135
Trd, 259123.617, 105
Trd, 259124.150, 105
Trd, 259124.450, 106
Trd, 259124.733, 140
Trd, 259124.983, 140
Trd, 259125.000, 140
Trd, 259125.217, 140
Trd, 259125.600, 140
Trd, 259125.733, 140
Trd, 259125.833, 140
Trd, 259126.100, 140
Trd, 259126.467, 140
Trd, 259126.867, 140
Trd, 259127.133, 140
Trd, 259127.150, 140
Trd, 259127.167, 140
Trd, 259127.333, 140
Trd, 259127.383, 140
Trd, 259127.467, 140
Trd, 259127.883, 140
Trd, 259128.083, 140
Trd, 259128.267, 140
Trd, 259128.483, 140
Trd, 259128.500, 140
Trd, 259128.517, 140
Trd, 259129.050, 140
Trd, 259129.067, 140
Trd, 259129.183, 110
Trd, 259129.850, 140
Trd, 259130.500, 140
Trd, 259130.533, 140
Trd, 259130.733, 140
Trd, 259130.900, 125
Trd, 259131.050, 124
Trd, 259131.350, 123
Trd, 259131.417, 111
Trd, 259131.733, 137
Trd, 259132.517, 140
Trd, 259132.717, 139
Trd, 259132.850, 139
Trd, 259133.567, 135
Trd, 259133.767, 133
Trd, 259133.783, 136
Trd, 259134.017, 129
Trd, 259134.033, 139
Trd, 259134.217, 138
Trd, 259134.417, 129
Trd, 259135.333, 131
Trd, 259135.383, 130
Trd, 259135.450, 129
Trd, 259135.567, 128
Trd, 259135.667, 129
Trd, 259135.700, 128
Trd, 259135.933, 127
Trd, 259136.083, 125
Trd, 259136.167, 128
Trd, 259136.183, 134
Trd, 259136.400, 111
Trd, 259136.667, 113
Trd, 259136.700, 112
Trd, 259137.100, 138
Trd, 259137.867, 140
Trd, 259138.250, 130
Trd, 259138.483, 140
Trd, 259138.717, 140
Trd, 259138.750, 140
Trd, 259139.500, 140
Trd, 259139.533, 140
Trd, 259139.750, 140
Trd, 259139.767, 140
Trd, 259139.883, 140
Trd, 259140.167, 140
Trd, 259140.617, 140
Trd, 259140.650, 140
Trd, 259140.867, 140
Trd, 259140.917, 140
Trd, 259140.933, 140
Trd, 259141.167, 133
Trd, 259141.400, 132
Trd, 259141.783, 103
Trd, 259141.817, 84
Trd, 259142.167, 60
Trd, 259142.217, 60
Trd, 259142.250, 61
Trd, 259142.467, 60
Trd, 259142.933, 61
Trd, 259143.267, 60
Trd, 259143.400, 61
Trd, 259143.483, 62
Trd, 259143.500, 62
Trd, 259143.567, 60
Trd, 259143.633, 66
Trd, 259144.267, 64
Trd, 259144.300, 63
Trd, 259144.583, 62
Trd, 259144.650, 81
Trd, 259144.733, 82
Trd, 259144.850, 61
Trd, 259145.417, 89
Trd, 259145.767, 81
Trd, 259145.817, 95
Trd, 259145.917, 85
Trd, 259146.017, 79
Trd, 259146.083, 94
Trd, 259146.633, 94
Trd, 259146.650, 80
Trd, 259146.767, 94
Trd, 259146.783, 101
Trd, 259146.800, 127
Trd, 259146.833, 79
Trd, 259147.150, 132
Trd, 259147.167, 82
Trd, 259147.617, 110
Trd, 259147.717, 111
Trd, 259148.133, 84
Trd, 259148.433, 140
Trd, 259148.783, 140
Trd, 259149.017, 139
Trd, 259149.267, 139
Trd, 259149.900, 140
Trd, 259150.233, 140
Trd, 259150.517, 140
Trd, 259150.717, 140
Trd, 259151.183, 140
Trd, 259151.200, 140
Trd, 259151.217, 140
Trd, 259151.317, 140
Trd, 259151.400, 140
Trd, 259151.500, 140
Trd, 259151.667, 138
Trd, 259152.183, 134
Trd, 259152.550, 135
Trd, 259152.650, 139
Trd, 259152.867, 140
Trd, 259152.883, 131
Trd, 259153.383, 136
Trd, 259153.517, 136
Trd, 259154.100, 140
Trd, 259154.583, 140
Trd, 259154.833, 140
Trd, 259154.850, 140
Trd, 259154.967, 140
Trd, 259155.000, 140
Trd, 259155.150, 139
Trd, 259155.283, 139
Trd, 259155.500, 137
Trd, 259156.033, 140
Trd, 259156.450, 140
Trd, 259156.617, 140
Trd, 259156.750, 140
Trd, 259156.767, 139
Trd, 259157.000, 140
Trd, 259157.250, 139
Trd, 259157.567, 140
Trd, 259157.767, 140
Trd, 259158.050, 140
Trd, 259158.133, 139
Trd, 259159.033, 140
Trd, 259159.067, 140
Trd, 259159.333, 140
Trd, 259159.383, 140
Trd, 259159.633, 140
Trd, 259159.783, 139
Trd, 259159.967, 137
Trd, 259160.050, 131
Trd, 259160.100, 120
Trd, 259160.400, 121
Trd, 259160.550, 120
Trd, 259160.650, 108
Trd, 259160.900, 100
Trd, 259161.233, 133
Trd, 259161.350, 134
Trd, 259161.433, 135
Trd, 259161.533, 88
Trd, 259161.767, 80
Trd, 259161.883, 89
Trd, 259162.000, 83
Trd, 259162.317, 88
Trd, 259162.533, 113
Trd, 259162.567, 102
Trd, 259162.583, 84
Trd, 259162.633, 87
Trd, 259163.417, 116
Trd, 259163.550, 101
Trd, 259163.633, 117
Trd, 259163.667, 118
Trd, 259163.767, 131
Trd, 259163.833, 109
Trd, 259163.967, 96
Trd, 259163.983, 83
Trd, 259164.600, 136
Trd, 259165.450, 128
Trd, 259165.467, 127
Trd, 259165.483, 126
Trd, 259165.883, 139
Trd, 259166.817, 140
Trd, 259167.033, 140
Trd, 259167.167, 140
Trd, 259167.633, 140
Trd, 259167.867, 140
Trd, 259167.950, 140
Trd, 259168.017, 140
Trd, 259168.100, 140
Trd, 259168.467, 139
Trd, 259168.500, 120
Trd, 259169.583, 139
Trd, 259169.917, 134
Trd, 259169.950, 135
Trd, 259170.033, 135
Trd, 259170.083, 133
Trd, 259170.200, 136
Trd, 259170.433, 133
Trd, 259170.800, 140
Trd, 259170.850, 140
Trd, 259171.100, 140
Trd, 259171.367, 139
Trd, 259171.417, 138
Trd, 259171.667, 140
Trd, 259173.033, 140
Trd, 259173.117, 140
Trd, 259173.167, 140
Trd, 259173.233, 140
Trd, 259173.650, 140
Trd, 259173.833, 139
Trd, 259174.167, 140
Trd, 259174.517, 138
Trd, 259174.683, 138
Trd, 259174.833, 138
Trd, 259174.917, 138
Trd, 259174.950, 140
Trd, 259175.033, 140
Trd, 259175.167, 137
Trd, 259175.433, 132
Trd, 259175.483, 129
Trd, 259175.500, 139
Trd, 259175.517, 128
Trd, 259175.733, 114
Trd, 259176.117, 137
Trd, 259176.167, 138
Trd, 259176.550, 114
Trd, 259176.767, 105
Trd, 259176.817, 101
Trd, 259176.933, 100
Trd, 259177.333, 119
Trd, 259177.600, 99
Trd, 259177.617, 92
Trd, 259177.767, 90
Trd, 259177.783, 108
Trd, 259178.300, 96
Trd, 259178.583, 93
Trd, 259178.767, 117
Trd, 259178.900, 92
Trd, 259179.067, 115
Trd, 259179.400, 91
Trd, 259179.683, 68
Trd, 259179.700, 110
Trd, 259180.000, 110
Trd, 259180.133, 111
Trd, 259180.150, 116
Trd, 259180.217, 66
Trd, 259180.967, 65
Trd, 259180.983, 66
Trd, 259181.033, 76
Trd, 259181.200, 68
Trd, 259181.317, 84
Trd, 259181.917, 95
Trd, 259181.933, 94
Trd, 259183.067, 140
Trd, 259183.167, 140
Trd, 259183.517, 140
Trd, 259183.733, 140
Trd, 259183.917, 140
Trd, 259184.017, 140
Trd, 259184.033, 140
Trd, 259184.183, 139
Trd, 259184.450, 140
Trd, 259184.717, 140
Trd, 259185.117, 140
Trd, 259185.333, 140
Trd, 259185.550, 140
Trd, 259185.567, 139
Trd, 259185.767, 138
Trd, 259186.500, 140
Trd, 259186.767, 140
Trd, 259186.817, 140
Trd, 259186.867, 140
Trd, 259186.933, 140
Trd, 259186.983, 140
Trd, 259187.017, 140
Trd, 259187.050, 139
Trd, 259187.433, 134
Trd, 259187.450, 133
Trd, 259187.583, 132
Trd, 259187.650, 134
Trd, 259187.750, 111
Trd, 259187.767, 72
Trd, 259187.817, 139
Trd, 259188.167, 121
Trd, 259188.283, 76
Trd, 259189.050, 139
Trd, 259189.167, 126
Trd, 259189.383, 114
Trd, 259189.917, 135
Trd, 259189.983, 137
Trd, 259190.233, 129
Trd, 259191.083, 105
Trd, 259191.217, 107
Trd, 259191.267, 106
Trd, 259191.383, 106
Trd, 259191.517, 105
Trd, 259191.567, 104
Trd, 259191.583, 103
Trd, 259191.650, 107
Trd, 259191.733, 107
Trd, 259191.767, 93
Trd, 259192.083, 131
Trd, 259192.250, 132
Trd, 259192.583, 130
Trd, 259192.617, 132
Trd, 259192.833, 137
Trd, 259193.300, 140
Trd, 259193.783, 140
Trd, 259193.983, 140
Trd, 259194.017, 140
Trd, 259194.167, 140
Trd, 259194.217, 140
Trd, 259194.300, 132
Trd, 259195.017, 140
Trd, 259195.033, 139
Trd, 259195.167, 140
Trd, 259195.567, 137
Trd, 259195.650, 136
Trd, 259195.850, 119
Trd, 259196.767, 140
Trd, 259196.800, 102
Trd, 259197.067, 132
Trd, 259197.333, 138
Trd, 259197.917, 139
Trd, 259197.967, 140
Trd, 259198.017, 139
Trd, 259198.283, 138
Trd, 259198.317, 138
Trd, 259198.583, 133
Trd, 259198.733, 133
Trd, 259199.083, 140
Trd, 259199.133, 140
Trd, 259199.150, 132
Trd, 259199.467, 60
Trd, 259199.667, 60
Trd, 259199.717, 60
Trd, 259199.833, 60
Trd, 259199.883, 61
