Trd, 258573.933, 98
Trd, 258573.967, 97
Trd, 258574.150, 118
Trd, 258574.333, 97
Trd, 258574.667, 98
Trd, 258575.100, 137
Trd, 258575.667, 136
Trd, 258576.500, 140
Trd, 258576.917, 140
Trd, 258577.133, 134
Trd, 258577.167, 131
Trd, 258577.350, 123
Trd, 258577.533, 124
Trd, 258577.833, 122
Trd, 258578.167, 133
Trd, 258578.200, 118
Trd, 258578.733, 139
Trd, 258579.000, 135
Trd, 258579.433, 140
Trd, 258579.600, 127
Trd, 258579.850, 129
Trd, 258580.400, 132
Trd, 258580.417, 127
Trd, 258580.467, 123
Trd, 258580.583, 119
Trd, 258580.917, 140
Trd, 258581.083, 137
Trd, 258581.233, 132
Trd, 258581.417, 116
Trd, 258581.767, 127
Trd, 258581.800, 125
Trd, 258582.333, 121
Trd, 258582.433, 121
Trd, 258582.467, 114
Trd, 258583.117, 121
Trd, 258584.050, 121
Trd, 258584.067, 114
Trd, 258584.083, 113
Trd, 258584.133, 111
Trd, 258584.567, 120
Trd, 258584.583, 122
Trd, 258584.800, 101
Trd, 258584.833, 98
Trd, 258585.133, 115
Trd, 258585.150, 108
Trd, 258585.250, 120
Trd, 258585.600, 119
Trd, 258585.700, 121
Trd, 258585.900, 117
Trd, 258585.983, 98
Trd, 258587.333, 132
Trd, 258587.417, 131
Trd, 258587.767, 122
Trd, 258587.817, 122
Trd, 258587.883, 119
Trd, 258588.000, 131
Trd, 258588.367, 129
Trd, 258588.383, 118
Trd, 258588.933, 113
Trd, 258589.217, 126
Trd, 258589.567, 125
Trd, 258590.083, 129
Trd, 258590.117, 115
Trd, 258590.200, 112
Trd, 258590.283, 112
Trd, 258590.400, 108
Trd, 258590.700, 114
Trd, 258590.967, 130
Trd, 258591.383, 127
Trd, 258591.750, 129
Trd, 258592.067, 132
Trd, 258592.083, 105
Trd, 258592.150, 94
Trd, 258592.517, 140
Trd, 258592.700, 133
Trd, 258593.000, 123
Trd, 258593.317, 126
Trd, 258593.633, 118
Trd, 258593.967, 95
Trd, 258594.000, 92
Trd, 258594.167, 129
Trd, 258594.267, 88
Trd, 258594.500, 129
Trd, 258594.600, 131
Trd, 258594.883, 90
Trd, 258594.917, 83
Trd, 258595.050, 67
Trd, 258595.400, 101
Trd, 258595.500, 100
Trd, 258595.617, 123
Trd, 258595.700, 89
Trd, 258596.283, 64
Trd, 258596.583, 64
Trd, 258596.600, 66
Trd, 258597.533, 133
Trd, 258598.317, 140
Trd, 258598.617, 140
Trd, 258598.633, 140
Trd, 258598.767, 140
Trd, 258599.100, 140
Trd, 258599.317, 140
Trd, 258599.600, 130
Trd, 258600.067, 140
Trd, 258600.167, 124
Trd, 258600.683, 139
Trd, 258601.217, 134
Trd, 258601.317, 133
Trd, 258601.400, 137
Trd, 258601.550, 129
Trd, 258601.850, 140
Trd, 258601.883, 128
Trd, 258602.000, 126
Trd, 258602.083, 125
Trd, 258602.283, 125
Trd, 258602.767, 130
Trd, 258603.183, 124
Trd, 258603.633, 118
Trd, 258603.700, 116
Trd, 258603.717, 128
Trd, 258603.983, 111
Trd, 258604.067, 129
Trd, 258604.567, 129
Trd, 258604.917, 114
Trd, 258605.017, 130
Trd, 258605.283, 115
Trd, 258605.833, 132
Trd, 258605.917, 115
Trd, 258606.133, 114
Trd, 258606.633, 136
Trd, 258607.000, 133
Trd, 258607.250, 125
Trd, 258607.317, 131
Trd, 258607.467, 124
Trd, 258607.783, 135
Trd, 258607.850, 139
Trd, 258607.900, 112
Trd, 258607.950, 110
Trd, 258608.517, 109
Trd, 258608.617, 105
Trd, 258608.750, 124
Trd, 258609.283, 132
Trd, 258609.367, 125
Trd, 258609.417, 122
Trd, 258609.833, 123
Trd, 258610.117, 113
Trd, 258610.450, 132
Trd, 258610.783, 112
Trd, 258611.500, 112
Trd, 258611.550, 116
Trd, 258611.717, 111
Trd, 258612.033, 110
Trd, 258612.267, 112
Trd, 258612.400, 110
Trd, 258612.600, 108
Trd, 258612.633, 113
Trd, 258612.733, 105
Trd, 258612.833, 106
Trd, 258612.900, 114
Trd, 258613.733, 135
Trd, 258614.217, 136
Trd, 258614.733, 135
Trd, 258614.933, 135
Trd, 258615.083, 120
Trd, 258615.117, 119
Trd, 258615.317, 106
Trd, 258615.817, 119
Trd, 258616.017, 116
Trd, 258616.333, 138
Trd, 258616.433, 119
Trd, 258616.467, 121
Trd, 258616.750, 120
Trd, 258616.783, 119
Trd, 258616.850, 118
Trd, 258617.083, 117
Trd, 258617.367, 140
Trd, 258617.533, 135
Trd, 258618.167, 139
Trd, 258618.183, 125
Trd, 258619.217, 139
Trd, 258620.000, 129
Trd, 258620.167, 135
Trd, 258620.317, 128
Trd, 258620.367, 125
Trd, 258620.583, 121
Trd, 258620.783, 133
Trd, 258621.300, 123
Trd, 258621.400, 132
Trd, 258621.417, 131
Trd, 258621.650, 122
Trd, 258621.867, 133
Trd, 258621.917, 123
Trd, 258621.983, 122
Trd, 258622.250, 122
Trd, 258622.400, 127
Trd, 258622.933, 131
Trd, 258623.467, 132
Trd, 258623.800, 140
Trd, 258623.883, 131
Trd, 258623.933, 131
Trd, 258624.317, 123
Trd, 258624.367, 122
Trd, 258624.800, 118
Trd, 258625.133, 130
Trd, 258625.400, 123
Trd, 258625.583, 117
Trd, 258625.667, 116
Trd, 258625.833, 115
Trd, 258626.533, 106
Trd, 258626.567, 105
Trd, 258626.717, 127
Trd, 258626.900, 104
Trd, 258627.617, 122
Trd, 258628.167, 136
Trd, 258628.183, 130
Trd, 258628.250, 121
Trd, 258628.300, 119
Trd, 258628.350, 118
Trd, 258628.483, 115
Trd, 258628.767, 116
Trd, 258628.883, 115
Trd, 258628.950, 114
Trd, 258629.667, 111
Trd, 258629.733, 102
Trd, 258629.950, 104
Trd, 258630.000, 98
Trd, 258630.450, 81
Trd, 258630.567, 62
Trd, 258630.667, 61
Trd, 258630.850, 66
Trd, 258630.900, 77
Trd, 258631.133, 87
Trd, 258631.217, 111
Trd, 258631.417, 112
Trd, 258631.617, 104
Trd, 258631.783, 125
Trd, 258632.300, 125
Trd, 258632.567, 129
Trd, 258632.700, 115
Trd, 258632.950, 114
Trd, 258633.350, 115
Trd, 258634.017, 116
Trd, 258634.033, 114
Trd, 258634.233, 132
Trd, 258634.350, 109
Trd, 258634.650, 122
Trd, 258634.950, 120
Trd, 258635.083, 115
Trd, 258635.400, 118
Trd, 258635.650, 116
Trd, 258635.850, 112
Trd, 258636.050, 109
Trd, 258636.200, 140
Trd, 258636.317, 129
Trd, 258636.850, 111
Trd, 258637.167, 131
Trd, 258638.167, 119
Trd, 258638.483, 118
Trd, 258639.017, 126
Trd, 258639.283, 123
Trd, 258639.450, 130
Trd, 258639.750, 116
Trd, 258640.200, 118
Trd, 258640.383, 140
Trd, 258640.450, 140
Trd, 258640.500, 139
Trd, 258640.967, 122
Trd, 258641.483, 115
Trd, 258641.650, 118
Trd, 258641.717, 113
Trd, 258642.450, 105
Trd, 258642.850, 128
Trd, 258642.950, 104
Trd, 258643.300, 133
Trd, 258643.483, 138
Trd, 258643.567, 117
Trd, 258643.700, 113
Trd, 258643.867, 137
Trd, 258643.933, 101
Trd, 258644.250, 122
Trd, 258644.433, 97
Trd, 258644.733, 132
Trd, 258645.283, 103
Trd, 258645.517, 110
Trd, 258645.750, 102
Trd, 258645.917, 100
Trd, 258646.233, 96
Trd, 258646.417, 108
Trd, 258646.433, 110
Trd, 258646.467, 119
Trd, 258646.567, 136
Trd, 258647.133, 120
Trd, 258647.617, 120
Trd, 258647.633, 121
Trd, 258647.667, 119
Trd, 258647.700, 111
Trd, 258648.000, 137
Trd, 258648.067, 134
Trd, 258648.133, 138
Trd, 258648.267, 123
Trd, 258648.483, 120
Trd, 258648.967, 120
Trd, 258649.500, 132
Trd, 258650.133, 138
Trd, 258650.450, 138
Trd, 258650.567, 139
Trd, 258650.667, 139
Trd, 258650.900, 138
Trd, 258651.733, 138
Trd, 258651.983, 130
Trd, 258652.000, 130
Trd, 258652.300, 133
Trd, 258652.567, 138
Trd, 258652.683, 127
Trd, 258652.817, 127
Trd, 258652.883, 135
Trd, 258653.367, 125
Trd, 258653.450, 117
Trd, 258653.850, 128
Trd, 258653.933, 117
Trd, 258654.150, 113
Trd, 258654.667, 111
Trd, 258654.800, 103
Trd, 258655.350, 117
Trd, 258655.433, 116
Trd, 258655.617, 101
Trd, 258655.783, 107
Trd, 258655.817, 106
Trd, 258655.850, 119
Trd, 258656.017, 124
Trd, 258656.517, 121
Trd, 258656.667, 120
Trd, 258656.750, 136
Trd, 258657.417, 124
Trd, 258657.650, 140
Trd, 258657.750, 126
Trd, 258657.967, 125
Trd, 258658.033, 123
Trd, 258658.250, 121
Trd, 258658.650, 114
Trd, 258658.667, 113
Trd, 258658.800, 134
Trd, 258658.883, 112
Trd, 258659.050, 109
Trd, 258659.333, 123
Trd, 258659.533, 128
Trd, 258659.583, 105
Trd, 258659.617, 99
Trd, 258659.650, 98
Trd, 258659.850, 112
Trd, 258660.033, 97
Trd, 258661.267, 109
Trd, 258661.317, 91
Trd, 258661.450, 93
Trd, 258661.533, 99
Trd, 258661.583, 83
Trd, 258661.767, 122
Trd, 258662.000, 87
Trd, 258662.200, 81
Trd, 258662.333, 104
Trd, 258662.717, 80
Trd, 258663.233, 111
Trd, 258663.600, 101
Trd, 258663.767, 129
Trd, 258664.333, 140
Trd, 258664.500, 130
Trd, 258664.517, 129
Trd, 258664.600, 133
Trd, 258664.800, 122
Trd, 258666.000, 139
Trd, 258666.183, 136
Trd, 258666.317, 130
Trd, 258666.633, 128
Trd, 258666.717, 121
Trd, 258667.767, 140
Trd, 258667.950, 140
Trd, 258667.983, 139
Trd, 258668.067, 139
Trd, 258668.200, 131
Trd, 258668.233, 121
Trd, 258668.683, 138
Trd, 258668.817, 136
Trd, 258669.883, 135
Trd, 258669.900, 134
Trd, 258670.433, 128
Trd, 258671.083, 135
Trd, 258671.250, 134
Trd, 258671.317, 128
Trd, 258671.617, 125
Trd, 258671.733, 124
Trd, 258671.883, 122
Trd, 258671.933, 117
Trd, 258672.100, 134
Trd, 258672.200, 126
Trd, 258672.583, 123
Trd, 258672.700, 111
Trd, 258672.967, 125
Trd, 258673.117, 124
Trd, 258673.167, 123
Trd, 258673.217, 110
Trd, 258673.700, 125
Trd, 258673.717, 124
Trd, 258673.817, 104
Trd, 258674.467, 105
Trd, 258674.717, 100
Trd, 258674.933, 125
Trd, 258675.650, 111
Trd, 258675.917, 127
Trd, 258676.767, 126
Trd, 258676.817, 123
Trd, 258676.950, 127
Trd, 258677.717, 129
Trd, 258677.833, 119
Trd, 258677.967, 115
Trd, 258678.417, 131
Trd, 258678.800, 118
Trd, 258679.550, 119
Trd, 258679.633, 116
Trd, 258679.650, 114
Trd, 258679.750, 113
Trd, 258679.967, 112
Trd, 258680.100, 111
Trd, 258680.117, 127
Trd, 258680.550, 111
Trd, 258680.717, 121
Trd, 258681.200, 123
Trd, 258681.800, 108
Trd, 258682.050, 130
Trd, 258682.350, 111
Trd, 258682.700, 111
Trd, 258682.750, 107
Trd, 258683.267, 119
Trd, 258683.367, 115
Trd, 258683.483, 114
Trd, 258683.967, 132
Trd, 258684.150, 119
Trd, 258684.533, 131
Trd, 258685.233, 137
Trd, 258685.533, 136
Trd, 258685.867, 120
Trd, 258685.883, 120
Trd, 258686.133, 112
Trd, 258686.233, 114
Trd, 258686.517, 110
Trd, 258686.600, 114
Trd, 258687.017, 134
Trd, 258687.067, 118
Trd, 258687.183, 135
Trd, 258687.267, 131
Trd, 258687.400, 119
Trd, 258687.850, 114
Trd, 258688.083, 114
Trd, 258688.317, 139
Trd, 258688.383, 116
Trd, 258688.483, 102
Trd, 258688.667, 100
Trd, 258688.883, 117
Trd, 258689.100, 139
Trd, 258689.400, 131
Trd, 258689.467, 122
Trd, 258690.500, 127
Trd, 258691.483, 128
Trd, 258691.667, 127
Trd, 258691.750, 132
Trd, 258691.867, 126
Trd, 258691.933, 125
Trd, 258691.983, 119
Trd, 258692.033, 117
Trd, 258692.083, 116
Trd, 258692.533, 124
Trd, 258692.917, 117
Trd, 258693.183, 123
Trd, 258693.383, 123
Trd, 258694.000, 122
Trd, 258694.033, 126
Trd, 258694.150, 139
Trd, 258694.567, 126
Trd, 258694.617, 120
Trd, 258694.917, 122
Trd, 258695.067, 137
Trd, 258695.900, 135
Trd, 258696.183, 131
Trd, 258696.317, 130
Trd, 258697.067, 139
Trd, 258697.083, 130
Trd, 258697.167, 120
Trd, 258697.300, 131
Trd, 258697.517, 118
Trd, 258697.900, 129
Trd, 258698.217, 112
Trd, 258698.317, 107
Trd, 258698.367, 140
Trd, 258698.450, 140
Trd, 258698.633, 124
Trd, 258698.783, 114
Trd, 258698.933, 106
Trd, 258699.167, 129
Trd, 258699.317, 115
Trd, 258699.683, 139
Trd, 258699.933, 109
Trd, 258700.617, 128
Trd, 258700.817, 139
Trd, 258700.833, 138
Trd, 258700.933, 127
Trd, 258701.067, 111
Trd, 258701.100, 110
Trd, 258701.183, 109
Trd, 258701.200, 105
Trd, 258701.567, 134
Trd, 258701.950, 126
Trd, 258702.317, 139
Trd, 258702.800, 119
Trd, 258703.017, 113
Trd, 258703.117, 132
Trd, 258703.550, 130
Trd, 258703.917, 136
Trd, 258704.183, 135
Trd, 258704.717, 132
Trd, 258704.767, 131
Trd, 258704.883, 138
Trd, 258705.083, 123
Trd, 258705.400, 133
Trd, 258705.817, 135
Trd, 258706.167, 120
Trd, 258706.767, 131
Trd, 258706.983, 126
Trd, 258707.383, 125
Trd, 258707.550, 124
Trd, 258707.567, 116
Trd, 258707.817, 117
Trd, 258707.867, 116
Trd, 258708.033, 112
Trd, 258708.233, 99
Trd, 258708.850, 123
Trd, 258708.900, 120
Trd, 258708.950, 90
Trd, 258709.183, 123
Trd, 258709.450, 124
Trd, 258709.700, 116
Trd, 258710.183, 126
Trd, 258710.350, 116
Trd, 258710.450, 111
Trd, 258710.583, 111
Trd, 258711.233, 109
Trd, 258711.250, 115
Trd, 258711.417, 137
Trd, 258711.483, 130
Trd, 258711.500, 104
Trd, 258711.683, 119
Trd, 258712.067, 113
Trd, 258712.200, 137
Trd, 258712.500, 120
Trd, 258712.600, 112
Trd, 258712.850, 122
Trd, 258712.883, 124
Trd, 258713.050, 126
Trd, 258713.633, 111
Trd, 258713.717, 109
Trd, 258714.233, 107
Trd, 258715.133, 121
Trd, 258715.200, 120
Trd, 258715.717, 134
Trd, 258715.983, 116
Trd, 258716.183, 129
Trd, 258716.350, 125
Trd, 258716.400, 113
Trd, 258716.550, 113
Trd, 258716.567, 112
Trd, 258716.783, 124
Trd, 258716.867, 123
Trd, 258716.933, 106
Trd, 258717.200, 115
Trd, 258717.383, 107
Trd, 258717.467, 122
Trd, 258717.633, 105
Trd, 258717.867, 99
Trd, 258718.133, 113
Trd, 258718.233, 132
Trd, 258718.967, 122
Trd, 258719.500, 134
Trd, 258719.567, 133
Trd, 258719.867, 122
Trd, 258720.250, 136
Trd, 258720.550, 124
Trd, 258720.700, 110
Trd, 258720.833, 99
Trd, 258721.617, 135
Trd, 258721.717, 118
Trd, 258721.767, 117
Trd, 258721.933, 137
Trd, 258722.000, 134
Trd, 258722.167, 119
Trd, 258722.383, 119
Trd, 258722.617, 118
Trd, 258722.633, 109
Trd, 258723.467, 123
Trd, 258723.533, 105
Trd, 258724.017, 121
Trd, 258724.100, 135
Trd, 258724.133, 107
Trd, 258724.683, 107
Trd, 258724.950, 116
Trd, 258725.217, 123
Trd, 258726.000, 140
Trd, 258726.083, 139
Trd, 258726.200, 132
Trd, 258726.233, 127
Trd, 258727.267, 138
Trd, 258727.333, 137
Trd, 258727.633, 136
Trd, 258727.917, 127
Trd, 258728.333, 134
Trd, 258728.500, 131
Trd, 258728.750, 122
Trd, 258728.883, 121
Trd, 258729.000, 120
Trd, 258729.117, 127
Trd, 258729.450, 137
Trd, 258729.633, 137
Trd, 258730.100, 126
Trd, 258730.317, 123
Trd, 258730.350, 119
Trd, 258730.533, 132
Trd, 258730.983, 117
Trd, 258731.083, 112
Trd, 258731.100, 110
Trd, 258732.250, 127
Trd, 258732.283, 117
Trd, 258732.333, 110
Trd, 258732.517, 105
Trd, 258732.567, 116
Trd, 258732.617, 128
Trd, 258732.650, 104
Trd, 258733.700, 140
Trd, 258733.750, 131
Trd, 258733.867, 127
Trd, 258733.900, 127
Trd, 258734.200, 128
Trd, 258734.500, 127
Trd, 258734.717, 136
Trd, 258734.950, 123
Trd, 258735.000, 119
Trd, 258735.217, 105
Trd, 258735.267, 103
Trd, 258735.917, 132
Trd, 258735.983, 134
Trd, 258736.250, 111
Trd, 258736.300, 98
Trd, 258736.317, 98
Trd, 258736.400, 134
Trd, 258736.700, 133
Trd, 258736.833, 139
Trd, 258737.367, 132
Trd, 258737.583, 116
Trd, 258737.617, 106
Trd, 258737.817, 100
Trd, 258737.933, 96
Trd, 258738.050, 132
Trd, 258738.167, 92
Trd, 258738.367, 107
Trd, 258738.567, 139
Trd, 258738.783, 134
Trd, 258738.867, 121
Trd, 258738.950, 113
Trd, 258739.500, 139
Trd, 258739.700, 120
Trd, 258740.150, 138
Trd, 258740.167, 132
Trd, 258740.200, 113
Trd, 258740.683, 114
Trd, 258740.783, 113
Trd, 258740.800, 106
Trd, 258741.067, 101
Trd, 258741.900, 84
Trd, 258742.350, 122
Trd, 258742.417, 116
Trd, 258742.650, 119
Trd, 258742.967, 108
Trd, 258743.217, 108
Trd, 258743.683, 122
Trd, 258743.833, 122
Trd, 258743.850, 109
Trd, 258743.967, 106
Trd, 258744.000, 106
Trd, 258744.717, 140
Trd, 258745.117, 139
Trd, 258745.283, 138
Trd, 258745.433, 123
Trd, 258745.567, 121
Trd, 258745.600, 117
Trd, 258745.667, 116
Trd, 258745.817, 91
Trd, 258746.300, 130
Trd, 258746.767, 138
Trd, 258746.817, 130
Trd, 258747.067, 116
Trd, 258747.900, 127
Trd, 258748.033, 126
Trd, 258748.250, 118
Trd, 258748.900, 120
Trd, 258749.150, 121
Trd, 258749.317, 129
Trd, 258749.333, 128
Trd, 258749.417, 119
Trd, 258749.617, 128
Trd, 258749.717, 120
Trd, 258750.000, 118
Trd, 258750.100, 116
Trd, 258750.250, 110
Trd, 258750.333, 110
Trd, 258751.317, 123
Trd, 258751.583, 110
Trd, 258751.667, 109
Trd, 258752.467, 115
Trd, 258752.583, 114
Trd, 258752.600, 110
Trd, 258752.683, 124
Trd, 258752.700, 125
Trd, 258752.750, 104
Trd, 258752.767, 98
Trd, 258753.133, 97
Trd, 258753.883, 95
Trd, 258753.950, 95
Trd, 258754.183, 95
Trd, 258754.600, 129
Trd, 258754.983, 97
Trd, 258755.033, 96
Trd, 258755.350, 129
Trd, 258755.417, 96
Trd, 258755.717, 92
Trd, 258756.000, 137
Trd, 258756.683, 139
Trd, 258757.000, 135
Trd, 258757.033, 130
Trd, 258757.067, 126
Trd, 258757.267, 122
Trd, 258757.283, 120
Trd, 258757.350, 116
Trd, 258757.617, 115
Trd, 258757.983, 140
Trd, 258758.033, 120
Trd, 258758.167, 116
Trd, 258758.233, 114
Trd, 258758.500, 130
Trd, 258758.550, 113
Trd, 258758.650, 131
Trd, 258759.150, 117
Trd, 258759.267, 98
Trd, 258759.500, 126
Trd, 258760.100, 102
Trd, 258760.133, 139
Trd, 258760.417, 112
Trd, 258760.583, 110
Trd, 258760.700, 114
Trd, 258761.033, 118
Trd, 258761.317, 96
Trd, 258761.633, 104
Trd, 258761.667, 96
Trd, 258762.133, 119
Trd, 258762.200, 111
Trd, 258762.517, 105
Trd, 258762.667, 106
Trd, 258763.033, 103
Trd, 258763.183, 125
Trd, 258763.267, 103
Trd, 258763.500, 102
Trd, 258763.567, 95
Trd, 258763.667, 94
Trd, 258764.083, 107
Trd, 258764.100, 121
Trd, 258764.150, 123
Trd, 258764.333, 128
Trd, 258764.533, 130
Trd, 258765.033, 107
Trd, 258765.233, 104
Trd, 258765.283, 106
Trd, 258765.467, 103
Trd, 258765.617, 91
Trd, 258766.067, 127
Trd, 258766.167, 122
Trd, 258766.217, 120
Trd, 258766.383, 133
Trd, 258766.683, 120
Trd, 258766.700, 117
Trd, 258767.050, 90
Trd, 258767.067, 95
Trd, 258767.117, 96
Trd, 258767.817, 89
Trd, 258767.900, 109
Trd, 258767.950, 127
Trd, 258768.450, 114
Trd, 258768.633, 104
Trd, 258769.200, 105
Trd, 258769.300, 115
Trd, 258769.317, 103
Trd, 258770.050, 140
Trd, 258770.233, 130
Trd, 258770.900, 108
Trd, 258771.483, 140
Trd, 258771.883, 140
Trd, 258771.900, 140
Trd, 258772.183, 140
Trd, 258772.367, 127
Trd, 258772.417, 124
Trd, 258772.833, 127
Trd, 258772.967, 126
Trd, 258773.067, 118
Trd, 258773.083, 117
Trd, 258773.150, 115
Trd, 258774.117, 139
Trd, 258775.050, 137
Trd, 258775.200, 130
Trd, 258775.300, 130
Trd, 258775.317, 129
Trd, 258775.650, 128
Trd, 258775.800, 121
Trd, 258775.850, 128
Trd, 258776.133, 117
Trd, 258776.150, 130
Trd, 258776.517, 113
Trd, 258776.683, 107
Trd, 258776.700, 106
Trd, 258776.933, 106
Trd, 258777.233, 106
Trd, 258777.700, 109
Trd, 258778.300, 123
Trd, 258778.400, 124
Trd, 258778.850, 126
Trd, 258779.367, 117
Trd, 258779.433, 113
Trd, 258779.617, 111
Trd, 258779.817, 107
Trd, 258780.667, 100
Trd, 258780.767, 97
Trd, 258780.983, 94
Trd, 258781.017, 89
Trd, 258781.217, 99
Trd, 258781.400, 111
Trd, 258781.517, 112
Trd, 258781.533, 107
Trd, 258781.683, 120
Trd, 258782.300, 109
Trd, 258783.000, 106
Trd, 258783.083, 102
Trd, 258783.317, 125
Trd, 258783.600, 105
Trd, 258783.667, 138
Trd, 258783.700, 120
Trd, 258783.983, 119
Trd, 258784.150, 113
Trd, 258784.933, 131
Trd, 258784.950, 130
Trd, 258785.000, 124
Trd, 258785.167, 133
Trd, 258785.217, 122
Trd, 258785.817, 114
Trd, 258785.833, 114
Trd, 258786.133, 129
Trd, 258786.417, 129
Trd, 258786.450, 116
Trd, 258786.467, 113
Trd, 258786.550, 120
Trd, 258786.650, 112
Trd, 258786.883, 126
Trd, 258787.417, 127
Trd, 258787.467, 128
Trd, 258788.033, 126
Trd, 258788.300, 127
Trd, 258788.333, 129
Trd, 258788.400, 126
Trd, 258788.667, 122
Trd, 258788.767, 118
Trd, 258788.850, 112
Trd, 258788.950, 114
Trd, 258789.950, 105
Trd, 258790.350, 109
Trd, 258790.517, 96
Trd, 258790.567, 125
Trd, 258791.400, 128
Trd, 258791.617, 128
Trd, 258791.700, 127
Trd, 258792.167, 136
Trd, 258792.633, 135
Trd, 258792.783, 133
Trd, 258792.950, 117
Trd, 258793.183, 136
Trd, 258793.200, 116
Trd, 258793.467, 134
Trd, 258793.550, 128
Trd, 258793.667, 122
Trd, 258794.350, 127
Trd, 258794.550, 132
Trd, 258794.583, 125
Trd, 258794.733, 120
Trd, 258794.750, 133
Trd, 258795.017, 118
Trd, 258795.033, 114
Trd, 258795.767, 133
Trd, 258795.850, 136
Trd, 258795.967, 131
Trd, 258796.233, 105
Trd, 258796.300, 101
Trd, 258796.367, 111
Trd, 258796.633, 129
Trd, 258796.833, 129
Trd, 258797.117, 139
Trd, 258797.367, 120
Trd, 258798.133, 120
Trd, 258798.650, 135
Trd, 258798.883, 120
Trd, 258799.350, 121
Trd, 258799.817, 128
Trd, 258800.250, 127
Trd, 258800.317, 123
Trd, 258800.850, 117
Trd, 258801.100, 133
Trd, 258801.117, 136
Trd, 258801.583, 126
Trd, 258801.600, 137
Trd, 258801.933, 140
Trd, 258802.867, 140
Trd, 258803.000, 140
Trd, 258803.017, 139
Trd, 258803.167, 128
Trd, 258803.233, 126
Trd, 258803.383, 120
Trd, 258803.617, 117
Trd, 258803.717, 108
Trd, 258803.800, 100
Trd, 258804.183, 133
Trd, 258804.817, 138
Trd, 258805.233, 137
Trd, 258805.567, 138
Trd, 258805.733, 137
Trd, 258806.017, 140
Trd, 258806.167, 139
Trd, 258806.250, 136
Trd, 258806.350, 133
Trd, 258806.483, 128
Trd, 258806.517, 132
Trd, 258806.767, 119
Trd, 258807.450, 131
Trd, 258807.967, 123
Trd, 258808.250, 128
Trd, 258808.533, 113
Trd, 258808.650, 112
Trd, 258808.700, 134
Trd, 258808.717, 111
Trd, 258808.917, 108
Trd, 258809.150, 117
Trd, 258809.467, 119
Trd, 258809.667, 113
Trd, 258809.933, 115
Trd, 258810.183, 114
Trd, 258810.300, 113
Trd, 258810.467, 111
Trd, 258811.100, 114
Trd, 258811.300, 107
Trd, 258811.350, 123
Trd, 258811.650, 102
Trd, 258811.883, 133
Trd, 258812.400, 115
Trd, 258812.917, 115
Trd, 258813.583, 138
Trd, 258813.600, 137
Trd, 258813.617, 136
Trd, 258813.900, 140
Trd, 258813.967, 132
Trd, 258814.183, 138
Trd, 258814.233, 128
Trd, 258814.283, 140
Trd, 258814.550, 126
Trd, 258815.000, 124
Trd, 258815.217, 122
Trd, 258815.300, 111
Trd, 258815.350, 108
Trd, 258816.317, 129
Trd, 258816.350, 122
Trd, 258816.917, 133
Trd, 258817.367, 130
Trd, 258817.567, 130
Trd, 258817.617, 129
Trd, 258817.800, 136
Trd, 258817.817, 136
Trd, 258818.050, 136
Trd, 258818.217, 137
Trd, 258818.400, 138
Trd, 258818.417, 128
Trd, 258818.633, 119
Trd, 258819.283, 128
Trd, 258820.000, 122
Trd, 258820.417, 124
Trd, 258820.633, 115
Trd, 258820.650, 114
Trd, 258820.867, 111
Trd, 258821.150, 110
Trd, 258821.233, 111
Trd, 258821.500, 113
Trd, 258821.533, 124
Trd, 258821.967, 136
Trd, 258822.050, 126
Trd, 258822.250, 136
Trd, 258822.500, 135
Trd, 258822.817, 140
Trd, 258823.650, 138
Trd, 258823.867, 140
Trd, 258824.033, 138
Trd, 258824.317, 121
Trd, 258824.383, 121
Trd, 258824.700, 135
Trd, 258824.733, 126
Trd, 258824.983, 124
Trd, 258825.000, 121
Trd, 258825.133, 115
Trd, 258826.050, 120
Trd, 258826.133, 125
Trd, 258826.233, 115
Trd, 258826.383, 114
Trd, 258826.583, 99
Trd, 258826.767, 100
Trd, 258827.117, 133
Trd, 258827.400, 111
Trd, 258827.717, 102
Trd, 258827.850, 99
Trd, 258827.983, 107
Trd, 258828.000, 97
Trd, 258828.017, 96
Trd, 258828.050, 95
Trd, 258828.067, 115
Trd, 258828.350, 133
Trd, 258828.867, 138
Trd, 258829.067, 118
Trd, 258829.250, 116
Trd, 258829.667, 118
Trd, 258829.817, 117
Trd, 258829.883, 116
Trd, 258829.967, 132
Trd, 258830.450, 115
Trd, 258830.467, 115
Trd, 258830.567, 123
Trd, 258830.700, 130
Trd, 258830.717, 129
Trd, 258830.850, 128
Trd, 258831.267, 134
Trd, 258831.333, 108
Trd, 258831.750, 127
Trd, 258832.117, 133
Trd, 258832.967, 126
Trd, 258833.150, 119
Trd, 258834.067, 126
Trd, 258834.233, 113
Trd, 258834.450, 126
Trd, 258834.483, 121
Trd, 258835.117, 119
Trd, 258835.317, 102
Trd, 258835.550, 117
Trd, 258835.700, 105
Trd, 258835.850, 97
Trd, 258836.183, 97
Trd, 258836.200, 107
Trd, 258836.267, 95
Trd, 258836.800, 130
Trd, 258837.200, 133
Trd, 258837.233, 115
Trd, 258837.550, 136
Trd, 258837.650, 130
Trd, 258837.717, 113
Trd, 258837.833, 110
Trd, 258837.850, 109
Trd, 258838.450, 108
Trd, 258839.567, 131
Trd, 258839.717, 129
Trd, 258839.850, 127
Trd, 258840.217, 137
Trd, 258840.283, 125
Trd, 258840.383, 121
Trd, 258840.700, 129
Trd, 258840.750, 122
Trd, 258841.433, 133
Trd, 258841.717, 134
Trd, 258841.867, 130
Trd, 258841.933, 136
Trd, 258842.117, 129
Trd, 258842.450, 128
Trd, 258842.533, 120
Trd, 258843.133, 138
Trd, 258843.283, 136
Trd, 258844.167, 138
Trd, 258844.383, 137
Trd, 258844.417, 135
Trd, 258844.500, 129
Trd, 258844.800, 129
Trd, 258844.850, 128
Trd, 258845.017, 127
Trd, 258845.250, 137
Trd, 258845.350, 136
Trd, 258845.783, 126
Trd, 258845.967, 114
Trd, 258846.300, 114
Trd, 258846.367, 127
Trd, 258846.600, 109
Trd, 258847.017, 118
Trd, 258847.617, 125
Trd, 258847.850, 120
Trd, 258848.017, 118
Trd, 258848.617, 118
Trd, 258849.000, 118
Trd, 258849.017, 118
Trd, 258849.083, 112
Trd, 258849.200, 132
Trd, 258849.317, 120
Trd, 258850.367, 117
Trd, 258850.483, 116
Trd, 258850.817, 127
Trd, 258850.900, 111
Trd, 258850.983, 107
Trd, 258851.467, 130
Trd, 258851.717, 130
Trd, 258852.117, 126
Trd, 258852.250, 126
Trd, 258852.333, 125
Trd, 258852.350, 118
Trd, 258853.567, 140
Trd, 258853.833, 140
Trd, 258853.933, 140
Trd, 258854.000, 140
Trd, 258854.217, 138
Trd, 258854.250, 137
Trd, 258854.283, 128
Trd, 258854.983, 127
Trd, 258855.400, 130
Trd, 258855.517, 138
Trd, 258855.583, 129
Trd, 258855.700, 124
Trd, 258856.150, 140
Trd, 258856.317, 129
Trd, 258856.883, 132
Trd, 258857.033, 125
Trd, 258857.250, 125
Trd, 258857.383, 121
Trd, 258857.617, 125
Trd, 258857.650, 127
Trd, 258857.683, 113
Trd, 258857.700, 108
Trd, 258857.917, 105
Trd, 258858.367, 117
Trd, 258858.417, 102
Trd, 258858.500, 101
Trd, 258858.850, 130
Trd, 258859.017, 103
Trd, 258859.950, 132
Trd, 258860.017, 121
Trd, 258860.317, 118
Trd, 258860.383, 111
Trd, 258860.500, 110
Trd, 258860.783, 113
Trd, 258860.867, 114
Trd, 258860.933, 122
Trd, 258861.033, 109
Trd, 258861.150, 108
Trd, 258861.300, 134
Trd, 258862.133, 140
Trd, 258862.333, 138
Trd, 258862.617, 137
Trd, 258863.150, 129
Trd, 258863.383, 128
Trd, 258863.633, 125
Trd, 258863.867, 126
Trd, 258863.983, 125
Trd, 258864.000, 122
Trd, 258864.333, 119
Trd, 258864.450, 115
Trd, 258864.583, 110
Trd, 258864.617, 106
Trd, 258864.800, 121
Trd, 258865.000, 104
Trd, 258865.333, 119
Trd, 258865.750, 120
Trd, 258865.850, 119
Trd, 258866.367, 113
Trd, 258866.467, 112
Trd, 258866.517, 122
Trd, 258867.033, 115
Trd, 258867.083, 111
Trd, 258867.217, 125
Trd, 258867.317, 124
Trd, 258867.750, 137
Trd, 258867.900, 132
Trd, 258867.917, 111
Trd, 258868.433, 131
Trd, 258868.967, 134
Trd, 258869.383, 107
Trd, 258869.400, 120
Trd, 258870.517, 124
Trd, 258870.933, 123
Trd, 258870.950, 109
Trd, 258871.183, 103
Trd, 258871.317, 122
Trd, 258871.350, 99
Trd, 258871.450, 123
Trd, 258871.483, 94
Trd, 258871.550, 126
Trd, 258871.900, 118
Trd, 258872.167, 119
Trd, 258872.517, 122
Trd, 258872.633, 120
Trd, 258873.117, 119
Trd, 258873.517, 120
Trd, 258873.883, 119
Trd, 258873.900, 119
Trd, 258874.233, 113
Trd, 258874.333, 111
Trd, 258874.450, 139
Trd, 258874.867, 116
Trd, 258875.467, 124
Trd, 258876.000, 117
Trd, 258876.267, 112
Trd, 258876.517, 107
Trd, 258876.883, 110
Trd, 258877.133, 114
Trd, 258877.567, 116
Trd, 258877.817, 102
Trd, 258878.050, 103
Trd, 258878.167, 102
Trd, 258878.283, 110
Trd, 258878.300, 130
Trd, 258878.417, 92
Trd, 258878.717, 98
Trd, 258878.833, 85
Trd, 258879.083, 138
Trd, 258879.167, 135
Trd, 258879.333, 101
Trd, 258879.500, 99
Trd, 258879.550, 94
Trd, 258879.567, 84
Trd, 258879.683, 108
Trd, 258879.717, 84
Trd, 258880.283, 140
Trd, 258880.383, 140
Trd, 258880.633, 140
Trd, 258880.867, 140
Trd, 258881.000, 126
Trd, 258881.117, 124
Trd, 258881.217, 125
Trd, 258881.233, 128
Trd, 258881.467, 120
Trd, 258881.767, 130
Trd, 258882.783, 135
Trd, 258882.950, 134
Trd, 258883.117, 133
Trd, 258883.267, 123
Trd, 258883.383, 133
Trd, 258883.400, 118
Trd, 258883.450, 117
Trd, 258883.967, 133
Trd, 258884.200, 126
Trd, 258884.317, 133
Trd, 258884.517, 125
Trd, 258884.600, 121
Trd, 258885.400, 120
Trd, 258885.717, 119
Trd, 258885.783, 114
Trd, 258885.933, 112
Trd, 258886.117, 112
Trd, 258886.483, 113
Trd, 258886.917, 108
Trd, 258887.100, 122
Trd, 258887.267, 108
Trd, 258887.417, 127
Trd, 258887.867, 129
Trd, 258887.983, 131
Trd, 258888.017, 127
Trd, 258888.183, 121
Trd, 258888.767, 118
Trd, 258889.000, 111
Trd, 258889.300, 104
Trd, 258889.583, 99
Trd, 258890.633, 133
Trd, 258890.717, 126
Trd, 258890.883, 123
Trd, 258891.083, 139
Trd, 258891.317, 140
Trd, 258891.650, 137
Trd, 258891.700, 136
Trd, 258891.817, 126
Trd, 258891.883, 123
Trd, 258892.267, 129
Trd, 258892.550, 122
Trd, 258892.600, 131
Trd, 258892.717, 125
Trd, 258893.217, 134
Trd, 258894.000, 137
Trd, 258894.100, 125
Trd, 258894.133, 115
Trd, 258894.233, 111
Trd, 258894.417, 110
Trd, 258894.533, 127
Trd, 258894.650, 110
Trd, 258894.967, 109
Trd, 258895.250, 103
Trd, 258895.267, 102
Trd, 258895.500, 117
Trd, 258896.583, 96
Trd, 258896.633, 96
Trd, 258896.800, 101
Trd, 258896.950, 101
Trd, 258896.983, 95
Trd, 258897.517, 92
Trd, 258897.667, 136
Trd, 258897.683, 119
Trd, 258897.783, 89
Trd, 258897.833, 88
Trd, 258898.100, 133
Trd, 258898.450, 125
Trd, 258898.483, 122
Trd, 258899.217, 137
Trd, 258899.317, 136
Trd, 258899.517, 125
Trd, 258899.717, 137
Trd, 258899.767, 124
Trd, 258900.083, 140
Trd, 258900.233, 127
Trd, 258900.650, 134
Trd, 258900.733, 135
Trd, 258900.800, 112
Trd, 258900.867, 140
Trd, 258900.967, 112
Trd, 258901.117, 111
Trd, 258901.350, 110
Trd, 258901.717, 88
Trd, 258901.917, 125
Trd, 258902.700, 83
Trd, 258903.183, 98
Trd, 258903.417, 98
Trd, 258903.600, 96
Trd, 258903.650, 95
Trd, 258903.817, 101
Trd, 258903.933, 88
Trd, 258904.083, 103
Trd, 258904.200, 108
Trd, 258904.533, 94
Trd, 258905.100, 133
Trd, 258906.267, 99
Trd, 258906.750, 106
Trd, 258906.867, 101
Trd, 258906.900, 96
Trd, 258906.950, 108
Trd, 258907.000, 96
Trd, 258907.217, 95
Trd, 258907.250, 92
Trd, 258907.733, 105
Trd, 258907.750, 98
Trd, 258908.117, 100
Trd, 258908.800, 114
Trd, 258908.933, 115
Trd, 258909.117, 101
Trd, 258909.183, 117
Trd, 258909.200, 98
Trd, 258909.250, 95
Trd, 258909.383, 95
Trd, 258909.817, 94
Trd, 258910.083, 96
Trd, 258910.583, 101
Trd, 258910.767, 102
Trd, 258910.833, 138
Trd, 258910.950, 125
Trd, 258911.033, 107
Trd, 258911.533, 129
Trd, 258911.683, 130
Trd, 258912.167, 132
Trd, 258912.533, 139
Trd, 258913.350, 140
Trd, 258913.367, 134
Trd, 258913.433, 129
Trd, 258913.567, 123
Trd, 258913.583, 122
Trd, 258913.633, 119
Trd, 258914.133, 120
Trd, 258914.600, 131
Trd, 258914.650, 130
Trd, 258914.667, 122
Trd, 258915.117, 130
Trd, 258915.633, 130
Trd, 258915.833, 133
Trd, 258916.167, 131
Trd, 258916.333, 130
Trd, 258916.433, 129
Trd, 258917.517, 135
Trd, 258917.583, 138
Trd, 258917.850, 134
Trd, 258918.017, 125
Trd, 258918.050, 123
Trd, 258918.200, 135
Trd, 258918.250, 119
Trd, 258919.317, 140
Trd, 258919.600, 139
Trd, 258920.117, 139
Trd, 258920.167, 138
Trd, 258920.200, 138
Trd, 258920.450, 137
Trd, 258920.933, 134
Trd, 258920.950, 127
Trd, 258921.100, 123
Trd, 258921.400, 135
Trd, 258921.433, 127
Trd, 258921.533, 123
Trd, 258921.683, 121
Trd, 258921.700, 136
Trd, 258922.000, 119
Trd, 258922.100, 114
Trd, 258922.700, 108
Trd, 258923.067, 108
Trd, 258923.083, 110
Trd, 258923.250, 108
Trd, 258923.650, 124
Trd, 258923.667, 107
Trd, 258924.017, 105
Trd, 258924.517, 125
Trd, 258924.533, 109
Trd, 258924.650, 108
Trd, 258924.933, 98
Trd, 258925.300, 104
Trd, 258925.683, 98
Trd, 258926.050, 97
Trd, 258926.100, 101
Trd, 258926.250, 108
Trd, 258926.583, 97
Trd, 258926.783, 91
Trd, 258926.967, 115
Trd, 258927.200, 122
Trd, 258927.433, 113
Trd, 258927.550, 94
Trd, 258928.150, 119
Trd, 258928.250, 123
Trd, 258928.417, 96
Trd, 258928.533, 119
Trd, 258928.783, 127
Trd, 258929.033, 123
Trd, 258929.083, 116
Trd, 258929.750, 126
Trd, 258929.783, 111
Trd, 258930.133, 106
Trd, 258930.233, 106
Trd, 258930.267, 105
Trd, 258930.333, 110
Trd, 258930.567, 98
Trd, 258930.750, 136
Trd, 258931.650, 136
Trd, 258932.383, 119
Trd, 258932.467, 130
Trd, 258932.850, 130
Trd, 258932.967, 114
Trd, 258933.117, 136
Trd, 258933.183, 112
Trd, 258933.283, 124
Trd, 258933.700, 135
Trd, 258933.750, 130
Trd, 258933.950, 130
Trd, 258934.033, 130
Trd, 258934.317, 129
Trd, 258934.367, 128
Trd, 258934.617, 125
Trd, 258934.633, 111
Trd, 258934.800, 138
Trd, 258934.817, 109
Trd, 258934.833, 139
Trd, 258935.433, 99
Trd, 258935.667, 102
Trd, 258936.467, 130
Trd, 258936.550, 123
Trd, 258936.800, 123
Trd, 258937.200, 135
Trd, 258937.550, 135
Trd, 258937.667, 134
Trd, 258937.817, 127
Trd, 258938.150, 123
Trd, 258938.200, 122
Trd, 258938.283, 118
Trd, 258938.533, 115
Trd, 258938.767, 137
Trd, 258939.583, 138
Trd, 258939.833, 125
Trd, 258939.933, 117
Trd, 258940.067, 116
Trd, 258940.283, 139
Trd, 258940.467, 115
Trd, 258940.517, 111
Trd, 258940.617, 107
Trd, 258940.667, 106
Trd, 258940.783, 121
Trd, 258940.800, 122
Trd, 258940.867, 100
Trd, 258941.567, 104
Trd, 258942.200, 125
Trd, 258942.233, 98
Trd, 258942.700, 134
Trd, 258943.617, 137
Trd, 258944.267, 140
Trd, 258944.283, 139
Trd, 258944.417, 133
Trd, 258944.617, 128
Trd, 258945.200, 130
Trd, 258945.633, 135
Trd, 258946.000, 131
Trd, 258946.100, 129
Trd, 258946.200, 133
Trd, 258946.267, 125
Trd, 258946.433, 120
Trd, 258946.500, 134
Trd, 258946.533, 111
Trd, 258946.633, 112
Trd, 258946.767, 111
Trd, 258947.000, 131
Trd, 258947.333, 134
Trd, 258947.567, 116
Trd, 258947.600, 114
Trd, 258947.900, 110
Trd, 258948.367, 132
Trd, 258948.400, 139
Trd, 258949.300, 131
Trd, 258949.817, 125
Trd, 258949.867, 134
Trd, 258950.467, 132
Trd, 258950.750, 130
Trd, 258950.983, 129
Trd, 258951.033, 135
Trd, 258951.250, 132
Trd, 258951.300, 123
Trd, 258951.467, 128
Trd, 258952.133, 136
Trd, 258952.417, 132
Trd, 258952.583, 114
Trd, 258952.883, 123
Trd, 258952.950, 120
Trd, 258953.417, 130
Trd, 258953.833, 140
Trd, 258954.733, 140
Trd, 258954.767, 140
Trd, 258954.933, 133
Trd, 258955.100, 133
Trd, 258955.133, 123
Trd, 258955.483, 139
Trd, 258955.500, 124
Trd, 258956.133, 123
Trd, 258956.200, 122
Trd, 258956.267, 121
Trd, 258956.300, 121
Trd, 258956.333, 121
Trd, 258956.633, 119
Trd, 258957.100, 116
Trd, 258957.317, 111
Trd, 258957.433, 110
Trd, 258957.967, 132
Trd, 258958.167, 124
Trd, 258958.483, 124
Trd, 258958.533, 123
Trd, 258958.833, 123
Trd, 258958.917, 132
Trd, 258959.150, 122
Trd, 258959.733, 118
Trd, 258959.783, 128
Trd, 258959.833, 133
Trd, 258959.967, 116
Trd, 258960.583, 112
Trd, 258960.650, 109
Trd, 258960.667, 105
Trd, 258960.883, 114
Trd, 258961.350, 105
Trd, 258961.467, 104
Trd, 258961.800, 103
Trd, 258961.833, 102
Trd, 258961.933, 96
Trd, 258962.117, 114
Trd, 258962.267, 117
Trd, 258962.350, 114
Trd, 258962.367, 113
Trd, 258962.667, 124
Trd, 258963.267, 116
Trd, 258963.517, 92
Trd, 258963.817, 137
Trd, 258964.100, 137
Trd, 258964.733, 136
Trd, 258965.000, 138
Trd, 258965.317, 136
Trd, 258965.550, 134
Trd, 258965.667, 128
Trd, 258966.350, 118
Trd, 258966.750, 136
Trd, 258966.850, 133
Trd, 258967.167, 140
Trd, 258967.217, 140
Trd, 258967.233, 139
Trd, 258967.417, 126
Trd, 258967.550, 119
Trd, 258967.750, 104
Trd, 258967.967, 123
Trd, 258968.117, 136
Trd, 258968.550, 121
Trd, 258968.783, 96
Trd, 258969.100, 104
Trd, 258969.183, 108
Trd, 258969.767, 111
Trd, 258969.850, 122
Trd, 258969.883, 94
Trd, 258970.633, 129
Trd, 258970.917, 129
Trd, 258971.467, 122
Trd, 258971.483, 122
Trd, 258971.917, 124
Trd, 258972.133, 113
Trd, 258972.350, 112
Trd, 258972.400, 125
Trd, 258972.583, 110
Trd, 258972.817, 109
Trd, 258973.050, 108
Trd, 258973.217, 104
Trd, 258973.250, 103
Trd, 258973.550, 103
Trd, 258973.700, 124
Trd, 258974.217, 118
Trd, 258974.233, 104
Trd, 258974.733, 115
Trd, 258974.800, 104
Trd, 258974.917, 126
Trd, 258975.000, 103
Trd, 258975.117, 99
Trd, 258975.300, 127
Trd, 258975.667, 118
Trd, 258975.750, 110
Trd, 258976.250, 108
Trd, 258976.683, 127
Trd, 258976.800, 112
Trd, 258977.183, 127
Trd, 258977.417, 136
Trd, 258977.700, 126
Trd, 258978.167, 134
Trd, 258978.233, 114
Trd, 258978.433, 115
Trd, 258978.533, 104
Trd, 258978.717, 100
Trd, 258979.050, 122
Trd, 258979.817, 132
Trd, 258980.383, 117
Trd, 258980.583, 134
Trd, 258980.683, 112
Trd, 258980.700, 126
Trd, 258981.133, 124
Trd, 258981.417, 123
Trd, 258981.700, 109
Trd, 258982.267, 129
Trd, 258982.383, 122
Trd, 258982.467, 121
Trd, 258982.650, 130
Trd, 258982.867, 120
Trd, 258983.250, 133
Trd, 258983.417, 121
Trd, 258983.433, 119
Trd, 258983.583, 111
Trd, 258983.650, 116
Trd, 258983.817, 110
Trd, 258983.900, 107
Trd, 258983.917, 103
Trd, 258984.333, 99
Trd, 258984.350, 90
Trd, 258984.483, 105
Trd, 258984.617, 80
Trd, 258984.783, 74
Trd, 258985.150, 82
Trd, 258986.133, 140
Trd, 258986.433, 140
Trd, 258986.850, 127
Trd, 258986.883, 123
Trd, 258986.900, 122
Trd, 258987.850, 114
Trd, 258987.867, 114
Trd, 258988.200, 113
Trd, 258988.367, 111
Trd, 258988.433, 118
Trd, 258988.583, 136
Trd, 258988.700, 116
Trd, 258988.917, 130
Trd, 258989.033, 131
Trd, 258989.383, 129
Trd, 258989.850, 117
Trd, 258990.300, 119
Trd, 258990.883, 115
Trd, 258990.983, 114
Trd, 258991.767, 124
Trd, 258991.950, 123
Trd, 258992.283, 130
Trd, 258992.417, 129
Trd, 258992.517, 127
Trd, 258992.683, 118
Trd, 258992.867, 116
Trd, 258992.900, 133
Trd, 258993.667, 140
Trd, 258993.750, 140
Trd, 258993.867, 140
Trd, 258994.233, 136
Trd, 258994.550, 137
Trd, 258994.617, 125
Trd, 258994.683, 120
Trd, 258994.817, 123
Trd, 258995.050, 138
Trd, 258995.233, 118
Trd, 258995.683, 116
Trd, 258996.367, 135
Trd, 258996.600, 122
Trd, 258996.750, 129
Trd, 258996.967, 125
Trd, 258997.167, 126
Trd, 258997.200, 125
Trd, 258997.383, 124
Trd, 258997.450, 115
Trd, 258998.000, 120
Trd, 258998.400, 121
Trd, 258998.900, 133
Trd, 258999.083, 140
Trd, 258999.417, 135
Trd, 258999.633, 136
Trd, 259000.283, 137
Trd, 259000.300, 135
Trd, 259000.350, 134
Trd, 259000.517, 132
Trd, 259000.850, 126
Trd, 259000.883, 118
Trd, 259000.950, 117
Trd, 259001.050, 114
Trd, 259001.617, 140
Trd, 259002.033, 130
Trd, 259002.183, 112
Trd, 259002.200, 107
Trd, 259002.333, 106
Trd, 259002.617, 138
Trd, 259002.917, 114
Trd, 259002.950, 107
Trd, 259004.217, 125
Trd, 259004.267, 125
Trd, 259004.483, 125
Trd, 259004.517, 122
Trd, 259004.683, 121
Trd, 259004.800, 123
Trd, 259004.983, 118
Trd, 259005.050, 114
Trd, 259005.133, 123
Trd, 259005.167, 113
Trd, 259005.183, 126
Trd, 259005.467, 127
Trd, 259005.617, 113
Trd, 259005.667, 107
Trd, 259005.733, 104
Trd, 259006.000, 101
Trd, 259006.033, 103
Trd, 259006.050, 121
Trd, 259006.317, 77
Trd, 259006.833, 133
Trd, 259007.583, 140
Trd, 259007.750, 138
Trd, 259009.150, 137
Trd, 259009.167, 136
Trd, 259009.217, 135
Trd, 259010.267, 137
Trd, 259010.317, 132
Trd, 259010.500, 132
Trd, 259010.550, 131
Trd, 259010.617, 116
Trd, 259011.400, 140
Trd, 259011.517, 136
Trd, 259011.683, 128
Trd, 259011.817, 120
Trd, 259012.033, 117
Trd, 259012.450, 137
Trd, 259012.533, 128
Trd, 259012.750, 134
Trd, 259013.100, 136
Trd, 259013.183, 120
Trd, 259014.433, 135
Trd, 259014.533, 124
Trd, 259014.600, 123
Trd, 259014.817, 124
Trd, 259014.850, 123
Trd, 259014.950, 115
Trd, 259015.083, 113
Trd, 259015.183, 113
Trd, 259015.333, 116
Trd, 259015.550, 115
Trd, 259015.633, 114
Trd, 259015.900, 121
Trd, 259015.917, 120
Trd, 259016.517, 111
Trd, 259016.750, 111
Trd, 259017.200, 132
Trd, 259017.450, 105
Trd, 259017.483, 100
Trd, 259017.583, 112
Trd, 259017.717, 99
Trd, 259017.967, 99
Trd, 259018.117, 129
Trd, 259018.350, 99
Trd, 259018.367, 130
Trd, 259018.583, 99
Trd, 259018.783, 124
Trd, 259018.917, 97
Trd, 259019.100, 129
Trd, 259019.250, 83
Trd, 259019.967, 113
Trd, 259020.000, 121
Trd, 259020.083, 107
Trd, 259020.633, 133
Trd, 259020.833, 124
Trd, 259021.133, 136
Trd, 259021.550, 133
Trd, 259021.950, 120
Trd, 259022.117, 116
Trd, 259022.300, 104
Trd, 259023.000, 124
Trd, 259023.033, 130
Trd, 259023.100, 115
Trd, 259023.400, 105
Trd, 259023.967, 110
Trd, 259024.117, 103
Trd, 259024.150, 130
Trd, 259024.450, 133
Trd, 259024.783, 117
Trd, 259025.183, 139
Trd, 259025.317, 137
Trd, 259025.367, 136
Trd, 259025.383, 135
Trd, 259025.583, 134
Trd, 259025.850, 133
Trd, 259025.983, 116
Trd, 259026.267, 110
Trd, 259026.833, 105
Trd, 259026.867, 112
Trd, 259026.983, 112
Trd, 259027.117, 100
Trd, 259027.300, 130
Trd, 259027.400, 90
Trd, 259027.533, 108
Trd, 259027.600, 96
Trd, 259027.883, 133
Trd, 259028.067, 118
Trd, 259028.467, 106
Trd, 259028.517, 106
Trd, 259028.767, 113
Trd, 259029.150, 96
Trd, 259029.717, 115
Trd, 259029.900, 99
Trd, 259030.183, 99
Trd, 259030.267, 131
Trd, 259030.283, 98
Trd, 259031.033, 126
Trd, 259031.167, 122
Trd, 259031.267, 119
Trd, 259031.317, 138
Trd, 259031.367, 118
Trd, 259032.500, 122
Trd, 259032.683, 122
Trd, 259033.067, 126
Trd, 259033.150, 121
Trd, 259033.183, 115
Trd, 259033.333, 126
Trd, 259033.467, 133
Trd, 259033.550, 111
Trd, 259033.850, 110
Trd, 259033.933, 105
Trd, 259034.300, 109
Trd, 259035.317, 134
Trd, 259035.517, 132
Trd, 259035.800, 126
Trd, 259035.983, 123
Trd, 259036.167, 138
Trd, 259036.333, 123
Trd, 259036.883, 122
Trd, 259036.933, 116
Trd, 259037.250, 121
Trd, 259037.733, 121
Trd, 259037.817, 136
Trd, 259037.850, 119
Trd, 259038.167, 120
Trd, 259038.567, 135
Trd, 259038.983, 129
Trd, 259039.383, 125
Trd, 259039.633, 117
Trd, 259039.850, 137
Trd, 259040.100, 137
Trd, 259040.117, 123
Trd, 259040.583, 131
Trd, 259040.950, 119
Trd, 259041.267, 122
Trd, 259041.283, 116
Trd, 259041.700, 125
Trd, 259042.250, 120
Trd, 259042.617, 128
Trd, 259042.867, 126
Trd, 259043.583, 113
Trd, 259043.600, 113
Trd, 259043.800, 133
Trd, 259043.900, 125
Trd, 259044.200, 115
Trd, 259044.400, 114
Trd, 259044.533, 112
Trd, 259044.767, 110
Trd, 259044.950, 106
Trd, 259045.033, 102
Trd, 259045.100, 139
Trd, 259045.117, 101
Trd, 259045.733, 128
Trd, 259045.983, 120
Trd, 259046.100, 119
Trd, 259046.167, 109
Trd, 259046.633, 95
Trd, 259046.800, 85
Trd, 259047.367, 126
Trd, 259047.450, 125
Trd, 259047.533, 90
Trd, 259048.133, 136
Trd, 259048.200, 111
Trd, 259048.833, 136
Trd, 259048.900, 135
Trd, 259048.950, 116
Trd, 259049.033, 137
Trd, 259049.067, 105
Trd, 259049.167, 139
Trd, 259049.467, 126
Trd, 259049.533, 121
Trd, 259050.217, 130
Trd, 259050.583, 129
Trd, 259050.617, 126
Trd, 259050.967, 123
Trd, 259051.083, 122
Trd, 259051.150, 116
Trd, 259051.250, 111
Trd, 259051.633, 101
Trd, 259051.750, 99
Trd, 259052.217, 130
Trd, 259052.233, 108
Trd, 259053.050, 140
Trd, 259053.417, 109
Trd, 259053.683, 105
Trd, 259054.267, 140
Trd, 259054.367, 130
Trd, 259054.417, 121
Trd, 259054.467, 81
Trd, 259055.267, 134
Trd, 259055.450, 134
Trd, 259055.533, 136
Trd, 259055.917, 137
Trd, 259056.433, 136
Trd, 259056.700, 139
Trd, 259056.933, 140
Trd, 259057.150, 133
Trd, 259057.483, 119
Trd, 259057.500, 118
Trd, 259057.683, 131
Trd, 259057.867, 120
Trd, 259058.117, 118
Trd, 259058.150, 105
Trd, 259058.467, 105
Trd, 259058.567, 128
Trd, 259058.983, 98
Trd, 259059.183, 129
Trd, 259059.417, 122
Trd, 259059.867, 127
Trd, 259060.550, 109
Trd, 259060.600, 113
Trd, 259060.633, 108
Trd, 259060.900, 106
Trd, 259060.917, 99
Trd, 259061.750, 115
Trd, 259062.183, 121
Trd, 259062.333, 120
Trd, 259062.433, 115
Trd, 259062.750, 109
Trd, 259062.967, 109
Trd, 259063.000, 108
Trd, 259063.083, 113
Trd, 259063.283, 113
Trd, 259063.400, 114
Trd, 259063.467, 98
Trd, 259064.250, 124
Trd, 259064.800, 136
Trd, 259065.083, 129
Trd, 259065.100, 129
Trd, 259065.400, 125
Trd, 259065.783, 126
Trd, 259066.050, 129
Trd, 259066.133, 128
Trd, 259066.200, 127
Trd, 259066.233, 119
Trd, 259066.600, 113
Trd, 259066.617, 113
Trd, 259066.667, 111
Trd, 259066.917, 107
Trd, 259067.117, 113
Trd, 259067.167, 103
Trd, 259067.183, 102
Trd, 259067.267, 99
Trd, 259067.317, 114
Trd, 259067.500, 94
Trd, 259068.017, 68
Trd, 259068.133, 110
Trd, 259068.383, 109
Trd, 259068.700, 95
Trd, 259069.583, 133
Trd, 259069.817, 133
Trd, 259069.900, 132
Trd, 259070.067, 131
Trd, 259070.150, 131
Trd, 259070.200, 130
Trd, 259070.250, 123
Trd, 259070.333, 136
Trd, 259070.500, 123
Trd, 259070.717, 123
Trd, 259070.750, 118
Trd, 259070.833, 109
Trd, 259071.350, 139
Trd, 259071.650, 137
Trd, 259072.017, 133
Trd, 259072.033, 137
Trd, 259072.250, 136
Trd, 259072.383, 130
Trd, 259072.517, 96
Trd, 259072.700, 135
Trd, 259073.367, 115
Trd, 259073.733, 125
Trd, 259074.083, 108
Trd, 259074.283, 104
Trd, 259074.433, 105
Trd, 259075.150, 139
Trd, 259075.517, 138
Trd, 259075.550, 130
Trd, 259076.083, 133
Trd, 259076.183, 132
Trd, 259076.583, 120
Trd, 259077.050, 128
Trd, 259077.300, 119
Trd, 259077.500, 113
Trd, 259077.517, 110
Trd, 259077.650, 98
Trd, 259077.850, 116
Trd, 259077.917, 113
Trd, 259077.950, 130
Trd, 259078.217, 99
Trd, 259078.250, 98
Trd, 259079.050, 135
Trd, 259079.333, 134
Trd, 259079.567, 128
Trd, 259079.683, 125
Trd, 259079.717, 116
Trd, 259080.483, 131
Trd, 259081.033, 133
Trd, 259081.800, 121
Trd, 259081.833, 120
Trd, 259081.850, 134
Trd, 259082.500, 136
Trd, 259082.767, 138
Trd, 259082.817, 127
Trd, 259082.933, 118
Trd, 259083.333, 138
Trd, 259083.833, 134
Trd, 259083.850, 120
Trd, 259084.000, 119
Trd, 259084.167, 135
Trd, 259084.217, 124
Trd, 259084.267, 118
Trd, 259084.500, 118
Trd, 259084.983, 140
Trd, 259085.583, 138
Trd, 259085.667, 137
Trd, 259085.683, 136
Trd, 259086.000, 122
Trd, 259086.767, 123
Trd, 259086.850, 122
Trd, 259086.900, 121
Trd, 259087.000, 131
Trd, 259087.200, 140
Trd, 259087.833, 140
Trd, 259088.333, 128
Trd, 259088.783, 125
Trd, 259089.083, 139
Trd, 259089.150, 137
Trd, 259089.667, 136
Trd, 259089.750, 128
Trd, 259090.150, 132
Trd, 259090.683, 125
Trd, 259090.750, 120
Trd, 259090.767, 118
Trd, 259091.000, 114
Trd, 259091.233, 113
Trd, 259091.583, 112
Trd, 259091.650, 129
Trd, 259092.617, 130
Trd, 259092.800, 132
Trd, 259092.967, 131
Trd, 259093.367, 124
Trd, 259093.533, 133
Trd, 259093.850, 127
Trd, 259094.317, 139
Trd, 259094.467, 138
Trd, 259094.900, 125
Trd, 259095.083, 121
Trd, 259095.300, 126
Trd, 259095.417, 121
Trd, 259095.517, 120
Trd, 259095.617, 119
Trd, 259095.883, 138
Trd, 259096.067, 132
Trd, 259096.383, 117
Trd, 259096.683, 113
Trd, 259096.883, 111
Trd, 259096.933, 119
Trd, 259097.700, 116
Trd, 259098.400, 115
Trd, 259098.750, 116
Trd, 259098.883, 114
Trd, 259099.417, 113
Trd, 259099.583, 112
Trd, 259099.617, 132
Trd, 259099.767, 136
Trd, 259100.133, 106
Trd, 259100.350, 131
Trd, 259100.583, 122
Trd, 259100.650, 121
Trd, 259100.800, 119
Trd, 259101.833, 139
Trd, 259101.883, 134
Trd, 259102.183, 129
Trd, 259102.433, 129
Trd, 259102.517, 127
Trd, 259102.583, 124
Trd, 259103.150, 140
Trd, 259103.433, 130
Trd, 259103.767, 136
Trd, 259104.067, 134
Trd, 259104.200, 134
Trd, 259104.217, 133
Trd, 259104.600, 129
Trd, 259105.267, 129
Trd, 259105.300, 127
Trd, 259105.350, 117
Trd, 259105.550, 135
Trd, 259106.100, 114
Trd, 259106.433, 119
Trd, 259107.167, 137
Trd, 259107.467, 136
Trd, 259107.850, 132
Trd, 259108.150, 137
Trd, 259108.167, 132
Trd, 259108.333, 131
Trd, 259108.600, 130
Trd, 259108.833, 130
Trd, 259109.050, 125
Trd, 259109.117, 115
Trd, 259109.150, 113
Trd, 259109.283, 109
Trd, 259109.383, 103
Trd, 259109.850, 137
Trd, 259109.950, 133
Trd, 259110.217, 99
Trd, 259110.700, 138
Trd, 259110.783, 131
Trd, 259110.933, 122
Trd, 259111.000, 122
Trd, 259111.167, 131
Trd, 259111.417, 118
Trd, 259111.833, 113
Trd, 259112.150, 130
Trd, 259112.400, 128
Trd, 259112.583, 120
Trd, 259113.133, 129
Trd, 259113.533, 124
Trd, 259113.800, 128
Trd, 259114.133, 130
Trd, 259114.267, 124
Trd, 259114.367, 123
Trd, 259114.467, 121
Trd, 259114.483, 116
Trd, 259114.550, 112
Trd, 259114.617, 109
Trd, 259114.933, 107
Trd, 259115.100, 91
Trd, 259115.317, 91
Trd, 259115.683, 105
Trd, 259115.750, 125
Trd, 259116.417, 125
Trd, 259116.517, 119
Trd, 259116.600, 126
Trd, 259116.983, 120
Trd, 259117.017, 131
Trd, 259117.267, 118
Trd, 259117.517, 109
Trd, 259117.550, 109
Trd, 259117.667, 106
Trd, 259117.767, 99
Trd, 259118.117, 101
Trd, 259118.317, 107
Trd, 259118.417, 138
Trd, 259118.800, 127
Trd, 259119.083, 140
Trd, 259119.150, 140
Trd, 259119.233, 130
Trd, 259119.417, 135
Trd, 259120.000, 131
Trd, 259120.317, 125
Trd, 259120.350, 124
Trd, 259120.650, 125
Trd, 259120.833, 114
Trd, 259120.900, 123
Trd, 259120.933, 118
Trd, 259121.000, 98
Trd, 259121.433, 131
Trd, 259122.067, 105
Trd, 259122.233, 106
Trd, 259122.300, 105
Trd, 259122.400, 101
Trd, 259122.850, 138
Trd, 259123.667, 139
Trd, 259124.017, 134
Trd, 259124.217, 138
Trd, 259124.233, 128
Trd, 259124.467, 127
Trd, 259124.733, 117
Trd, 259124.933, 125
Trd, 259125.083, 127
Trd, 259125.100, 124
Trd, 259125.667, 134
Trd, 259125.683, 133
Trd, 259126.033, 127
Trd, 259126.533, 130
Trd, 259126.883, 130
Trd, 259127.317, 129
Trd, 259127.417, 124
Trd, 259127.483, 122
Trd, 259127.650, 128
Trd, 259127.667, 116
Trd, 259127.933, 122
Trd, 259128.067, 114
Trd, 259128.267, 106
Trd, 259128.367, 107
Trd, 259128.400, 106
Trd, 259128.483, 93
Trd, 259129.000, 131
Trd, 259129.217, 133
Trd, 259129.283, 132
Trd, 259129.683, 116
Trd, 259130.217, 137
Trd, 259130.250, 136
Trd, 259130.617, 130
Trd, 259131.167, 129
Trd, 259131.583, 131
Trd, 259131.700, 134
Trd, 259131.817, 123
Trd, 259131.983, 115
Trd, 259132.367, 137
Trd, 259132.450, 116
Trd, 259132.550, 111
Trd, 259132.750, 140
Trd, 259133.233, 138
Trd, 259133.483, 113
Trd, 259133.717, 133
Trd, 259133.850, 108
Trd, 259133.883, 102
Trd, 259134.050, 129
Trd, 259134.350, 103
Trd, 259134.433, 106
Trd, 259134.800, 131
Trd, 259134.933, 139
Trd, 259135.067, 130
Trd, 259135.167, 122
Trd, 259135.967, 117
Trd, 259136.533, 134
Trd, 259136.583, 128
Trd, 259136.933, 120
Trd, 259137.100, 119
Trd, 259137.317, 109
Trd, 259137.417, 131
Trd, 259138.367, 121
Trd, 259138.600, 131
Trd, 259138.617, 124
Trd, 259138.850, 125
Trd, 259139.150, 120
Trd, 259139.433, 119
Trd, 259140.267, 135
Trd, 259140.600, 125
Trd, 259140.967, 125
Trd, 259140.983, 123
Trd, 259141.100, 120
Trd, 259141.267, 136
Trd, 259141.783, 115
Trd, 259142.100, 116
Trd, 259142.250, 122
Trd, 259142.600, 122
Trd, 259142.717, 119
Trd, 259142.733, 117
Trd, 259142.967, 119
Trd, 259143.650, 112
Trd, 259143.750, 113
Trd, 259143.817, 111
Trd, 259143.867, 108
Trd, 259144.233, 104
Trd, 259144.350, 104
Trd, 259144.417, 103
Trd, 259144.517, 110
Trd, 259145.117, 108
Trd, 259145.133, 95
Trd, 259145.483, 109
Trd, 259145.683, 105
Trd, 259145.783, 100
Trd, 259145.833, 133
Trd, 259145.917, 101
Trd, 259146.200, 138
Trd, 259146.383, 109
Trd, 259146.417, 106
Trd, 259146.933, 130
Trd, 259147.100, 129
Trd, 259147.450, 123
Trd, 259147.933, 123
Trd, 259148.133, 123
Trd, 259148.283, 122
Trd, 259148.433, 121
Trd, 259148.500, 110
Trd, 259148.617, 109
Trd, 259149.083, 102
Trd, 259149.167, 120
Trd, 259149.217, 121
Trd, 259149.350, 101
Trd, 259149.533, 99
Trd, 259150.033, 139
Trd, 259150.083, 133
Trd, 259150.200, 139
Trd, 259150.367, 110
Trd, 259150.850, 112
Trd, 259151.017, 125
Trd, 259151.583, 124
Trd, 259151.617, 116
Trd, 259151.650, 112
Trd, 259151.750, 109
Trd, 259152.167, 127
Trd, 259152.383, 96
Trd, 259152.533, 136
Trd, 259152.717, 133
Trd, 259153.067, 121
Trd, 259153.400, 117
Trd, 259153.683, 109
Trd, 259153.867, 118
Trd, 259153.900, 108
Trd, 259154.033, 107
Trd, 259154.083, 118
Trd, 259154.233, 120
Trd, 259154.683, 113
Trd, 259154.950, 104
Trd, 259155.317, 130
Trd, 259155.533, 139
Trd, 259156.250, 138
Trd, 259156.400, 137
Trd, 259156.817, 138
Trd, 259157.167, 125
Trd, 259157.217, 126
Trd, 259157.600, 123
Trd, 259157.850, 138
Trd, 259157.867, 118
Trd, 259157.983, 117
Trd, 259158.167, 117
Trd, 259159.400, 139
Trd, 259159.417, 138
Trd, 259159.517, 137
Trd, 259159.867, 137
Trd, 259159.917, 124
Trd, 259160.017, 124
Trd, 259160.167, 121
Trd, 259160.500, 127
Trd, 259160.850, 120
Trd, 259160.950, 139
Trd, 259161.083, 121
Trd, 259161.583, 140
Trd, 259161.633, 133
Trd, 259162.133, 129
Trd, 259162.333, 128
Trd, 259162.767, 123
Trd, 259162.917, 122
Trd, 259163.550, 131
Trd, 259164.067, 135
Trd, 259164.283, 134
Trd, 259164.367, 120
Trd, 259164.467, 140
Trd, 259164.767, 127
Trd, 259164.800, 126
Trd, 259165.050, 120
Trd, 259165.117, 114
Trd, 259165.500, 112
Trd, 259165.550, 103
Trd, 259165.650, 93
Trd, 259165.983, 89
Trd, 259166.000, 87
Trd, 259166.233, 119
Trd, 259166.583, 82
Trd, 259166.650, 80
Trd, 259167.417, 93
Trd, 259167.567, 105
Trd, 259167.817, 107
Trd, 259167.917, 133
Trd, 259168.200, 114
Trd, 259168.650, 109
Trd, 259168.717, 107
Trd, 259169.000, 127
Trd, 259169.100, 121
Trd, 259169.133, 120
Trd, 259169.617, 125
Trd, 259169.667, 124
Trd, 259169.767, 131
Trd, 259170.100, 105
Trd, 259170.283, 100
Trd, 259170.600, 103
Trd, 259170.617, 98
Trd, 259170.650, 127
Trd, 259170.683, 96
Trd, 259171.517, 140
Trd, 259172.000, 140
Trd, 259172.050, 139
Trd, 259172.267, 128
Trd, 259172.300, 122
Trd, 259172.783, 127
Trd, 259173.067, 122
Trd, 259173.367, 132
Trd, 259173.400, 126
Trd, 259173.483, 109
Trd, 259174.367, 128
Trd, 259175.083, 137
Trd, 259175.367, 137
Trd, 259175.583, 136
Trd, 259175.667, 134
Trd, 259175.717, 134
Trd, 259175.800, 128
Trd, 259175.817, 127
Trd, 259175.883, 126
Trd, 259175.933, 124
Trd, 259176.183, 123
Trd, 259176.200, 120
Trd, 259176.400, 136
Trd, 259176.567, 137
Trd, 259176.633, 135
Trd, 259177.200, 138
Trd, 259177.500, 136
Trd, 259178.167, 140
Trd, 259178.217, 135
Trd, 259178.567, 137
Trd, 259178.683, 132
Trd, 259179.533, 133
Trd, 259179.950, 133
Trd, 259179.967, 128
Trd, 259180.083, 127
Trd, 259180.433, 121
Trd, 259180.967, 129
Trd, 259181.067, 122
Trd, 259181.133, 134
Trd, 259181.400, 112
Trd, 259181.567, 135
Trd, 259181.633, 112
Trd, 259181.650, 112
Trd, 259181.833, 127
Trd, 259182.217, 115
Trd, 259182.400, 109
Trd, 259182.750, 121
Trd, 259182.933, 100
Trd, 259183.017, 98
Trd, 259183.067, 135
Trd, 259183.417, 118
Trd, 259183.517, 127
Trd, 259184.267, 130
Trd, 259184.300, 127
Trd, 259184.683, 124
Trd, 259184.700, 122
Trd, 259185.367, 123
Trd, 259185.483, 123
Trd, 259185.567, 122
Trd, 259185.600, 116
Trd, 259185.800, 114
Trd, 259186.383, 120
Trd, 259186.667, 140
Trd, 259186.817, 140
Trd, 259187.083, 140
Trd, 259187.233, 138
Trd, 259187.683, 139
Trd, 259187.767, 127
Trd, 259187.817, 122
Trd, 259188.217, 122
Trd, 259188.367, 118
Trd, 259188.983, 135
Trd, 259189.400, 139
Trd, 259189.517, 138
Trd, 259189.900, 136
Trd, 259189.983, 129
Trd, 259190.150, 138
Trd, 259190.300, 126
Trd, 259190.333, 119
Trd, 259190.350, 118
Trd, 259190.583, 112
Trd, 259190.750, 126
Trd, 259190.767, 99
Trd, 259191.200, 123
Trd, 259191.733, 114
Trd, 259192.267, 137
Trd, 259192.950, 114
Trd, 259193.250, 133
Trd, 259193.267, 108
Trd, 259193.383, 106
Trd, 259193.700, 106
Trd, 259193.717, 103
Trd, 259193.750, 97
Trd, 259193.917, 123
Trd, 259194.017, 139
Trd, 259194.300, 106
Trd, 259194.433, 93
Trd, 259194.500, 91
Trd, 259194.567, 80
Trd, 259195.067, 106
Trd, 259195.567, 64
Trd, 259196.117, 126
Trd, 259196.150, 125
Trd, 259196.700, 131
Trd, 259197.167, 138
Trd, 259197.267, 127
Trd, 259197.883, 140
Trd, 259198.050, 140
Trd, 259198.150, 133
Trd, 259198.267, 139
Trd, 259198.700, 132
Trd, 259199.000, 135
Trd, 259199.183, 128
Trd, 259199.200, 123
Trd, 259199.267, 116
Trd, 259199.450, 140
Trd, 259199.700, 115
