Trd, 258593.900, 105
Trd, 258594.183, 136
Trd, 258594.800, 132
Trd, 258595.233, 139
Trd, 258595.533, 109
Trd, 258595.583, 128
Trd, 258595.817, 107
Trd, 258595.833, 128
Trd, 258596.300, 105
Trd, 258596.783, 108
Trd, 258597.000, 104
Trd, 258597.033, 121
Trd, 258597.183, 118
Trd, 258597.333, 122
Trd, 258597.367, 123
Trd, 258597.517, 125
Trd, 258597.617, 127
Trd, 258597.767, 115
Trd, 258597.933, 115
Trd, 258598.283, 114
Trd, 258598.300, 112
Trd, 258598.317, 88
Trd, 258598.533, 87
Trd, 258598.550, 74
Trd, 258599.767, 140
Trd, 258600.467, 140
Trd, 258600.583, 140
Trd, 258600.700, 140
Trd, 258600.800, 140
Trd, 258600.833, 140
Trd, 258600.917, 140
Trd, 258600.933, 140
Trd, 258601.233, 140
Trd, 258601.267, 139
Trd, 258601.533, 133
Trd, 258601.550, 130
Trd, 258601.850, 117
Trd, 258602.050, 125
Trd, 258602.167, 129
Trd, 258602.217, 111
Trd, 258602.300, 102
Trd, 258602.483, 92
Trd, 258602.550, 92
Trd, 258602.717, 101
Trd, 258602.817, 101
Trd, 258602.833, 102
Trd, 258602.983, 103
Trd, 258603.100, 91
Trd, 258603.517, 128
Trd, 258603.700, 89
Trd, 258603.950, 127
Trd, 258604.367, 115
Trd, 258604.600, 92
Trd, 258604.833, 120
Trd, 258604.850, 121
Trd, 258605.033, 121
Trd, 258605.083, 122
Trd, 258605.450, 101
Trd, 258605.783, 140
Trd, 258605.933, 140
Trd, 258606.117, 107
Trd, 258606.517, 140
Trd, 258606.617, 140
Trd, 258606.650, 138
Trd, 258607.033, 140
Trd, 258607.467, 132
Trd, 258607.483, 131
Trd, 258608.000, 140
Trd, 258608.250, 132
Trd, 258608.733, 140
Trd, 258608.800, 140
Trd, 258608.817, 140
Trd, 258609.367, 140
Trd, 258609.433, 140
Trd, 258609.733, 140
Trd, 258609.750, 137
Trd, 258610.350, 140
Trd, 258610.417, 139
Trd, 258610.900, 135
Trd, 258611.433, 127
Trd, 258611.450, 126
Trd, 258611.467, 133
Trd, 258611.483, 119
Trd, 258612.300, 124
Trd, 258612.333, 102
Trd, 258612.550, 100
Trd, 258612.600, 100
Trd, 258612.900, 118
Trd, 258613.317, 102
Trd, 258613.383, 119
Trd, 258613.433, 120
Trd, 258613.533, 138
Trd, 258614.100, 130
Trd, 258614.367, 109
Trd, 258614.683, 109
Trd, 258615.217, 125
Trd, 258615.550, 125
Trd, 258615.700, 117
Trd, 258616.167, 121
Trd, 258616.300, 121
Trd, 258616.333, 120
Trd, 258616.433, 121
Trd, 258616.533, 119
Trd, 258616.600, 117
Trd, 258616.700, 110
Trd, 258616.750, 103
Trd, 258617.117, 132
Trd, 258617.317, 96
Trd, 258617.600, 130
Trd, 258617.717, 133
Trd, 258617.917, 93
Trd, 258618.217, 94
Trd, 258618.833, 83
Trd, 258619.217, 89
Trd, 258619.550, 93
Trd, 258619.800, 92
Trd, 258619.833, 91
Trd, 258619.883, 91
Trd, 258620.083, 84
Trd, 258620.133, 92
Trd, 258620.333, 82
Trd, 258620.433, 91
Trd, 258620.450, 92
Trd, 258620.550, 95
Trd, 258620.883, 90
Trd, 258621.083, 81
Trd, 258621.367, 81
Trd, 258621.533, 86
Trd, 258621.650, 86
Trd, 258621.783, 86
Trd, 258621.817, 81
Trd, 258621.983, 83
Trd, 258622.183, 83
Trd, 258622.433, 70
Trd, 258622.550, 65
Trd, 258622.750, 83
Trd, 258622.800, 84
Trd, 258622.933, 85
Trd, 258623.750, 91
Trd, 258623.817, 92
Trd, 258624.400, 90
Trd, 258624.550, 89
Trd, 258624.783, 77
Trd, 258624.850, 101
Trd, 258624.933, 103
Trd, 258625.250, 104
Trd, 258625.300, 90
Trd, 258625.483, 104
Trd, 258625.600, 107
Trd, 258625.933, 99
Trd, 258625.967, 124
Trd, 258626.367, 74
Trd, 258626.617, 140
Trd, 258626.717, 86
Trd, 258626.933, 140
Trd, 258627.350, 106
Trd, 258627.517, 96
Trd, 258627.867, 110
Trd, 258628.050, 110
Trd, 258628.267, 109
Trd, 258628.433, 87
Trd, 258628.517, 86
Trd, 258628.633, 110
Trd, 258628.750, 111
Trd, 258629.000, 113
Trd, 258629.467, 111
Trd, 258629.700, 112
Trd, 258629.767, 114
Trd, 258630.017, 108
Trd, 258630.350, 138
Trd, 258630.917, 140
Trd, 258631.100, 137
Trd, 258631.333, 136
Trd, 258631.717, 139
Trd, 258632.050, 138
Trd, 258632.117, 138
Trd, 258632.133, 137
Trd, 258632.150, 134
Trd, 258632.250, 129
Trd, 258632.617, 122
Trd, 258632.850, 139
Trd, 258634.267, 123
Trd, 258634.383, 104
Trd, 258634.717, 119
Trd, 258634.867, 119
Trd, 258635.050, 106
Trd, 258635.133, 105
Trd, 258635.150, 119
Trd, 258635.400, 104
Trd, 258635.583, 119
Trd, 258635.950, 119
Trd, 258636.100, 117
Trd, 258636.150, 118
Trd, 258636.167, 109
Trd, 258636.300, 117
Trd, 258636.400, 118
Trd, 258636.517, 119
Trd, 258636.833, 116
Trd, 258637.000, 115
Trd, 258637.367, 133
Trd, 258637.567, 134
Trd, 258637.917, 135
Trd, 258638.033, 134
Trd, 258638.150, 139
Trd, 258638.467, 125
Trd, 258638.600, 134
Trd, 258638.900, 127
Trd, 258639.133, 131
Trd, 258639.267, 131
Trd, 258639.700, 132
Trd, 258639.917, 132
Trd, 258640.250, 123
Trd, 258640.700, 131
Trd, 258640.833, 133
Trd, 258640.967, 133
Trd, 258641.083, 129
Trd, 258641.250, 138
Trd, 258641.350, 122
Trd, 258641.533, 120
Trd, 258641.700, 118
Trd, 258641.717, 109
Trd, 258642.083, 99
Trd, 258642.150, 95
Trd, 258642.567, 94
Trd, 258642.667, 94
Trd, 258642.717, 93
Trd, 258642.783, 92
Trd, 258642.867, 91
Trd, 258643.517, 140
Trd, 258643.600, 139
Trd, 258643.650, 140
Trd, 258643.983, 138
Trd, 258644.267, 92
Trd, 258644.317, 94
Trd, 258644.383, 96
Trd, 258645.350, 100
Trd, 258645.667, 60
Trd, 258645.800, 60
Trd, 258645.883, 60
Trd, 258646.517, 60
Trd, 258646.683, 60
Trd, 258646.783, 60
Trd, 258647.133, 60
Trd, 258647.400, 60
Trd, 258647.417, 62
Trd, 258647.567, 65
Trd, 258647.667, 92
Trd, 258647.750, 77
Trd, 258647.950, 103
Trd, 258648.217, 80
Trd, 258648.367, 80
Trd, 258648.383, 78
Trd, 258648.733, 77
Trd, 258649.233, 75
Trd, 258649.567, 75
Trd, 258649.583, 78
Trd, 258649.633, 127
Trd, 258649.817, 74
Trd, 258650.400, 133
Trd, 258650.433, 132
Trd, 258650.933, 140
Trd, 258651.017, 121
Trd, 258651.100, 120
Trd, 258652.017, 140
Trd, 258652.133, 140
Trd, 258652.750, 140
Trd, 258652.800, 140
Trd, 258653.233, 140
Trd, 258653.317, 140
Trd, 258653.433, 140
Trd, 258653.767, 139
Trd, 258653.850, 134
Trd, 258654.333, 138
Trd, 258654.583, 112
Trd, 258654.933, 131
Trd, 258655.267, 116
Trd, 258655.683, 120
Trd, 258655.750, 119
Trd, 258655.850, 117
Trd, 258656.117, 117
Trd, 258656.250, 119
Trd, 258656.450, 117
Trd, 258656.483, 118
Trd, 258656.667, 119
Trd, 258656.767, 117
Trd, 258657.067, 113
Trd, 258657.167, 120
Trd, 258657.233, 102
Trd, 258657.300, 101
Trd, 258657.400, 119
Trd, 258657.433, 120
Trd, 258657.633, 122
Trd, 258658.150, 107
Trd, 258658.500, 105
Trd, 258659.133, 95
Trd, 258659.367, 123
Trd, 258659.483, 127
Trd, 258659.500, 106
Trd, 258659.767, 128
Trd, 258660.133, 129
Trd, 258660.800, 126
Trd, 258661.150, 126
Trd, 258661.250, 125
Trd, 258661.750, 123
Trd, 258661.933, 122
Trd, 258662.133, 119
Trd, 258662.167, 122
Trd, 258662.233, 118
Trd, 258662.483, 118
Trd, 258662.667, 117
Trd, 258662.700, 116
Trd, 258662.983, 117
Trd, 258663.033, 114
Trd, 258663.050, 118
Trd, 258663.117, 110
Trd, 258663.200, 119
Trd, 258663.217, 120
Trd, 258663.250, 91
Trd, 258663.267, 81
Trd, 258663.350, 74
Trd, 258663.517, 72
Trd, 258663.700, 101
Trd, 258664.217, 105
Trd, 258664.917, 110
Trd, 258665.167, 109
Trd, 258665.183, 94
Trd, 258665.250, 111
Trd, 258665.683, 106
Trd, 258665.800, 110
Trd, 258665.867, 109
Trd, 258666.000, 90
Trd, 258666.017, 89
Trd, 258666.117, 88
Trd, 258666.617, 113
Trd, 258666.950, 111
Trd, 258667.217, 111
Trd, 258667.450, 111
Trd, 258667.817, 105
Trd, 258667.883, 112
Trd, 258668.000, 138
Trd, 258668.333, 116
Trd, 258668.517, 116
Trd, 258668.550, 115
Trd, 258668.767, 116
Trd, 258669.417, 95
Trd, 258669.467, 94
Trd, 258669.483, 97
Trd, 258669.750, 113
Trd, 258669.767, 139
Trd, 258669.850, 125
Trd, 258671.000, 133
Trd, 258671.083, 112
Trd, 258671.217, 140
Trd, 258671.683, 139
Trd, 258671.850, 139
Trd, 258672.283, 140
Trd, 258672.317, 140
Trd, 258672.367, 139
Trd, 258672.567, 139
Trd, 258672.667, 140
Trd, 258672.767, 139
Trd, 258672.817, 137
Trd, 258672.833, 112
Trd, 258673.233, 112
Trd, 258673.500, 122
Trd, 258673.550, 113
Trd, 258673.583, 109
Trd, 258673.700, 137
Trd, 258673.867, 107
Trd, 258673.883, 101
Trd, 258674.000, 138
Trd, 258674.583, 139
Trd, 258675.033, 113
Trd, 258675.133, 135
Trd, 258675.250, 103
Trd, 258676.300, 123
Trd, 258676.400, 101
Trd, 258677.000, 123
Trd, 258677.150, 124
Trd, 258677.417, 114
Trd, 258677.500, 125
Trd, 258677.583, 126
Trd, 258677.767, 113
Trd, 258677.900, 126
Trd, 258677.950, 112
Trd, 258678.150, 104
Trd, 258678.400, 103
Trd, 258678.550, 124
Trd, 258678.667, 125
Trd, 258678.867, 119
Trd, 258678.883, 123
Trd, 258679.300, 121
Trd, 258679.683, 121
Trd, 258679.867, 120
Trd, 258679.883, 122
Trd, 258680.000, 114
Trd, 258680.033, 127
Trd, 258680.250, 96
Trd, 258680.400, 95
Trd, 258680.467, 92
Trd, 258680.750, 117
Trd, 258680.783, 118
Trd, 258681.050, 117
Trd, 258681.683, 91
Trd, 258681.883, 111
Trd, 258682.233, 113
Trd, 258682.267, 93
Trd, 258682.617, 113
Trd, 258682.683, 110
Trd, 258682.883, 111
Trd, 258683.200, 111
Trd, 258683.367, 104
Trd, 258683.450, 97
Trd, 258683.567, 113
Trd, 258684.550, 140
Trd, 258684.750, 131
Trd, 258685.583, 140
Trd, 258685.783, 140
Trd, 258686.300, 140
Trd, 258686.333, 140
Trd, 258686.467, 140
Trd, 258686.483, 140
Trd, 258686.550, 115
Trd, 258686.583, 129
Trd, 258686.750, 107
Trd, 258687.083, 132
Trd, 258687.133, 123
Trd, 258687.367, 133
Trd, 258687.533, 135
Trd, 258687.750, 111
Trd, 258687.900, 121
Trd, 258688.250, 123
Trd, 258688.267, 122
Trd, 258688.433, 125
Trd, 258688.750, 111
Trd, 258688.767, 110
Trd, 258689.117, 125
Trd, 258689.317, 122
Trd, 258689.417, 111
Trd, 258689.483, 106
Trd, 258689.883, 105
Trd, 258690.100, 121
Trd, 258690.217, 121
Trd, 258690.467, 122
Trd, 258690.750, 97
Trd, 258690.917, 97
Trd, 258690.983, 98
Trd, 258691.467, 99
Trd, 258691.483, 100
Trd, 258692.150, 128
Trd, 258692.200, 100
Trd, 258692.283, 99
Trd, 258692.483, 98
Trd, 258692.667, 140
Trd, 258693.050, 139
Trd, 258693.133, 139
Trd, 258693.367, 140
Trd, 258693.750, 140
Trd, 258693.783, 140
Trd, 258693.933, 140
Trd, 258694.117, 140
Trd, 258694.333, 140
Trd, 258694.583, 139
Trd, 258694.600, 139
Trd, 258694.617, 138
Trd, 258694.833, 139
Trd, 258695.267, 137
Trd, 258695.367, 136
Trd, 258695.617, 135
Trd, 258695.717, 134
Trd, 258695.783, 135
Trd, 258695.883, 136
Trd, 258696.050, 118
Trd, 258696.800, 121
Trd, 258697.250, 120
Trd, 258697.333, 119
Trd, 258697.417, 118
Trd, 258697.917, 128
Trd, 258698.617, 129
Trd, 258698.700, 127
Trd, 258698.717, 126
Trd, 258698.767, 127
Trd, 258698.900, 126
Trd, 258699.117, 125
Trd, 258699.350, 123
Trd, 258699.517, 129
Trd, 258699.600, 130
Trd, 258699.767, 123
Trd, 258700.233, 124
Trd, 258700.267, 122
Trd, 258700.283, 126
Trd, 258700.967, 116
Trd, 258701.167, 114
Trd, 258701.300, 107
Trd, 258701.400, 97
Trd, 258701.533, 109
Trd, 258701.983, 98
Trd, 258702.167, 110
Trd, 258702.250, 101
Trd, 258702.267, 95
Trd, 258702.300, 94
Trd, 258702.467, 98
Trd, 258702.500, 99
Trd, 258702.983, 64
Trd, 258703.100, 65
Trd, 258703.150, 91
Trd, 258703.767, 120
Trd, 258703.983, 119
Trd, 258704.167, 116
Trd, 258704.300, 121
Trd, 258705.000, 76
Trd, 258705.033, 74
Trd, 258705.200, 131
Trd, 258705.383, 76
Trd, 258705.783, 121
Trd, 258705.850, 120
Trd, 258706.067, 124
Trd, 258706.133, 78
Trd, 258706.517, 60
Trd, 258706.600, 60
Trd, 258706.633, 60
Trd, 258706.667, 60
Trd, 258706.717, 60
Trd, 258706.750, 60
Trd, 258706.917, 65
Trd, 258707.033, 62
Trd, 258707.100, 65
Trd, 258707.150, 61
Trd, 258707.417, 66
Trd, 258707.933, 65
Trd, 258708.017, 67
Trd, 258708.450, 73
Trd, 258708.700, 126
Trd, 258708.767, 77
Trd, 258708.800, 75
Trd, 258708.917, 69
Trd, 258709.417, 71
Trd, 258709.517, 72
Trd, 258709.567, 73
Trd, 258709.600, 74
Trd, 258709.917, 90
Trd, 258710.200, 140
Trd, 258710.283, 140
Trd, 258710.550, 109
Trd, 258710.950, 140
Trd, 258710.983, 140
Trd, 258711.567, 138
Trd, 258711.600, 75
Trd, 258712.150, 136
Trd, 258712.217, 131
Trd, 258712.317, 127
Trd, 258712.333, 133
Trd, 258712.467, 136
Trd, 258713.067, 107
Trd, 258713.167, 107
Trd, 258713.350, 106
Trd, 258713.433, 140
Trd, 258713.617, 129
Trd, 258714.533, 109
Trd, 258714.733, 128
Trd, 258715.383, 139
Trd, 258715.517, 138
Trd, 258715.667, 139
Trd, 258715.833, 140
Trd, 258716.067, 135
Trd, 258716.100, 129
Trd, 258716.183, 136
Trd, 258716.283, 96
Trd, 258716.367, 94
Trd, 258716.950, 91
Trd, 258717.000, 105
Trd, 258717.067, 106
Trd, 258717.417, 106
Trd, 258717.800, 103
Trd, 258717.950, 104
Trd, 258718.017, 105
Trd, 258718.033, 93
Trd, 258718.683, 137
Trd, 258719.133, 140
Trd, 258719.850, 140
Trd, 258719.983, 140
Trd, 258720.400, 140
Trd, 258720.483, 140
Trd, 258720.717, 140
Trd, 258720.733, 140
Trd, 258720.850, 137
Trd, 258720.983, 117
Trd, 258721.117, 138
Trd, 258721.200, 138
Trd, 258721.700, 110
Trd, 258721.967, 109
Trd, 258722.133, 105
Trd, 258722.250, 111
Trd, 258722.333, 105
Trd, 258722.633, 104
Trd, 258722.683, 109
Trd, 258722.750, 110
Trd, 258722.917, 117
Trd, 258723.067, 100
Trd, 258723.167, 120
Trd, 258723.383, 130
Trd, 258723.550, 132
Trd, 258723.800, 100
Trd, 258723.967, 93
Trd, 258724.033, 92
Trd, 258724.250, 93
Trd, 258724.400, 99
Trd, 258724.467, 92
Trd, 258724.633, 84
Trd, 258724.650, 80
Trd, 258725.350, 94
Trd, 258725.417, 95
Trd, 258725.500, 96
Trd, 258725.533, 98
Trd, 258725.917, 100
Trd, 258726.100, 94
Trd, 258726.117, 93
Trd, 258726.183, 100
Trd, 258726.283, 92
Trd, 258726.550, 98
Trd, 258726.817, 82
Trd, 258726.950, 82
Trd, 258727.150, 78
Trd, 258727.200, 83
Trd, 258727.550, 64
Trd, 258728.033, 64
Trd, 258728.367, 60
Trd, 258728.633, 61
Trd, 258728.817, 62
Trd, 258728.917, 112
Trd, 258729.383, 86
Trd, 258729.550, 65
Trd, 258729.683, 91
Trd, 258729.783, 63
Trd, 258730.200, 115
Trd, 258730.517, 130
Trd, 258730.850, 134
Trd, 258731.217, 140
Trd, 258731.283, 140
Trd, 258731.433, 140
Trd, 258731.817, 139
Trd, 258731.867, 135
Trd, 258731.950, 139
Trd, 258732.167, 130
Trd, 258732.450, 112
Trd, 258732.500, 111
Trd, 258732.717, 97
Trd, 258732.917, 98
Trd, 258732.967, 99
Trd, 258733.967, 140
Trd, 258734.100, 139
Trd, 258734.317, 118
Trd, 258734.383, 96
Trd, 258734.783, 138
Trd, 258734.800, 140
Trd, 258735.000, 98
Trd, 258735.067, 98
Trd, 258735.767, 100
Trd, 258736.067, 100
Trd, 258736.333, 124
Trd, 258736.450, 125
Trd, 258736.650, 122
Trd, 258737.033, 127
Trd, 258737.217, 125
Trd, 258737.250, 124
Trd, 258737.267, 126
Trd, 258737.517, 126
Trd, 258737.750, 124
Trd, 258737.950, 119
Trd, 258737.967, 113
Trd, 258738.100, 82
Trd, 258738.200, 120
Trd, 258738.317, 82
Trd, 258738.533, 121
Trd, 258738.583, 104
Trd, 258738.783, 81
Trd, 258738.883, 117
Trd, 258739.000, 70
Trd, 258739.350, 69
Trd, 258739.900, 110
Trd, 258740.050, 110
Trd, 258740.283, 74
Trd, 258740.683, 109
Trd, 258740.767, 86
Trd, 258740.983, 85
Trd, 258741.017, 110
Trd, 258742.150, 140
Trd, 258742.233, 140
Trd, 258742.283, 140
Trd, 258742.333, 131
Trd, 258742.883, 117
Trd, 258742.900, 108
Trd, 258743.283, 139
Trd, 258744.250, 106
Trd, 258744.433, 134
Trd, 258744.567, 106
Trd, 258744.733, 132
Trd, 258744.750, 133
Trd, 258744.800, 105
Trd, 258744.867, 103
Trd, 258745.150, 89
Trd, 258745.750, 74
Trd, 258745.900, 131
Trd, 258746.067, 132
Trd, 258746.650, 96
Trd, 258746.700, 106
Trd, 258746.883, 101
Trd, 258746.917, 102
Trd, 258747.200, 92
Trd, 258747.267, 100
Trd, 258747.483, 94
Trd, 258747.683, 93
Trd, 258747.700, 99
Trd, 258747.767, 100
Trd, 258747.833, 102
Trd, 258747.967, 92
Trd, 258748.233, 102
Trd, 258748.267, 109
Trd, 258748.483, 109
Trd, 258748.750, 92
Trd, 258748.767, 110
Trd, 258749.000, 121
Trd, 258749.733, 140
Trd, 258749.767, 140
Trd, 258750.033, 122
Trd, 258750.617, 99
Trd, 258751.033, 98
Trd, 258751.200, 140
Trd, 258751.367, 100
Trd, 258751.667, 140
Trd, 258752.200, 138
Trd, 258752.333, 139
Trd, 258752.467, 138
Trd, 258752.567, 140
Trd, 258752.783, 138
Trd, 258752.833, 136
Trd, 258752.950, 136
Trd, 258753.050, 138
Trd, 258753.600, 131
Trd, 258753.800, 130
Trd, 258753.950, 134
Trd, 258754.317, 130
Trd, 258754.367, 111
Trd, 258754.483, 119
Trd, 258755.000, 119
Trd, 258755.033, 129
Trd, 258755.583, 126
Trd, 258755.767, 118
Trd, 258755.833, 120
Trd, 258755.883, 120
Trd, 258755.900, 121
Trd, 258756.017, 117
Trd, 258756.050, 116
Trd, 258756.217, 122
Trd, 258756.267, 123
Trd, 258756.317, 110
Trd, 258756.383, 109
Trd, 258756.533, 106
Trd, 258756.617, 129
Trd, 258756.867, 111
Trd, 258756.950, 109
Trd, 258757.400, 82
Trd, 258757.617, 74
Trd, 258757.700, 131
Trd, 258757.967, 132
Trd, 258758.183, 76
Trd, 258759.733, 140
Trd, 258759.933, 139
Trd, 258760.083, 138
Trd, 258760.300, 140
Trd, 258760.450, 140
Trd, 258760.483, 140
Trd, 258760.533, 137
Trd, 258760.633, 132
Trd, 258760.950, 129
Trd, 258761.033, 128
Trd, 258761.317, 128
Trd, 258761.417, 127
Trd, 258761.967, 122
Trd, 258762.017, 112
Trd, 258762.117, 122
Trd, 258762.183, 121
Trd, 258762.300, 121
Trd, 258762.517, 121
Trd, 258762.533, 107
Trd, 258762.583, 92
Trd, 258763.033, 116
Trd, 258763.133, 116
Trd, 258763.183, 117
Trd, 258763.417, 116
Trd, 258763.733, 116
Trd, 258763.950, 117
Trd, 258763.967, 118
Trd, 258764.000, 116
Trd, 258764.050, 82
Trd, 258764.167, 117
Trd, 258764.217, 70
Trd, 258764.367, 88
Trd, 258764.583, 89
Trd, 258765.700, 139
Trd, 258765.800, 140
Trd, 258766.367, 138
Trd, 258766.617, 137
Trd, 258766.667, 139
Trd, 258766.867, 139
Trd, 258767.233, 126
Trd, 258767.267, 125
Trd, 258767.367, 122
Trd, 258767.400, 120
Trd, 258767.517, 131
Trd, 258767.650, 132
Trd, 258767.733, 134
Trd, 258767.917, 123
Trd, 258768.250, 126
Trd, 258768.350, 130
Trd, 258768.417, 109
Trd, 258768.483, 102
Trd, 258769.150, 131
Trd, 258769.283, 129
Trd, 258769.383, 128
Trd, 258769.617, 131
Trd, 258770.050, 128
Trd, 258770.150, 127
Trd, 258770.367, 127
Trd, 258770.417, 126
Trd, 258770.667, 126
Trd, 258771.300, 127
Trd, 258771.850, 140
Trd, 258772.050, 137
Trd, 258772.133, 136
Trd, 258772.150, 128
Trd, 258772.400, 125
Trd, 258772.667, 139
Trd, 258772.750, 139
Trd, 258773.000, 121
Trd, 258773.150, 116
Trd, 258773.467, 103
Trd, 258774.000, 89
Trd, 258774.583, 114
Trd, 258774.750, 139
Trd, 258775.417, 140
Trd, 258775.567, 139
Trd, 258775.700, 139
Trd, 258775.717, 137
Trd, 258775.767, 135
Trd, 258776.050, 131
Trd, 258776.150, 136
Trd, 258776.200, 118
Trd, 258776.900, 132
Trd, 258776.917, 135
Trd, 258776.967, 110
Trd, 258777.067, 121
Trd, 258777.317, 125
Trd, 258777.400, 136
Trd, 258777.650, 110
Trd, 258777.667, 108
Trd, 258777.983, 118
Trd, 258778.117, 117
Trd, 258778.183, 115
Trd, 258778.633, 130
Trd, 258779.117, 128
Trd, 258779.667, 128
Trd, 258779.750, 127
Trd, 258779.933, 125
Trd, 258780.000, 124
Trd, 258780.150, 126
Trd, 258780.217, 121
Trd, 258780.517, 107
Trd, 258780.967, 106
Trd, 258781.767, 109
Trd, 258781.950, 122
Trd, 258781.983, 123
Trd, 258782.033, 114
Trd, 258782.083, 108
Trd, 258782.200, 88
Trd, 258782.650, 88
Trd, 258782.700, 116
Trd, 258783.067, 113
Trd, 258783.117, 106
Trd, 258783.150, 115
Trd, 258783.200, 116
Trd, 258783.367, 114
Trd, 258783.500, 115
Trd, 258783.567, 116
Trd, 258783.617, 118
Trd, 258783.650, 120
Trd, 258783.850, 113
Trd, 258783.950, 118
Trd, 258784.283, 112
Trd, 258784.483, 113
Trd, 258784.783, 116
Trd, 258784.850, 99
Trd, 258784.933, 106
Trd, 258784.950, 98
Trd, 258785.383, 116
Trd, 258785.450, 118
Trd, 258785.500, 121
Trd, 258786.133, 140
Trd, 258786.417, 140
Trd, 258786.533, 122
Trd, 258786.750, 128
Trd, 258787.233, 140
Trd, 258787.283, 123
Trd, 258787.417, 124
Trd, 258788.367, 130
Trd, 258789.000, 133
Trd, 258789.067, 133
Trd, 258789.250, 133
Trd, 258789.300, 131
Trd, 258789.333, 130
Trd, 258789.600, 129
Trd, 258789.733, 128
Trd, 258790.167, 125
Trd, 258790.450, 107
Trd, 258790.550, 111
Trd, 258790.600, 111
Trd, 258790.800, 110
Trd, 258791.033, 111
Trd, 258791.267, 106
Trd, 258791.517, 109
Trd, 258791.783, 108
Trd, 258791.817, 107
Trd, 258791.867, 109
Trd, 258791.883, 89
Trd, 258791.917, 110
Trd, 258792.067, 74
Trd, 258793.017, 77
Trd, 258793.317, 77
Trd, 258793.383, 79
Trd, 258793.433, 72
Trd, 258793.450, 71
Trd, 258793.517, 124
Trd, 258794.417, 140
Trd, 258794.567, 140
Trd, 258794.800, 140
Trd, 258795.017, 140
Trd, 258795.300, 140
Trd, 258795.467, 140
Trd, 258795.667, 139
Trd, 258795.767, 140
Trd, 258796.400, 137
Trd, 258796.450, 136
Trd, 258796.567, 135
Trd, 258796.733, 120
Trd, 258796.917, 131
Trd, 258797.100, 130
Trd, 258797.117, 131
Trd, 258797.300, 114
Trd, 258797.350, 129
Trd, 258797.383, 113
Trd, 258797.433, 112
Trd, 258797.567, 113
Trd, 258797.600, 107
Trd, 258797.733, 114
Trd, 258797.783, 87
Trd, 258799.350, 114
Trd, 258799.683, 114
Trd, 258799.783, 112
Trd, 258800.400, 113
Trd, 258800.483, 112
Trd, 258800.717, 114
Trd, 258800.783, 114
Trd, 258800.983, 115
Trd, 258801.750, 140
Trd, 258801.883, 140
Trd, 258801.950, 140
Trd, 258802.050, 140
Trd, 258802.150, 140
Trd, 258802.917, 140
Trd, 258802.950, 140
Trd, 258802.983, 140
Trd, 258803.267, 139
Trd, 258803.467, 139
Trd, 258803.567, 139
Trd, 258803.600, 138
Trd, 258803.850, 132
Trd, 258803.933, 123
Trd, 258803.950, 116
Trd, 258803.967, 109
Trd, 258803.983, 129
Trd, 258804.367, 130
Trd, 258804.583, 108
Trd, 258804.750, 97
Trd, 258805.033, 97
Trd, 258805.233, 84
Trd, 258805.433, 110
Trd, 258805.617, 119
Trd, 258805.633, 122
Trd, 258806.000, 111
Trd, 258806.633, 107
Trd, 258806.900, 106
Trd, 258807.417, 104
Trd, 258807.450, 112
Trd, 258807.483, 103
Trd, 258807.733, 106
Trd, 258808.033, 105
Trd, 258808.100, 106
Trd, 258808.250, 109
Trd, 258808.317, 110
Trd, 258808.350, 100
Trd, 258808.633, 97
Trd, 258808.817, 97
Trd, 258808.883, 108
Trd, 258809.033, 88
Trd, 258809.117, 109
Trd, 258809.250, 109
Trd, 258809.467, 100
Trd, 258809.683, 111
Trd, 258810.817, 134
Trd, 258811.067, 138
Trd, 258811.217, 133
Trd, 258811.500, 132
Trd, 258811.650, 127
Trd, 258811.700, 116
Trd, 258811.783, 115
Trd, 258812.067, 107
Trd, 258812.250, 128
Trd, 258812.267, 106
Trd, 258812.383, 101
Trd, 258813.183, 120
Trd, 258813.267, 108
Trd, 258813.483, 107
Trd, 258813.533, 120
Trd, 258813.550, 121
Trd, 258813.633, 121
Trd, 258813.767, 106
Trd, 258813.850, 100
Trd, 258814.117, 117
Trd, 258814.200, 119
Trd, 258814.317, 92
Trd, 258814.750, 90
Trd, 258815.267, 105
Trd, 258815.450, 140
Trd, 258816.350, 140
Trd, 258816.433, 140
Trd, 258816.450, 140
Trd, 258816.483, 140
Trd, 258817.117, 131
Trd, 258817.633, 140
Trd, 258818.367, 140
Trd, 258818.667, 140
Trd, 258819.033, 140
Trd, 258819.133, 140
Trd, 258819.217, 140
Trd, 258819.600, 140
Trd, 258819.683, 137
Trd, 258819.950, 135
Trd, 258820.350, 134
Trd, 258820.650, 130
Trd, 258820.733, 125
Trd, 258821.000, 124
Trd, 258821.267, 128
Trd, 258821.350, 128
Trd, 258821.483, 128
Trd, 258821.583, 109
Trd, 258822.067, 121
Trd, 258822.083, 106
Trd, 258822.217, 94
Trd, 258822.500, 112
Trd, 258822.783, 93
Trd, 258823.183, 114
Trd, 258823.233, 115
Trd, 258823.717, 108
Trd, 258824.200, 92
Trd, 258824.350, 109
Trd, 258824.567, 109
Trd, 258824.633, 93
Trd, 258824.650, 109
Trd, 258824.717, 110
Trd, 258824.767, 111
Trd, 258825.017, 109
Trd, 258825.383, 100
Trd, 258825.417, 99
Trd, 258825.950, 104
Trd, 258825.967, 91
Trd, 258826.400, 101
Trd, 258827.017, 98
Trd, 258827.217, 96
Trd, 258828.017, 103
Trd, 258828.100, 102
Trd, 258828.133, 101
Trd, 258828.217, 103
Trd, 258828.467, 101
Trd, 258828.500, 99
Trd, 258828.717, 99
Trd, 258828.733, 100
Trd, 258828.883, 101
Trd, 258829.067, 101
Trd, 258829.383, 102
Trd, 258829.400, 101
Trd, 258829.533, 103
Trd, 258830.100, 140
Trd, 258830.300, 127
Trd, 258830.317, 100
Trd, 258830.367, 95
Trd, 258830.467, 108
Trd, 258830.717, 125
Trd, 258830.867, 122
Trd, 258831.200, 125
Trd, 258831.617, 125
Trd, 258831.700, 109
Trd, 258831.800, 108
Trd, 258832.050, 122
Trd, 258832.300, 123
Trd, 258832.333, 107
Trd, 258833.217, 99
Trd, 258833.300, 118
Trd, 258833.417, 100
Trd, 258833.650, 118
Trd, 258833.700, 119
Trd, 258833.983, 99
Trd, 258834.150, 120
Trd, 258834.200, 122
Trd, 258834.233, 124
Trd, 258834.650, 91
Trd, 258835.400, 90
Trd, 258835.583, 91
Trd, 258835.617, 89
Trd, 258835.667, 88
Trd, 258835.717, 86
Trd, 258835.800, 90
Trd, 258836.117, 91
Trd, 258836.217, 84
Trd, 258836.617, 75
Trd, 258837.150, 114
Trd, 258837.167, 115
Trd, 258837.433, 72
Trd, 258837.667, 87
Trd, 258837.950, 79
Trd, 258838.000, 112
Trd, 258838.667, 101
Trd, 258838.683, 112
Trd, 258838.850, 113
Trd, 258839.200, 108
Trd, 258839.233, 107
Trd, 258839.317, 118
Trd, 258839.717, 109
Trd, 258839.733, 106
Trd, 258840.000, 105
Trd, 258840.083, 140
Trd, 258840.100, 105
Trd, 258840.933, 129
Trd, 258840.950, 128
Trd, 258841.733, 131
Trd, 258841.917, 130
Trd, 258841.967, 129
Trd, 258842.333, 130
Trd, 258842.533, 130
Trd, 258842.583, 129
Trd, 258842.700, 125
Trd, 258842.800, 129
Trd, 258843.150, 117
Trd, 258843.200, 118
Trd, 258843.217, 131
Trd, 258843.383, 115
Trd, 258844.100, 98
Trd, 258844.150, 97
Trd, 258844.950, 95
Trd, 258845.033, 94
Trd, 258845.400, 103
Trd, 258845.467, 101
Trd, 258845.550, 102
Trd, 258845.600, 103
Trd, 258845.633, 94
Trd, 258845.750, 92
Trd, 258845.950, 105
Trd, 258846.217, 61
Trd, 258846.250, 62
Trd, 258846.717, 62
Trd, 258847.083, 60
Trd, 258847.200, 62
Trd, 258847.217, 64
Trd, 258847.367, 65
Trd, 258847.417, 93
Trd, 258848.000, 108
Trd, 258848.033, 92
Trd, 258848.150, 110
Trd, 258848.567, 109
Trd, 258849.183, 102
Trd, 258849.217, 110
Trd, 258849.250, 100
Trd, 258849.900, 123
Trd, 258850.133, 119
Trd, 258850.333, 121
Trd, 258850.533, 121
Trd, 258851.233, 135
Trd, 258851.267, 136
Trd, 258851.283, 127
Trd, 258851.417, 139
Trd, 258851.667, 127
Trd, 258851.700, 139
Trd, 258852.783, 139
Trd, 258852.867, 124
Trd, 258853.133, 140
Trd, 258853.167, 140
Trd, 258853.217, 140
Trd, 258853.333, 115
Trd, 258853.350, 106
Trd, 258854.067, 138
Trd, 258854.150, 138
Trd, 258854.783, 128
Trd, 258854.800, 125
Trd, 258854.917, 125
Trd, 258855.067, 130
Trd, 258855.133, 130
Trd, 258855.633, 129
Trd, 258855.883, 130
Trd, 258855.917, 132
Trd, 258855.967, 108
Trd, 258856.517, 106
Trd, 258856.583, 100
Trd, 258856.617, 94
Trd, 258856.650, 91
Trd, 258856.983, 100
Trd, 258857.450, 91
Trd, 258857.750, 90
Trd, 258857.833, 87
Trd, 258857.850, 104
Trd, 258857.867, 85
Trd, 258858.000, 104
Trd, 258858.617, 98
Trd, 258858.767, 99
Trd, 258858.933, 100
Trd, 258859.433, 86
Trd, 258859.833, 88
Trd, 258859.883, 90
Trd, 258860.167, 90
Trd, 258860.183, 91
Trd, 258860.200, 88
Trd, 258860.283, 84
Trd, 258860.417, 91
Trd, 258860.633, 83
Trd, 258860.750, 90
Trd, 258860.817, 91
Trd, 258861.033, 92
Trd, 258861.133, 74
Trd, 258861.683, 84
Trd, 258862.417, 140
Trd, 258862.717, 140
Trd, 258862.817, 140
Trd, 258863.000, 139
Trd, 258863.033, 138
Trd, 258863.117, 131
Trd, 258863.317, 135
Trd, 258863.383, 101
Trd, 258863.567, 130
Trd, 258863.733, 100
Trd, 258864.017, 102
Trd, 258864.183, 113
Trd, 258864.233, 127
Trd, 258864.633, 101
Trd, 258864.983, 123
Trd, 258865.017, 127
Trd, 258865.167, 129
Trd, 258865.333, 113
Trd, 258865.367, 95
Trd, 258865.400, 106
Trd, 258865.833, 94
Trd, 258865.867, 77
Trd, 258866.000, 126
Trd, 258866.217, 126
Trd, 258866.533, 126
Trd, 258867.233, 124
Trd, 258867.267, 123
Trd, 258867.400, 123
Trd, 258868.000, 107
Trd, 258868.117, 107
Trd, 258868.133, 116
Trd, 258868.217, 106
Trd, 258868.267, 115
Trd, 258868.617, 104
Trd, 258868.800, 103
Trd, 258868.950, 108
Trd, 258869.317, 107
Trd, 258869.533, 107
Trd, 258869.650, 99
Trd, 258869.917, 89
Trd, 258870.250, 93
Trd, 258870.267, 85
Trd, 258870.433, 91
Trd, 258870.617, 94
Trd, 258870.800, 83
Trd, 258871.033, 84
Trd, 258871.550, 85
Trd, 258871.633, 86
Trd, 258871.783, 94
Trd, 258872.133, 94
Trd, 258872.517, 90
Trd, 258872.717, 90
Trd, 258872.750, 91
Trd, 258872.833, 92
Trd, 258872.883, 87
Trd, 258872.983, 92
Trd, 258873.200, 87
Trd, 258873.367, 84
Trd, 258873.517, 91
Trd, 258873.583, 93
Trd, 258873.683, 125
Trd, 258873.717, 126
Trd, 258874.483, 85
Trd, 258874.633, 120
Trd, 258874.933, 140
Trd, 258875.250, 126
Trd, 258875.683, 119
Trd, 258875.967, 103
Trd, 258876.000, 102
Trd, 258876.817, 140
Trd, 258877.000, 140
Trd, 258877.533, 111
Trd, 258877.900, 130
Trd, 258878.133, 133
Trd, 258878.300, 131
Trd, 258878.433, 130
Trd, 258878.550, 130
Trd, 258878.600, 129
Trd, 258879.050, 125
Trd, 258879.200, 125
Trd, 258879.233, 123
Trd, 258879.317, 126
Trd, 258879.533, 110
Trd, 258879.583, 125
Trd, 258879.783, 123
Trd, 258879.800, 124
Trd, 258880.183, 107
Trd, 258880.283, 123
Trd, 258880.500, 110
Trd, 258880.550, 107
Trd, 258880.900, 114
Trd, 258880.933, 108
Trd, 258881.033, 106
Trd, 258881.400, 107
Trd, 258881.567, 107
Trd, 258881.717, 124
Trd, 258881.783, 98
Trd, 258882.533, 96
Trd, 258882.550, 94
Trd, 258882.617, 122
Trd, 258882.700, 123
Trd, 258883.250, 119
Trd, 258883.467, 121
Trd, 258883.617, 122
Trd, 258884.117, 120
Trd, 258884.150, 116
Trd, 258884.183, 116
Trd, 258884.317, 119
Trd, 258884.500, 115
Trd, 258884.617, 120
Trd, 258884.917, 121
Trd, 258885.100, 122
Trd, 258885.550, 140
Trd, 258885.683, 139
Trd, 258885.750, 138
Trd, 258886.050, 105
Trd, 258886.283, 106
Trd, 258886.800, 127
Trd, 258886.867, 127
Trd, 258886.967, 126
Trd, 258887.100, 128
Trd, 258887.733, 140
Trd, 258887.833, 140
Trd, 258887.867, 140
Trd, 258887.900, 139
Trd, 258888.033, 129
Trd, 258888.083, 140
Trd, 258888.150, 128
Trd, 258888.200, 126
Trd, 258888.700, 126
Trd, 258888.950, 138
Trd, 258889.233, 110
Trd, 258889.267, 111
Trd, 258889.283, 137
Trd, 258889.483, 102
Trd, 258889.583, 96
Trd, 258889.667, 129
Trd, 258889.717, 95
Trd, 258890.033, 122
Trd, 258890.117, 128
Trd, 258890.417, 93
Trd, 258890.650, 118
Trd, 258890.867, 92
Trd, 258891.017, 92
Trd, 258891.700, 83
Trd, 258891.733, 103
Trd, 258891.817, 103
Trd, 258892.217, 102
Trd, 258892.283, 83
Trd, 258892.450, 101
Trd, 258892.483, 82
Trd, 258892.850, 63
Trd, 258893.033, 97
Trd, 258893.900, 89
Trd, 258893.983, 87
Trd, 258894.067, 92
Trd, 258894.350, 91
Trd, 258894.383, 86
Trd, 258894.467, 92
Trd, 258894.500, 93
Trd, 258894.633, 95
Trd, 258894.717, 98
Trd, 258895.150, 104
Trd, 258895.450, 140
Trd, 258895.800, 140
Trd, 258897.100, 140
Trd, 258897.767, 140
Trd, 258897.867, 140
Trd, 258898.017, 140
Trd, 258898.050, 140
Trd, 258898.500, 140
Trd, 258898.550, 140
Trd, 258898.583, 140
Trd, 258898.617, 138
Trd, 258899.350, 140
Trd, 258899.417, 140
Trd, 258899.500, 139
Trd, 258899.850, 135
Trd, 258899.967, 133
Trd, 258900.267, 124
Trd, 258900.350, 122
Trd, 258900.500, 119
Trd, 258900.583, 118
Trd, 258900.633, 123
Trd, 258901.183, 138
Trd, 258901.217, 137
Trd, 258901.683, 140
Trd, 258901.767, 139
Trd, 258903.033, 140
Trd, 258903.200, 140
Trd, 258903.250, 139
Trd, 258903.383, 137
Trd, 258903.600, 137
Trd, 258904.017, 136
Trd, 258904.100, 137
Trd, 258904.317, 134
Trd, 258904.417, 133
Trd, 258904.500, 130
Trd, 258904.533, 128
Trd, 258904.567, 134
Trd, 258904.633, 127
Trd, 258904.700, 135
Trd, 258905.017, 127
Trd, 258905.033, 118
Trd, 258905.100, 86
Trd, 258905.217, 113
Trd, 258905.483, 128
Trd, 258905.533, 124
Trd, 258905.600, 129
Trd, 258905.950, 129
Trd, 258906.317, 111
Trd, 258906.517, 127
Trd, 258906.667, 88
Trd, 258906.733, 86
Trd, 258907.450, 107
Trd, 258907.517, 100
Trd, 258907.533, 108
Trd, 258908.233, 120
Trd, 258908.700, 121
Trd, 258909.150, 113
Trd, 258909.217, 112
Trd, 258909.533, 97
Trd, 258910.067, 104
Trd, 258910.300, 104
Trd, 258910.400, 106
Trd, 258910.467, 101
Trd, 258910.700, 100
Trd, 258910.833, 100
Trd, 258910.917, 101
Trd, 258911.033, 102
Trd, 258911.583, 102
Trd, 258911.800, 103
Trd, 258911.900, 101
Trd, 258912.133, 104
Trd, 258912.250, 100
Trd, 258912.433, 100
Trd, 258912.533, 84
Trd, 258912.683, 96
Trd, 258913.250, 79
Trd, 258913.750, 79
Trd, 258913.833, 78
Trd, 258913.867, 93
Trd, 258914.067, 76
Trd, 258914.233, 91
Trd, 258914.433, 91
Trd, 258914.467, 98
Trd, 258914.517, 101
Trd, 258914.833, 78
Trd, 258915.567, 99
Trd, 258915.933, 100
Trd, 258916.100, 129
Trd, 258916.333, 100
Trd, 258916.833, 106
Trd, 258916.867, 100
Trd, 258916.900, 81
Trd, 258917.467, 81
Trd, 258917.750, 81
Trd, 258917.933, 82
Trd, 258918.050, 78
Trd, 258918.067, 84
Trd, 258918.183, 103
Trd, 258918.617, 103
Trd, 258918.633, 104
Trd, 258918.667, 81
Trd, 258918.867, 107
Trd, 258918.900, 111
Trd, 258919.183, 102
Trd, 258919.567, 90
Trd, 258919.583, 102
Trd, 258919.800, 103
Trd, 258920.017, 103
Trd, 258920.083, 84
Trd, 258920.317, 102
Trd, 258920.750, 83
Trd, 258920.883, 82
Trd, 258921.000, 81
Trd, 258921.083, 78
Trd, 258921.183, 70
Trd, 258921.267, 112
Trd, 258921.533, 113
Trd, 258921.967, 117
Trd, 258922.067, 119
Trd, 258922.167, 119
Trd, 258923.000, 113
Trd, 258923.050, 104
Trd, 258923.233, 109
Trd, 258923.283, 113
Trd, 258923.500, 103
Trd, 258923.667, 104
Trd, 258924.050, 105
Trd, 258924.367, 140
Trd, 258924.950, 140
Trd, 258924.967, 140
Trd, 258925.033, 140
Trd, 258925.217, 103
Trd, 258925.500, 78
Trd, 258925.767, 118
Trd, 258926.067, 93
Trd, 258926.750, 135
Trd, 258926.817, 101
Trd, 258926.883, 95
Trd, 258927.017, 134
Trd, 258927.217, 135
Trd, 258927.550, 134
Trd, 258927.850, 109
Trd, 258928.083, 107
Trd, 258928.183, 108
Trd, 258928.417, 109
Trd, 258928.450, 110
Trd, 258928.683, 107
Trd, 258928.733, 106
Trd, 258929.200, 132
Trd, 258929.350, 108
Trd, 258929.867, 98
Trd, 258930.183, 95
Trd, 258930.300, 126
Trd, 258931.100, 108
Trd, 258931.200, 107
Trd, 258931.717, 108
Trd, 258931.933, 113
Trd, 258931.950, 111
Trd, 258932.100, 114
Trd, 258932.150, 116
Trd, 258932.500, 110
Trd, 258932.583, 102
Trd, 258932.817, 105
Trd, 258932.867, 106
Trd, 258932.933, 107
Trd, 258933.583, 103
Trd, 258933.633, 102
Trd, 258933.717, 105
Trd, 258933.750, 100
Trd, 258933.900, 105
Trd, 258934.117, 78
Trd, 258934.317, 104
Trd, 258934.500, 66
Trd, 258934.967, 84
Trd, 258935.317, 100
Trd, 258935.500, 105
Trd, 258935.650, 104
Trd, 258935.717, 99
Trd, 258935.917, 98
Trd, 258936.300, 140
Trd, 258936.817, 140
Trd, 258937.217, 140
Trd, 258937.333, 140
Trd, 258937.517, 140
Trd, 258937.583, 139
Trd, 258937.617, 139
Trd, 258937.717, 123
Trd, 258938.333, 137
Trd, 258938.850, 137
Trd, 258939.000, 137
Trd, 258939.067, 138
Trd, 258939.433, 138
Trd, 258940.150, 136
Trd, 258940.217, 135
Trd, 258940.333, 114
Trd, 258940.467, 134
Trd, 258940.700, 97
Trd, 258941.067, 117
Trd, 258941.167, 91
Trd, 258941.417, 121
Trd, 258941.767, 85
Trd, 258941.817, 120
Trd, 258942.100, 117
Trd, 258942.683, 116
Trd, 258942.783, 115
Trd, 258943.083, 101
Trd, 258943.567, 111
Trd, 258944.033, 106
Trd, 258944.067, 107
Trd, 258944.333, 106
Trd, 258944.350, 105
Trd, 258944.483, 106
Trd, 258944.617, 107
Trd, 258944.633, 108
Trd, 258944.700, 116
Trd, 258944.950, 139
Trd, 258945.100, 130
Trd, 258945.650, 109
Trd, 258946.000, 140
Trd, 258946.150, 139
Trd, 258946.633, 139
Trd, 258946.850, 140
Trd, 258947.483, 140
Trd, 258947.867, 122
Trd, 258948.083, 139
Trd, 258948.183, 139
Trd, 258948.383, 139
Trd, 258948.583, 139
Trd, 258948.800, 138
Trd, 258949.017, 113
Trd, 258949.067, 106
Trd, 258949.350, 134
Trd, 258949.400, 135
Trd, 258949.500, 93
Trd, 258949.517, 89
Trd, 258950.150, 124
Trd, 258950.267, 84
Trd, 258950.367, 83
Trd, 258950.400, 129
Trd, 258950.633, 100
Trd, 258950.800, 78
Trd, 258950.850, 77
Trd, 258950.983, 124
Trd, 258951.067, 124
Trd, 258951.100, 123
Trd, 258951.250, 67
Trd, 258951.683, 62
Trd, 258951.800, 62
Trd, 258951.900, 62
Trd, 258952.133, 62
Trd, 258952.233, 63
Trd, 258952.400, 124
Trd, 258953.083, 120
Trd, 258953.117, 103
Trd, 258953.183, 101
Trd, 258953.367, 120
Trd, 258953.433, 110
Trd, 258953.533, 100
Trd, 258953.817, 101
Trd, 258953.883, 101
Trd, 258953.950, 100
Trd, 258954.083, 97
Trd, 258954.133, 98
Trd, 258954.183, 102
Trd, 258954.300, 102
Trd, 258954.667, 109
Trd, 258955.483, 117
Trd, 258955.833, 115
Trd, 258956.050, 93
Trd, 258956.450, 94
Trd, 258956.700, 93
Trd, 258956.867, 86
Trd, 258957.450, 89
Trd, 258957.533, 111
Trd, 258957.867, 111
Trd, 258957.900, 112
Trd, 258958.033, 115
Trd, 258958.067, 116
Trd, 258958.100, 119
Trd, 258958.317, 89
Trd, 258958.433, 96
Trd, 258958.583, 83
Trd, 258958.850, 138
Trd, 258958.883, 82
Trd, 258959.867, 122
Trd, 258960.467, 125
Trd, 258960.517, 123
Trd, 258960.700, 119
Trd, 258960.767, 125
Trd, 258960.783, 118
Trd, 258960.883, 130
Trd, 258961.217, 97
Trd, 258961.800, 120
Trd, 258961.867, 112
Trd, 258962.050, 119
Trd, 258962.067, 122
Trd, 258962.533, 117
Trd, 258962.617, 104
Trd, 258962.817, 98
Trd, 258963.183, 99
Trd, 258963.600, 99
Trd, 258963.667, 102
Trd, 258963.750, 97
Trd, 258963.850, 115
Trd, 258964.267, 109
Trd, 258964.450, 97
Trd, 258964.717, 107
Trd, 258965.000, 109
Trd, 258965.017, 103
Trd, 258965.117, 102
Trd, 258965.550, 102
Trd, 258965.717, 103
Trd, 258965.950, 102
Trd, 258966.133, 101
Trd, 258966.217, 102
Trd, 258966.433, 102
Trd, 258966.733, 94
Trd, 258966.900, 103
Trd, 258967.017, 104
Trd, 258967.050, 95
Trd, 258967.400, 98
Trd, 258967.650, 140
Trd, 258968.000, 140
Trd, 258968.283, 140
Trd, 258968.417, 140
Trd, 258969.000, 140
Trd, 258969.017, 140
Trd, 258969.483, 136
Trd, 258969.550, 100
Trd, 258969.717, 135
Trd, 258969.750, 136
Trd, 258969.867, 101
Trd, 258969.900, 99
Trd, 258970.167, 114
Trd, 258970.200, 113
Trd, 258970.500, 110
Trd, 258970.617, 111
Trd, 258970.783, 99
Trd, 258971.017, 97
Trd, 258971.217, 110
Trd, 258971.650, 95
Trd, 258971.867, 110
Trd, 258972.067, 109
Trd, 258972.133, 111
Trd, 258972.717, 99
Trd, 258973.233, 104
Trd, 258973.283, 101
Trd, 258973.300, 103
Trd, 258973.333, 100
Trd, 258973.433, 97
Trd, 258973.450, 103
Trd, 258973.750, 92
Trd, 258974.117, 101
Trd, 258974.300, 92
Trd, 258974.333, 91
Trd, 258974.367, 102
Trd, 258974.650, 77
Trd, 258974.783, 109
Trd, 258974.833, 111
Trd, 258975.217, 139
Trd, 258975.350, 106
Trd, 258975.500, 89
Trd, 258975.517, 72
Trd, 258976.150, 133
Trd, 258976.200, 132
Trd, 258976.583, 102
Trd, 258976.883, 125
Trd, 258977.033, 126
Trd, 258977.233, 126
Trd, 258977.617, 103
Trd, 258978.200, 104
Trd, 258978.683, 107
Trd, 258978.700, 103
Trd, 258979.050, 107
Trd, 258979.117, 108
Trd, 258979.167, 106
Trd, 258979.183, 93
Trd, 258979.250, 108
Trd, 258979.283, 109
Trd, 258979.400, 108
Trd, 258979.817, 90
Trd, 258980.150, 82
Trd, 258980.250, 81
Trd, 258980.600, 102
Trd, 258980.950, 103
Trd, 258981.050, 81
Trd, 258981.317, 103
Trd, 258981.500, 96
Trd, 258981.783, 101
Trd, 258982.200, 88
Trd, 258982.750, 97
Trd, 258982.917, 96
Trd, 258983.050, 101
Trd, 258983.700, 124
Trd, 258983.950, 124
Trd, 258983.983, 123
Trd, 258984.067, 122
Trd, 258984.350, 140
Trd, 258984.650, 138
Trd, 258984.750, 120
Trd, 258985.467, 140
Trd, 258985.950, 140
Trd, 258986.117, 140
Trd, 258986.150, 140
Trd, 258986.183, 140
Trd, 258986.217, 138
Trd, 258986.367, 140
Trd, 258986.683, 138
Trd, 258986.817, 135
Trd, 258986.867, 115
Trd, 258987.267, 133
Trd, 258987.300, 134
Trd, 258987.400, 132
Trd, 258987.433, 111
Trd, 258987.500, 110
Trd, 258987.567, 132
Trd, 258988.017, 110
Trd, 258988.783, 110
Trd, 258988.817, 120
Trd, 258989.117, 127
Trd, 258989.317, 124
Trd, 258989.517, 114
Trd, 258989.650, 106
Trd, 258990.033, 125
Trd, 258990.100, 106
Trd, 258990.217, 106
Trd, 258990.417, 119
Trd, 258990.450, 105
Trd, 258990.700, 98
Trd, 258990.983, 110
Trd, 258991.033, 78
Trd, 258991.067, 117
Trd, 258991.183, 92
Trd, 258991.467, 76
Trd, 258991.767, 67
Trd, 258991.783, 68
Trd, 258991.850, 76
Trd, 258991.883, 77
Trd, 258991.983, 115
Trd, 258992.217, 68
Trd, 258992.683, 106
Trd, 258993.050, 112
Trd, 258993.267, 109
Trd, 258993.517, 110
Trd, 258993.950, 108
Trd, 258994.433, 101
Trd, 258994.633, 96
Trd, 258994.667, 95
Trd, 258994.767, 90
Trd, 258995.033, 94
Trd, 258995.283, 95
Trd, 258995.300, 98
Trd, 258995.650, 84
Trd, 258995.700, 83
Trd, 258995.900, 98
Trd, 258996.017, 84
Trd, 258996.233, 97
Trd, 258996.267, 99
Trd, 258997.417, 140
Trd, 258997.617, 140
Trd, 258997.933, 139
Trd, 258998.050, 139
Trd, 258998.250, 116
Trd, 258998.400, 115
Trd, 258998.500, 112
Trd, 258998.700, 107
Trd, 258998.850, 140
Trd, 258999.150, 134
Trd, 258999.517, 136
Trd, 259000.050, 127
Trd, 259000.250, 128
Trd, 259000.483, 131
Trd, 259000.667, 133
Trd, 259000.900, 131
Trd, 259001.067, 133
Trd, 259001.283, 130
Trd, 259001.600, 130
Trd, 259001.750, 131
Trd, 259001.817, 130
Trd, 259001.883, 132
Trd, 259002.133, 140
Trd, 259002.650, 140
Trd, 259002.750, 120
Trd, 259002.917, 108
Trd, 259003.083, 104
Trd, 259003.700, 126
Trd, 259004.367, 117
Trd, 259004.417, 119
Trd, 259004.750, 117
Trd, 259004.800, 117
Trd, 259004.817, 118
Trd, 259004.917, 115
Trd, 259004.950, 107
Trd, 259005.067, 117
Trd, 259005.333, 106
Trd, 259005.383, 114
Trd, 259005.517, 111
Trd, 259005.667, 105
Trd, 259006.050, 106
Trd, 259006.117, 81
Trd, 259006.283, 80
Trd, 259006.467, 107
Trd, 259006.917, 85
Trd, 259006.950, 110
Trd, 259007.067, 84
Trd, 259007.783, 140
Trd, 259008.150, 121
Trd, 259008.533, 106
Trd, 259008.550, 129
Trd, 259009.100, 106
Trd, 259009.800, 121
Trd, 259009.950, 122
Trd, 259010.033, 109
Trd, 259010.183, 108
Trd, 259010.400, 109
Trd, 259010.433, 108
Trd, 259011.183, 96
Trd, 259011.283, 109
Trd, 259011.400, 109
Trd, 259011.433, 95
Trd, 259011.567, 110
Trd, 259011.633, 81
Trd, 259011.667, 77
Trd, 259011.850, 76
Trd, 259012.017, 104
Trd, 259012.133, 81
Trd, 259012.400, 73
Trd, 259012.650, 70
Trd, 259012.767, 71
Trd, 259012.833, 73
Trd, 259013.100, 72
Trd, 259013.317, 107
Trd, 259013.550, 107
Trd, 259013.600, 109
Trd, 259014.017, 77
Trd, 259014.117, 110
Trd, 259014.717, 66
Trd, 259014.950, 64
Trd, 259015.283, 140
Trd, 259015.900, 140
Trd, 259015.967, 140
Trd, 259016.017, 140
Trd, 259016.767, 140
Trd, 259017.217, 140
Trd, 259017.317, 140
Trd, 259017.333, 140
Trd, 259017.400, 140
Trd, 259017.433, 140
Trd, 259018.000, 124
Trd, 259018.033, 132
Trd, 259018.183, 132
Trd, 259018.250, 105
Trd, 259018.417, 109
Trd, 259018.433, 105
Trd, 259018.750, 137
Trd, 259018.817, 138
Trd, 259018.950, 121
Trd, 259019.117, 90
Trd, 259019.400, 135
Trd, 259020.067, 127
Trd, 259020.117, 114
Trd, 259020.300, 131
Trd, 259020.783, 96
Trd, 259021.033, 95
Trd, 259021.667, 129
Trd, 259022.483, 137
Trd, 259022.767, 140
Trd, 259023.217, 140
Trd, 259023.550, 140
Trd, 259023.733, 140
Trd, 259024.083, 140
Trd, 259024.333, 140
Trd, 259024.467, 140
Trd, 259024.567, 140
Trd, 259024.650, 140
Trd, 259024.733, 139
Trd, 259024.800, 139
Trd, 259024.917, 139
Trd, 259024.933, 135
Trd, 259025.050, 135
Trd, 259025.117, 134
Trd, 259025.500, 123
Trd, 259025.567, 120
Trd, 259025.750, 118
Trd, 259026.617, 124
Trd, 259026.800, 125
Trd, 259026.950, 126
Trd, 259027.100, 121
Trd, 259027.317, 121
Trd, 259027.367, 120
Trd, 259027.467, 107
Trd, 259027.483, 101
Trd, 259028.117, 116
Trd, 259028.467, 115
Trd, 259028.950, 107
Trd, 259029.017, 105
Trd, 259029.117, 105
Trd, 259029.267, 106
Trd, 259029.500, 106
Trd, 259029.533, 104
Trd, 259029.650, 84
Trd, 259029.717, 106
Trd, 259029.817, 83
Trd, 259029.833, 107
Trd, 259030.333, 110
Trd, 259030.350, 111
Trd, 259030.583, 94
Trd, 259030.967, 102
Trd, 259031.167, 95
Trd, 259031.267, 135
Trd, 259031.917, 140
Trd, 259032.000, 140
Trd, 259032.150, 140
Trd, 259032.433, 140
Trd, 259032.450, 140
Trd, 259032.500, 140
Trd, 259032.650, 140
Trd, 259032.683, 140
Trd, 259032.767, 139
Trd, 259033.433, 127
Trd, 259033.583, 126
Trd, 259034.367, 124
Trd, 259035.100, 136
Trd, 259035.183, 135
Trd, 259035.367, 134
Trd, 259035.467, 122
Trd, 259035.767, 134
Trd, 259035.950, 112
Trd, 259036.217, 131
Trd, 259036.267, 111
Trd, 259036.500, 105
Trd, 259036.533, 100
Trd, 259036.633, 129
Trd, 259037.133, 121
Trd, 259037.200, 103
Trd, 259037.400, 111
Trd, 259037.633, 119
Trd, 259037.717, 112
Trd, 259037.767, 109
Trd, 259037.833, 119
Trd, 259038.500, 115
Trd, 259038.533, 115
Trd, 259038.600, 115
Trd, 259038.883, 114
Trd, 259039.050, 100
Trd, 259039.317, 112
Trd, 259039.367, 115
Trd, 259039.417, 120
Trd, 259040.050, 119
Trd, 259040.083, 118
Trd, 259040.533, 133
Trd, 259040.600, 139
Trd, 259040.617, 130
Trd, 259041.000, 139
Trd, 259041.283, 125
Trd, 259041.367, 124
Trd, 259041.417, 132
Trd, 259041.483, 117
Trd, 259041.717, 116
Trd, 259042.067, 116
Trd, 259042.567, 119
Trd, 259042.583, 121
Trd, 259042.683, 123
Trd, 259042.750, 117
Trd, 259043.383, 120
Trd, 259043.483, 119
Trd, 259043.583, 121
Trd, 259043.967, 116
Trd, 259044.000, 115
Trd, 259044.067, 114
Trd, 259044.550, 113
Trd, 259044.700, 114
Trd, 259044.817, 114
Trd, 259045.050, 115
Trd, 259045.433, 115
Trd, 259045.517, 113
Trd, 259045.883, 130
Trd, 259046.183, 129
Trd, 259046.833, 125
Trd, 259046.983, 138
Trd, 259047.350, 140
Trd, 259047.583, 140
Trd, 259047.900, 140
Trd, 259047.983, 140
Trd, 259048.333, 140
Trd, 259048.350, 139
Trd, 259048.383, 138
Trd, 259048.433, 133
Trd, 259048.617, 140
Trd, 259048.733, 132
Trd, 259048.817, 125
Trd, 259049.117, 138
Trd, 259049.667, 124
Trd, 259049.733, 137
Trd, 259049.850, 137
Trd, 259050.150, 136
Trd, 259050.383, 137
Trd, 259050.433, 124
Trd, 259050.767, 124
Trd, 259051.200, 124
Trd, 259051.383, 124
Trd, 259051.683, 129
Trd, 259052.000, 123
Trd, 259052.183, 130
Trd, 259052.233, 116
Trd, 259052.700, 124
Trd, 259052.733, 109
Trd, 259052.800, 108
Trd, 259052.933, 126
Trd, 259052.950, 127
Trd, 259053.050, 106
Trd, 259053.333, 104
Trd, 259053.400, 100
Trd, 259053.917, 123
Trd, 259054.650, 122
Trd, 259054.767, 122
Trd, 259055.017, 120
Trd, 259055.033, 122
Trd, 259055.050, 119
Trd, 259055.467, 118
Trd, 259055.483, 117
Trd, 259055.567, 116
Trd, 259055.733, 117
Trd, 259055.783, 106
Trd, 259056.000, 117
Trd, 259056.267, 116
Trd, 259056.367, 114
Trd, 259056.433, 104
Trd, 259056.650, 117
Trd, 259056.700, 109
Trd, 259056.833, 104
Trd, 259057.083, 94
Trd, 259058.083, 140
Trd, 259058.167, 140
Trd, 259058.550, 140
Trd, 259058.783, 140
Trd, 259059.017, 140
Trd, 259059.267, 140
Trd, 259059.417, 139
Trd, 259059.583, 138
Trd, 259059.667, 138
Trd, 259059.833, 136
Trd, 259060.150, 138
Trd, 259060.417, 104
Trd, 259060.567, 137
Trd, 259060.667, 98
Trd, 259060.767, 136
Trd, 259061.050, 92
Trd, 259061.117, 128
Trd, 259061.267, 131
Trd, 259061.283, 114
Trd, 259061.717, 95
Trd, 259061.767, 103
Trd, 259061.850, 94
Trd, 259061.967, 104
Trd, 259062.150, 130
Trd, 259062.600, 125
Trd, 259062.717, 125
Trd, 259062.833, 125
Trd, 259063.167, 117
Trd, 259063.383, 122
Trd, 259063.883, 121
Trd, 259063.917, 105
Trd, 259064.350, 119
Trd, 259064.600, 114
Trd, 259064.833, 114
Trd, 259065.517, 114
Trd, 259065.733, 113
Trd, 259065.817, 114
Trd, 259065.983, 105
Trd, 259066.033, 115
Trd, 259066.050, 90
Trd, 259066.417, 82
Trd, 259066.600, 103
Trd, 259066.817, 118
Trd, 259066.833, 119
Trd, 259067.433, 83
Trd, 259067.450, 106
Trd, 259067.767, 140
Trd, 259069.333, 140
Trd, 259069.733, 140
Trd, 259069.983, 140
Trd, 259070.000, 140
Trd, 259070.067, 140
Trd, 259070.350, 139
Trd, 259070.450, 136
Trd, 259070.467, 133
Trd, 259070.867, 135
Trd, 259071.000, 120
Trd, 259071.133, 113
Trd, 259071.233, 113
Trd, 259071.750, 139
Trd, 259071.933, 114
Trd, 259071.950, 139
Trd, 259072.317, 136
Trd, 259072.667, 136
Trd, 259072.883, 136
Trd, 259073.050, 137
Trd, 259073.233, 139
Trd, 259073.400, 129
Trd, 259073.483, 140
Trd, 259073.783, 128
Trd, 259074.167, 129
Trd, 259074.233, 128
Trd, 259074.350, 130
Trd, 259074.433, 125
Trd, 259074.650, 124
Trd, 259074.667, 123
Trd, 259074.717, 116
Trd, 259075.067, 126
Trd, 259075.300, 125
Trd, 259075.550, 116
Trd, 259075.733, 116
Trd, 259076.000, 116
Trd, 259076.117, 125
Trd, 259076.200, 115
Trd, 259076.533, 98
Trd, 259076.600, 125
Trd, 259076.967, 125
Trd, 259077.350, 92
Trd, 259077.450, 87
Trd, 259077.767, 124
Trd, 259078.000, 120
Trd, 259078.233, 88
Trd, 259078.450, 107
Trd, 259078.533, 88
Trd, 259078.550, 117
Trd, 259078.833, 111
Trd, 259078.967, 111
Trd, 259079.217, 88
Trd, 259079.450, 87
Trd, 259079.467, 85
Trd, 259079.633, 78
Trd, 259079.750, 94
Trd, 259080.933, 86
Trd, 259081.067, 86
Trd, 259081.183, 96
Trd, 259081.217, 85
Trd, 259081.317, 97
Trd, 259081.383, 92
Trd, 259081.550, 96
Trd, 259081.600, 99
Trd, 259081.867, 99
Trd, 259082.233, 78
Trd, 259082.967, 78
Trd, 259083.100, 89
Trd, 259083.150, 83
Trd, 259083.283, 89
Trd, 259083.450, 90
Trd, 259083.683, 90
Trd, 259084.183, 86
Trd, 259084.433, 83
Trd, 259084.467, 87
Trd, 259084.683, 87
Trd, 259084.850, 87
Trd, 259084.933, 105
Trd, 259085.233, 84
Trd, 259085.500, 84
Trd, 259085.517, 83
Trd, 259085.867, 106
Trd, 259085.983, 84
Trd, 259086.033, 84
Trd, 259086.167, 105
Trd, 259086.217, 83
Trd, 259086.250, 126
Trd, 259086.333, 129
Trd, 259086.917, 83
Trd, 259087.033, 83
Trd, 259087.050, 87
Trd, 259087.350, 91
Trd, 259087.433, 91
Trd, 259088.000, 139
Trd, 259088.050, 138
Trd, 259088.167, 106
Trd, 259088.217, 116
Trd, 259088.783, 106
Trd, 259089.050, 104
Trd, 259089.500, 125
Trd, 259089.683, 106
Trd, 259089.833, 123
Trd, 259090.350, 82
Trd, 259090.383, 81
Trd, 259090.667, 118
Trd, 259091.133, 100
Trd, 259091.417, 116
Trd, 259091.783, 115
Trd, 259091.867, 105
Trd, 259092.133, 104
Trd, 259092.233, 103
Trd, 259092.400, 100
Trd, 259092.450, 107
Trd, 259092.550, 108
Trd, 259092.600, 85
Trd, 259092.700, 109
Trd, 259093.000, 104
Trd, 259093.200, 85
Trd, 259093.233, 104
Trd, 259093.517, 110
Trd, 259094.183, 109
Trd, 259094.283, 107
Trd, 259094.383, 106
Trd, 259094.400, 110
Trd, 259094.650, 140
Trd, 259094.667, 133
Trd, 259094.833, 103
Trd, 259095.333, 96
Trd, 259095.350, 95
Trd, 259096.350, 139
Trd, 259096.550, 138
Trd, 259096.917, 139
Trd, 259097.100, 138
Trd, 259097.200, 107
Trd, 259097.367, 106
Trd, 259097.583, 98
Trd, 259097.850, 85
Trd, 259098.217, 86
Trd, 259098.233, 85
Trd, 259098.317, 106
Trd, 259098.500, 107
Trd, 259099.133, 113
Trd, 259099.733, 113
Trd, 259099.783, 112
Trd, 259099.900, 111
Trd, 259099.917, 108
Trd, 259100.367, 105
Trd, 259100.500, 107
Trd, 259101.100, 99
Trd, 259101.267, 93
Trd, 259101.500, 96
Trd, 259101.550, 97
Trd, 259101.617, 97
Trd, 259101.717, 97
Trd, 259101.800, 98
Trd, 259101.833, 99
Trd, 259102.067, 96
Trd, 259102.100, 96
Trd, 259102.167, 96
Trd, 259102.333, 94
Trd, 259102.433, 85
Trd, 259102.467, 97
Trd, 259102.983, 92
Trd, 259103.917, 140
Trd, 259104.100, 140
Trd, 259104.167, 140
Trd, 259104.383, 136
Trd, 259104.633, 137
Trd, 259104.733, 117
Trd, 259105.133, 114
Trd, 259105.467, 112
Trd, 259105.867, 104
Trd, 259105.900, 91
Trd, 259105.933, 131
Trd, 259106.450, 100
Trd, 259106.500, 98
Trd, 259106.900, 94
Trd, 259107.083, 93
Trd, 259107.267, 125
Trd, 259107.417, 95
Trd, 259107.517, 94
Trd, 259107.667, 124
Trd, 259108.100, 85
Trd, 259108.183, 103
Trd, 259108.983, 98
Trd, 259109.117, 98
Trd, 259109.200, 95
Trd, 259109.250, 97
Trd, 259109.333, 94
Trd, 259109.433, 87
Trd, 259109.700, 96
Trd, 259109.983, 86
Trd, 259110.000, 80
Trd, 259110.183, 83
Trd, 259110.267, 96
Trd, 259110.333, 97
Trd, 259110.550, 90
Trd, 259110.733, 82
Trd, 259110.883, 84
Trd, 259110.983, 85
Trd, 259111.167, 92
Trd, 259111.233, 93
Trd, 259111.300, 97
Trd, 259111.367, 98
Trd, 259111.400, 99
Trd, 259111.717, 139
Trd, 259112.100, 87
Trd, 259112.367, 112
Trd, 259112.583, 111
Trd, 259112.967, 135
Trd, 259113.217, 133
Trd, 259113.267, 132
Trd, 259113.300, 126
Trd, 259113.450, 126
Trd, 259113.733, 136
Trd, 259113.783, 120
Trd, 259114.350, 140
Trd, 259114.517, 140
Trd, 259114.567, 140
Trd, 259114.583, 140
Trd, 259115.067, 140
Trd, 259115.300, 116
Trd, 259115.800, 117
Trd, 259116.117, 101
Trd, 259116.533, 97
Trd, 259116.550, 98
Trd, 259116.667, 101
Trd, 259116.717, 102
Trd, 259116.750, 126
Trd, 259116.950, 93
Trd, 259117.250, 111
Trd, 259118.083, 119
Trd, 259118.117, 104
Trd, 259118.300, 103
Trd, 259118.650, 113
Trd, 259118.750, 118
Trd, 259118.767, 120
Trd, 259118.850, 103
Trd, 259119.250, 119
Trd, 259119.283, 119
Trd, 259119.350, 102
Trd, 259119.383, 120
Trd, 259119.400, 121
Trd, 259119.567, 101
Trd, 259119.817, 106
Trd, 259119.850, 100
Trd, 259120.250, 107
Trd, 259120.633, 108
Trd, 259120.967, 109
Trd, 259121.650, 140
Trd, 259121.817, 140
Trd, 259122.000, 130
Trd, 259122.067, 128
Trd, 259122.217, 100
Trd, 259122.300, 139
Trd, 259122.500, 125
Trd, 259123.067, 123
Trd, 259123.300, 122
Trd, 259123.650, 140
Trd, 259124.233, 140
Trd, 259124.300, 140
Trd, 259124.617, 140
Trd, 259124.867, 140
Trd, 259124.967, 140
Trd, 259125.083, 139
Trd, 259125.417, 137
Trd, 259125.583, 121
Trd, 259125.683, 129
Trd, 259126.017, 138
Trd, 259126.333, 138
Trd, 259126.450, 138
Trd, 259126.467, 137
Trd, 259126.650, 137
Trd, 259126.883, 139
Trd, 259127.383, 130
Trd, 259127.550, 135
Trd, 259127.650, 135
Trd, 259127.833, 129
Trd, 259128.250, 122
Trd, 259128.633, 133
Trd, 259128.667, 113
Trd, 259128.717, 112
Trd, 259128.833, 112
Trd, 259128.983, 131
Trd, 259129.100, 102
Trd, 259129.283, 101
Trd, 259129.467, 129
Trd, 259129.500, 98
Trd, 259129.800, 98
Trd, 259129.983, 96
Trd, 259130.083, 124
Trd, 259130.350, 98
Trd, 259130.867, 116
Trd, 259131.017, 116
Trd, 259131.167, 119
Trd, 259131.517, 116
Trd, 259131.700, 117
Trd, 259131.800, 110
Trd, 259131.900, 117
Trd, 259132.200, 105
Trd, 259132.250, 99
Trd, 259132.383, 98
Trd, 259132.783, 110
Trd, 259133.083, 74
Trd, 259133.317, 97
Trd, 259133.433, 98
Trd, 259133.567, 69
Trd, 259133.600, 69
Trd, 259133.617, 67
Trd, 259133.767, 69
Trd, 259134.200, 67
Trd, 259134.767, 104
Trd, 259134.900, 104
Trd, 259135.217, 105
Trd, 259135.450, 103
Trd, 259135.750, 106
Trd, 259135.867, 108
Trd, 259136.317, 88
Trd, 259136.333, 99
Trd, 259136.900, 90
Trd, 259137.067, 89
Trd, 259137.483, 115
Trd, 259137.850, 109
Trd, 259137.900, 109
Trd, 259137.983, 111
Trd, 259138.033, 107
Trd, 259138.083, 110
Trd, 259138.117, 111
Trd, 259138.400, 114
Trd, 259138.433, 115
Trd, 259138.483, 106
Trd, 259138.667, 138
Trd, 259138.783, 107
Trd, 259139.800, 140
Trd, 259140.100, 140
Trd, 259140.683, 126
Trd, 259140.750, 125
Trd, 259141.050, 140
Trd, 259141.167, 140
Trd, 259141.467, 124
Trd, 259141.533, 108
Trd, 259141.683, 136
Trd, 259142.667, 140
Trd, 259142.867, 131
Trd, 259143.117, 138
Trd, 259143.467, 137
Trd, 259143.667, 121
Trd, 259144.483, 124
Trd, 259144.617, 123
Trd, 259144.767, 123
Trd, 259144.833, 122
Trd, 259144.967, 124
Trd, 259145.083, 121
Trd, 259145.333, 113
Trd, 259145.583, 113
Trd, 259145.783, 112
Trd, 259145.917, 119
Trd, 259145.933, 88
Trd, 259146.000, 87
Trd, 259146.067, 119
Trd, 259146.233, 95
Trd, 259146.300, 100
Trd, 259146.317, 101
Trd, 259147.150, 108
Trd, 259147.183, 89
Trd, 259147.383, 102
Trd, 259147.767, 109
Trd, 259147.983, 96
Trd, 259148.017, 110
Trd, 259148.033, 87
Trd, 259148.217, 109
Trd, 259148.333, 92
Trd, 259148.533, 92
Trd, 259149.317, 86
Trd, 259149.333, 104
Trd, 259150.117, 95
Trd, 259150.283, 100
Trd, 259150.383, 101
Trd, 259150.550, 100
Trd, 259150.650, 99
Trd, 259150.800, 90
Trd, 259151.233, 99
Trd, 259151.400, 101
Trd, 259151.450, 102
Trd, 259151.533, 138
Trd, 259151.817, 88
Trd, 259152.067, 99
Trd, 259152.217, 100
Trd, 259152.333, 99
Trd, 259152.867, 140
Trd, 259153.000, 140
Trd, 259153.183, 140
Trd, 259153.600, 140
Trd, 259153.833, 140
Trd, 259153.983, 140
Trd, 259154.317, 115
Trd, 259154.400, 110
Trd, 259154.600, 135
Trd, 259154.950, 129
Trd, 259155.100, 122
Trd, 259155.233, 130
Trd, 259155.300, 114
Trd, 259156.083, 121
Trd, 259156.133, 122
Trd, 259156.283, 119
Trd, 259156.817, 117
Trd, 259156.850, 116
Trd, 259157.800, 115
Trd, 259157.900, 114
Trd, 259158.183, 111
Trd, 259158.350, 113
Trd, 259158.683, 113
Trd, 259158.800, 111
Trd, 259158.850, 112
Trd, 259158.950, 116
Trd, 259159.167, 139
Trd, 259159.317, 135
Trd, 259159.367, 140
Trd, 259159.517, 131
Trd, 259159.583, 103
Trd, 259159.667, 91
Trd, 259160.033, 107
Trd, 259160.400, 101
Trd, 259160.717, 99
Trd, 259161.033, 105
Trd, 259161.083, 106
Trd, 259161.133, 108
Trd, 259161.283, 105
Trd, 259161.550, 139
Trd, 259161.800, 94
Trd, 259162.083, 132
Trd, 259162.317, 130
Trd, 259162.483, 121
Trd, 259162.567, 119
Trd, 259162.783, 76
Trd, 259163.350, 121
Trd, 259164.000, 121
Trd, 259164.050, 120
Trd, 259164.533, 119
Trd, 259164.817, 117
Trd, 259164.933, 102
Trd, 259164.967, 94
Trd, 259165.100, 117
Trd, 259165.117, 119
Trd, 259165.150, 122
Trd, 259165.283, 129
Trd, 259165.400, 129
Trd, 259165.800, 125
Trd, 259165.900, 127
Trd, 259165.933, 129
Trd, 259166.267, 127
Trd, 259166.867, 140
Trd, 259166.900, 139
Trd, 259167.033, 140
Trd, 259167.550, 139
Trd, 259167.567, 138
Trd, 259167.717, 140
Trd, 259167.733, 126
Trd, 259168.033, 131
Trd, 259168.367, 123
Trd, 259168.533, 113
Trd, 259168.567, 133
Trd, 259168.583, 108
Trd, 259168.983, 132
Trd, 259169.117, 89
Trd, 259169.233, 93
Trd, 259169.517, 92
Trd, 259170.267, 123
Trd, 259170.300, 124
Trd, 259170.650, 114
Trd, 259170.667, 113
Trd, 259171.067, 109
Trd, 259171.083, 108
Trd, 259171.183, 106
Trd, 259171.517, 124
Trd, 259171.533, 125
Trd, 259171.617, 126
Trd, 259172.100, 125
Trd, 259172.250, 119
Trd, 259172.917, 117
Trd, 259173.300, 113
Trd, 259173.650, 111
Trd, 259173.717, 111
Trd, 259173.833, 101
Trd, 259173.950, 108
Trd, 259173.967, 110
Trd, 259174.517, 85
Trd, 259174.600, 85
Trd, 259174.683, 86
Trd, 259174.917, 103
Trd, 259175.033, 100
Trd, 259175.067, 104
Trd, 259175.583, 92
Trd, 259175.900, 93
Trd, 259175.983, 105
Trd, 259176.000, 108
Trd, 259176.100, 109
Trd, 259176.183, 95
Trd, 259176.400, 94
Trd, 259176.450, 132
Trd, 259176.667, 94
Trd, 259177.167, 139
Trd, 259177.600, 139
Trd, 259177.617, 126
Trd, 259177.717, 139
Trd, 259177.767, 118
Trd, 259177.783, 111
Trd, 259178.067, 111
Trd, 259178.267, 110
Trd, 259178.300, 104
Trd, 259178.833, 113
Trd, 259178.850, 101
Trd, 259178.883, 101
Trd, 259179.450, 127
Trd, 259179.600, 127
Trd, 259180.033, 118
Trd, 259180.300, 117
Trd, 259180.333, 94
Trd, 259180.983, 120
Trd, 259181.000, 102
Trd, 259181.300, 105
Trd, 259181.383, 100
Trd, 259181.533, 101
Trd, 259181.550, 98
Trd, 259181.667, 96
Trd, 259181.750, 114
Trd, 259181.833, 116
Trd, 259182.033, 119
Trd, 259182.200, 87
Trd, 259182.233, 88
Trd, 259182.350, 84
Trd, 259182.450, 120
Trd, 259183.783, 101
Trd, 259183.800, 102
Trd, 259183.933, 90
Trd, 259184.100, 90
Trd, 259184.167, 98
Trd, 259184.383, 91
Trd, 259184.517, 90
Trd, 259184.633, 91
Trd, 259184.817, 92
Trd, 259184.900, 93
Trd, 259185.233, 92
Trd, 259185.300, 93
Trd, 259185.400, 96
Trd, 259185.567, 97
Trd, 259185.867, 97
Trd, 259185.900, 88
Trd, 259185.967, 87
Trd, 259186.150, 90
Trd, 259186.733, 113
Trd, 259186.850, 119
Trd, 259187.517, 140
Trd, 259187.667, 140
Trd, 259187.950, 135
Trd, 259188.133, 131
Trd, 259188.317, 131
Trd, 259188.883, 123
Trd, 259189.000, 124
Trd, 259189.233, 125
Trd, 259189.317, 125
Trd, 259189.333, 122
Trd, 259189.533, 122
Trd, 259189.800, 120
Trd, 259190.050, 119
Trd, 259190.250, 105
Trd, 259190.500, 92
Trd, 259190.783, 100
Trd, 259190.850, 110
Trd, 259190.983, 114
Trd, 259191.250, 76
Trd, 259191.450, 115
Trd, 259191.483, 100
Trd, 259192.067, 109
Trd, 259192.183, 99
Trd, 259192.267, 109
Trd, 259192.783, 85
Trd, 259192.983, 85
Trd, 259193.067, 103
Trd, 259193.200, 105
Trd, 259193.500, 89
Trd, 259193.767, 105
Trd, 259193.800, 106
Trd, 259193.867, 107
Trd, 259194.083, 113
Trd, 259194.133, 97
Trd, 259194.267, 91
Trd, 259194.283, 102
Trd, 259194.417, 102
Trd, 259194.817, 113
Trd, 259194.967, 113
Trd, 259195.183, 113
Trd, 259196.100, 140
Trd, 259196.150, 140
Trd, 259196.783, 140
Trd, 259197.633, 140
Trd, 259197.717, 140
Trd, 259197.917, 140
Trd, 259198.200, 140
Trd, 259198.400, 138
Trd, 259198.550, 135
Trd, 259198.717, 134
Trd, 259198.767, 121
Trd, 259198.867, 139
Trd, 259199.150, 139
Trd, 259199.233, 127
Trd, 259199.317, 139
Trd, 259199.633, 139
Trd, 259199.750, 123
Trd, 259199.950, 114
