Trd, 258575.083, 115
Trd, 258575.100, 107
Trd, 258575.383, 115
Trd, 258575.400, 116
Trd, 258575.500, 93
Trd, 258575.667, 120
Trd, 258575.817, 113
Trd, 258575.883, 119
Trd, 258575.900, 98
Trd, 258576.083, 119
Trd, 258576.667, 95
Trd, 258577.317, 108
Trd, 258577.333, 95
Trd, 258577.650, 107
Trd, 258577.950, 108
Trd, 258578.233, 93
Trd, 258578.383, 111
Trd, 258578.600, 109
Trd, 258578.683, 113
Trd, 258578.717, 95
Trd, 258578.767, 94
Trd, 258578.967, 89
Trd, 258579.250, 89
Trd, 258579.950, 128
Trd, 258580.483, 138
Trd, 258580.667, 116
Trd, 258580.983, 116
Trd, 258581.200, 117
Trd, 258581.483, 115
Trd, 258581.533, 115
Trd, 258581.650, 116
Trd, 258582.067, 112
Trd, 258582.117, 111
Trd, 258583.283, 128
Trd, 258583.467, 116
Trd, 258583.783, 120
Trd, 258584.167, 125
Trd, 258584.233, 126
Trd, 258584.300, 128
Trd, 258584.317, 125
Trd, 258584.383, 124
Trd, 258584.933, 123
Trd, 258585.133, 110
Trd, 258585.233, 108
Trd, 258585.283, 103
Trd, 258585.417, 123
Trd, 258585.467, 124
Trd, 258585.483, 126
Trd, 258585.517, 127
Trd, 258585.917, 127
Trd, 258586.017, 126
Trd, 258586.717, 140
Trd, 258587.350, 122
Trd, 258587.433, 110
Trd, 258587.500, 109
Trd, 258587.800, 140
Trd, 258587.933, 139
Trd, 258589.717, 140
Trd, 258589.950, 140
Trd, 258590.167, 140
Trd, 258590.383, 139
Trd, 258590.433, 131
Trd, 258590.533, 130
Trd, 258590.983, 136
Trd, 258591.617, 135
Trd, 258591.850, 136
Trd, 258592.217, 126
Trd, 258592.400, 127
Trd, 258592.600, 126
Trd, 258592.650, 125
Trd, 258592.750, 126
Trd, 258592.867, 123
Trd, 258593.167, 118
Trd, 258593.283, 117
Trd, 258593.433, 114
Trd, 258593.517, 114
Trd, 258593.533, 126
Trd, 258593.950, 114
Trd, 258594.167, 113
Trd, 258594.250, 112
Trd, 258594.417, 116
Trd, 258594.533, 117
Trd, 258594.733, 118
Trd, 258594.967, 104
Trd, 258596.183, 140
Trd, 258596.500, 140
Trd, 258596.633, 140
Trd, 258596.733, 140
Trd, 258596.883, 140
Trd, 258597.067, 140
Trd, 258597.817, 140
Trd, 258597.850, 140
Trd, 258597.950, 123
Trd, 258598.200, 137
Trd, 258598.300, 133
Trd, 258598.333, 119
Trd, 258598.417, 130
Trd, 258598.750, 130
Trd, 258598.933, 129
Trd, 258598.967, 135
Trd, 258599.050, 111
Trd, 258599.067, 118
Trd, 258599.267, 139
Trd, 258599.350, 140
Trd, 258599.467, 138
Trd, 258599.533, 129
Trd, 258599.983, 131
Trd, 258600.467, 109
Trd, 258600.483, 108
Trd, 258600.583, 127
Trd, 258600.600, 121
Trd, 258601.183, 128
Trd, 258601.550, 129
Trd, 258602.050, 127
Trd, 258602.717, 124
Trd, 258603.167, 117
Trd, 258603.267, 116
Trd, 258603.350, 97
Trd, 258603.967, 111
Trd, 258604.050, 93
Trd, 258604.133, 93
Trd, 258604.300, 92
Trd, 258604.350, 99
Trd, 258604.367, 100
Trd, 258604.383, 113
Trd, 258604.467, 110
Trd, 258604.533, 113
Trd, 258604.717, 79
Trd, 258604.750, 122
Trd, 258604.883, 109
Trd, 258605.283, 84
Trd, 258605.350, 92
Trd, 258606.117, 137
Trd, 258606.383, 136
Trd, 258606.450, 128
Trd, 258606.533, 136
Trd, 258606.917, 118
Trd, 258608.283, 118
Trd, 258608.350, 102
Trd, 258608.600, 102
Trd, 258608.883, 140
Trd, 258608.917, 137
Trd, 258609.167, 104
Trd, 258609.450, 105
Trd, 258609.567, 121
Trd, 258610.083, 118
Trd, 258610.200, 118
Trd, 258610.417, 102
Trd, 258610.467, 100
Trd, 258610.500, 112
Trd, 258610.733, 116
Trd, 258611.017, 80
Trd, 258611.417, 111
Trd, 258611.433, 115
Trd, 258611.667, 107
Trd, 258611.767, 115
Trd, 258611.833, 107
Trd, 258611.967, 105
Trd, 258612.417, 107
Trd, 258612.700, 107
Trd, 258612.933, 111
Trd, 258613.067, 112
Trd, 258613.133, 114
Trd, 258613.733, 133
Trd, 258613.983, 117
Trd, 258614.367, 116
Trd, 258614.450, 136
Trd, 258614.500, 126
Trd, 258614.717, 137
Trd, 258614.950, 120
Trd, 258615.150, 116
Trd, 258616.067, 120
Trd, 258616.117, 121
Trd, 258616.450, 132
Trd, 258616.467, 119
Trd, 258616.617, 121
Trd, 258617.383, 114
Trd, 258617.467, 140
Trd, 258617.617, 140
Trd, 258617.717, 140
Trd, 258617.917, 140
Trd, 258618.417, 129
Trd, 258618.617, 113
Trd, 258619.083, 123
Trd, 258619.183, 95
Trd, 258619.317, 130
Trd, 258619.467, 86
Trd, 258619.667, 117
Trd, 258619.917, 100
Trd, 258620.117, 114
Trd, 258620.233, 101
Trd, 258620.300, 102
Trd, 258620.333, 100
Trd, 258620.700, 100
Trd, 258620.817, 99
Trd, 258620.867, 100
Trd, 258621.000, 88
Trd, 258621.100, 100
Trd, 258621.217, 119
Trd, 258621.233, 97
Trd, 258621.500, 89
Trd, 258622.400, 120
Trd, 258622.483, 120
Trd, 258623.133, 92
Trd, 258623.350, 88
Trd, 258623.717, 106
Trd, 258624.050, 105
Trd, 258624.233, 88
Trd, 258624.783, 99
Trd, 258624.933, 89
Trd, 258624.950, 99
Trd, 258624.983, 82
Trd, 258625.383, 113
Trd, 258625.633, 119
Trd, 258625.817, 126
Trd, 258626.033, 109
Trd, 258626.150, 134
Trd, 258626.433, 111
Trd, 258626.533, 134
Trd, 258626.667, 108
Trd, 258626.767, 136
Trd, 258626.883, 107
Trd, 258627.500, 113
Trd, 258628.150, 99
Trd, 258628.200, 109
Trd, 258628.483, 97
Trd, 258628.667, 97
Trd, 258628.733, 95
Trd, 258628.967, 111
Trd, 258629.133, 112
Trd, 258629.700, 111
Trd, 258629.733, 110
Trd, 258629.867, 139
Trd, 258630.033, 92
Trd, 258630.250, 100
Trd, 258630.300, 101
Trd, 258630.417, 104
Trd, 258631.283, 140
Trd, 258631.300, 140
Trd, 258631.633, 140
Trd, 258631.683, 139
Trd, 258631.983, 140
Trd, 258632.217, 138
Trd, 258632.267, 133
Trd, 258632.500, 132
Trd, 258632.567, 123
Trd, 258632.917, 119
Trd, 258633.083, 114
Trd, 258633.367, 111
Trd, 258633.900, 125
Trd, 258634.333, 121
Trd, 258634.733, 115
Trd, 258634.767, 113
Trd, 258634.917, 117
Trd, 258635.367, 114
Trd, 258635.383, 114
Trd, 258635.417, 114
Trd, 258635.733, 114
Trd, 258635.750, 114
Trd, 258636.117, 116
Trd, 258636.433, 117
Trd, 258636.600, 117
Trd, 258636.750, 136
Trd, 258637.183, 131
Trd, 258637.883, 125
Trd, 258638.317, 132
Trd, 258638.333, 115
Trd, 258638.350, 133
Trd, 258638.583, 140
Trd, 258638.733, 140
Trd, 258639.617, 138
Trd, 258639.867, 133
Trd, 258640.433, 133
Trd, 258640.817, 132
Trd, 258640.883, 131
Trd, 258641.167, 130
Trd, 258641.383, 135
Trd, 258641.550, 130
Trd, 258641.683, 129
Trd, 258641.733, 129
Trd, 258641.950, 119
Trd, 258642.050, 132
Trd, 258642.133, 119
Trd, 258642.150, 135
Trd, 258642.533, 137
Trd, 258642.617, 122
Trd, 258643.117, 119
Trd, 258643.400, 117
Trd, 258643.500, 118
Trd, 258643.733, 116
Trd, 258644.433, 107
Trd, 258644.500, 118
Trd, 258644.650, 103
Trd, 258645.200, 103
Trd, 258645.233, 102
Trd, 258645.867, 116
Trd, 258646.417, 103
Trd, 258646.917, 140
Trd, 258647.167, 140
Trd, 258647.283, 129
Trd, 258647.333, 128
Trd, 258647.667, 132
Trd, 258647.750, 131
Trd, 258647.800, 123
Trd, 258647.950, 114
Trd, 258648.300, 122
Trd, 258648.617, 116
Trd, 258648.750, 139
Trd, 258648.967, 139
Trd, 258649.067, 126
Trd, 258649.133, 125
Trd, 258649.200, 110
Trd, 258650.017, 140
Trd, 258650.250, 140
Trd, 258650.283, 140
Trd, 258650.300, 129
Trd, 258650.883, 130
Trd, 258650.950, 131
Trd, 258651.000, 133
Trd, 258651.467, 135
Trd, 258652.400, 135
Trd, 258652.600, 134
Trd, 258652.783, 134
Trd, 258652.900, 128
Trd, 258653.350, 118
Trd, 258653.733, 126
Trd, 258653.867, 125
Trd, 258654.133, 123
Trd, 258654.150, 130
Trd, 258654.317, 137
Trd, 258654.767, 138
Trd, 258654.817, 138
Trd, 258655.767, 140
Trd, 258656.467, 140
Trd, 258656.933, 140
Trd, 258657.250, 140
Trd, 258657.300, 140
Trd, 258657.517, 131
Trd, 258657.867, 129
Trd, 258658.100, 139
Trd, 258658.133, 122
Trd, 258658.533, 128
Trd, 258658.567, 107
Trd, 258658.967, 135
Trd, 258659.367, 136
Trd, 258659.383, 135
Trd, 258659.650, 140
Trd, 258659.683, 135
Trd, 258660.417, 134
Trd, 258660.817, 140
Trd, 258660.900, 127
Trd, 258661.117, 133
Trd, 258661.250, 125
Trd, 258661.300, 123
Trd, 258661.417, 121
Trd, 258661.450, 117
Trd, 258661.733, 119
Trd, 258661.950, 118
Trd, 258662.200, 117
Trd, 258662.283, 93
Trd, 258662.717, 123
Trd, 258662.817, 104
Trd, 258663.200, 108
Trd, 258664.050, 118
Trd, 258664.550, 114
Trd, 258664.650, 113
Trd, 258664.783, 116
Trd, 258665.150, 102
Trd, 258665.217, 107
Trd, 258665.233, 117
Trd, 258665.400, 121
Trd, 258665.417, 100
Trd, 258665.917, 125
Trd, 258666.267, 137
Trd, 258666.367, 136
Trd, 258666.483, 135
Trd, 258666.583, 115
Trd, 258666.683, 124
Trd, 258667.383, 140
Trd, 258667.483, 140
Trd, 258667.683, 138
Trd, 258668.183, 140
Trd, 258668.233, 127
Trd, 258668.383, 128
Trd, 258668.733, 117
Trd, 258668.983, 105
Trd, 258669.033, 117
Trd, 258669.083, 110
Trd, 258669.150, 94
Trd, 258669.433, 113
Trd, 258669.483, 115
Trd, 258669.533, 116
Trd, 258669.650, 110
Trd, 258669.850, 117
Trd, 258670.433, 95
Trd, 258670.633, 113
Trd, 258670.683, 115
Trd, 258670.833, 91
Trd, 258671.333, 112
Trd, 258671.383, 113
Trd, 258671.550, 118
Trd, 258671.817, 115
Trd, 258673.083, 140
Trd, 258673.383, 139
Trd, 258673.683, 135
Trd, 258674.100, 133
Trd, 258674.283, 129
Trd, 258674.633, 129
Trd, 258674.833, 129
Trd, 258675.483, 128
Trd, 258675.633, 119
Trd, 258676.083, 127
Trd, 258676.133, 123
Trd, 258676.467, 115
Trd, 258676.483, 127
Trd, 258676.650, 114
Trd, 258676.867, 114
Trd, 258676.983, 124
Trd, 258677.017, 125
Trd, 258677.083, 113
Trd, 258677.117, 126
Trd, 258677.283, 108
Trd, 258677.600, 128
Trd, 258677.717, 138
Trd, 258678.300, 102
Trd, 258678.867, 135
Trd, 258678.933, 136
Trd, 258679.117, 133
Trd, 258679.283, 136
Trd, 258679.317, 132
Trd, 258679.350, 129
Trd, 258679.417, 102
Trd, 258679.817, 117
Trd, 258680.017, 118
Trd, 258680.317, 139
Trd, 258680.383, 134
Trd, 258680.433, 121
Trd, 258681.100, 113
Trd, 258681.167, 112
Trd, 258681.300, 112
Trd, 258682.350, 113
Trd, 258682.400, 114
Trd, 258682.533, 114
Trd, 258682.917, 116
Trd, 258683.017, 133
Trd, 258683.100, 113
Trd, 258683.250, 133
Trd, 258683.283, 111
Trd, 258683.350, 110
Trd, 258683.967, 138
Trd, 258684.233, 137
Trd, 258684.250, 134
Trd, 258684.400, 116
Trd, 258685.383, 133
Trd, 258685.767, 137
Trd, 258686.283, 125
Trd, 258686.400, 123
Trd, 258686.650, 132
Trd, 258686.783, 134
Trd, 258687.083, 136
Trd, 258687.200, 135
Trd, 258687.383, 131
Trd, 258687.633, 135
Trd, 258687.717, 132
Trd, 258687.883, 131
Trd, 258688.133, 135
Trd, 258689.300, 120
Trd, 258689.417, 120
Trd, 258689.433, 115
Trd, 258689.500, 116
Trd, 258689.567, 122
Trd, 258689.583, 114
Trd, 258689.800, 103
Trd, 258689.983, 104
Trd, 258690.233, 107
Trd, 258690.250, 93
Trd, 258690.317, 108
Trd, 258690.417, 91
Trd, 258690.767, 111
Trd, 258691.383, 128
Trd, 258692.200, 140
Trd, 258692.383, 139
Trd, 258692.567, 132
Trd, 258693.433, 140
Trd, 258693.833, 140
Trd, 258693.850, 140
Trd, 258693.867, 140
Trd, 258694.000, 140
Trd, 258694.067, 140
Trd, 258694.150, 140
Trd, 258694.467, 137
Trd, 258694.750, 137
Trd, 258694.900, 128
Trd, 258695.367, 135
Trd, 258695.400, 132
Trd, 258695.883, 133
Trd, 258696.367, 131
Trd, 258696.733, 130
Trd, 258697.383, 128
Trd, 258697.717, 117
Trd, 258697.750, 125
Trd, 258697.783, 127
Trd, 258697.950, 109
Trd, 258697.967, 122
Trd, 258698.050, 126
Trd, 258698.067, 129
Trd, 258698.450, 134
Trd, 258699.233, 137
Trd, 258699.300, 128
Trd, 258699.633, 136
Trd, 258699.833, 136
Trd, 258700.300, 140
Trd, 258701.583, 140
Trd, 258701.933, 140
Trd, 258702.183, 140
Trd, 258702.633, 140
Trd, 258702.750, 140
Trd, 258702.783, 140
Trd, 258703.083, 129
Trd, 258703.633, 133
Trd, 258703.767, 115
Trd, 258704.467, 130
Trd, 258704.500, 124
Trd, 258704.617, 104
Trd, 258705.317, 121
Trd, 258705.333, 85
Trd, 258705.483, 79
Trd, 258705.650, 122
Trd, 258706.033, 122
Trd, 258706.183, 103
Trd, 258706.333, 109
Trd, 258706.417, 111
Trd, 258706.617, 110
Trd, 258706.917, 124
Trd, 258707.017, 128
Trd, 258707.100, 126
Trd, 258707.183, 125
Trd, 258707.233, 129
Trd, 258707.433, 132
Trd, 258707.633, 133
Trd, 258708.000, 130
Trd, 258708.050, 126
Trd, 258708.100, 125
Trd, 258708.300, 117
Trd, 258708.417, 113
Trd, 258709.700, 140
Trd, 258709.817, 139
Trd, 258709.983, 123
Trd, 258710.350, 106
Trd, 258711.183, 140
Trd, 258711.233, 140
Trd, 258711.433, 140
Trd, 258711.617, 140
Trd, 258711.817, 140
Trd, 258712.300, 140
Trd, 258712.317, 139
Trd, 258712.700, 137
Trd, 258713.300, 129
Trd, 258713.600, 128
Trd, 258713.633, 127
Trd, 258713.833, 127
Trd, 258713.850, 128
Trd, 258713.883, 116
Trd, 258713.900, 113
Trd, 258714.117, 116
Trd, 258714.350, 115
Trd, 258715.150, 119
Trd, 258715.600, 118
Trd, 258715.817, 119
Trd, 258715.850, 111
Trd, 258715.900, 120
Trd, 258716.067, 107
Trd, 258716.850, 111
Trd, 258717.033, 120
Trd, 258717.050, 107
Trd, 258717.400, 108
Trd, 258717.450, 107
Trd, 258717.667, 107
Trd, 258717.717, 106
Trd, 258717.850, 116
Trd, 258718.100, 102
Trd, 258718.717, 118
Trd, 258718.867, 114
Trd, 258718.883, 118
Trd, 258718.917, 119
Trd, 258718.950, 102
Trd, 258719.050, 102
Trd, 258719.450, 129
Trd, 258720.067, 125
Trd, 258720.117, 119
Trd, 258720.267, 127
Trd, 258720.433, 138
Trd, 258720.933, 114
Trd, 258721.067, 110
Trd, 258721.267, 108
Trd, 258721.317, 118
Trd, 258721.350, 107
Trd, 258722.150, 88
Trd, 258722.517, 90
Trd, 258722.817, 88
Trd, 258722.967, 91
Trd, 258723.150, 102
Trd, 258723.300, 103
Trd, 258723.433, 104
Trd, 258723.450, 106
Trd, 258723.467, 130
Trd, 258723.933, 124
Trd, 258724.267, 127
Trd, 258724.517, 130
Trd, 258724.950, 128
Trd, 258725.233, 139
Trd, 258725.350, 125
Trd, 258725.817, 123
Trd, 258726.183, 133
Trd, 258726.433, 118
Trd, 258726.483, 129
Trd, 258726.633, 134
Trd, 258727.083, 122
Trd, 258727.233, 134
Trd, 258727.250, 122
Trd, 258727.417, 119
Trd, 258727.433, 118
Trd, 258727.833, 134
Trd, 258728.067, 132
Trd, 258728.333, 122
Trd, 258728.417, 117
Trd, 258728.767, 116
Trd, 258729.200, 117
Trd, 258729.450, 130
Trd, 258729.517, 117
Trd, 258729.550, 131
Trd, 258729.850, 119
Trd, 258730.050, 116
Trd, 258730.167, 122
Trd, 258730.200, 128
Trd, 258730.467, 125
Trd, 258730.900, 124
Trd, 258731.083, 121
Trd, 258731.417, 116
Trd, 258731.500, 122
Trd, 258731.783, 106
Trd, 258731.917, 105
Trd, 258732.450, 121
Trd, 258732.467, 122
Trd, 258733.200, 104
Trd, 258733.267, 123
Trd, 258733.300, 136
Trd, 258733.450, 103
Trd, 258733.650, 102
Trd, 258733.700, 138
Trd, 258733.767, 101
Trd, 258733.883, 94
Trd, 258734.117, 109
Trd, 258734.333, 140
Trd, 258734.700, 138
Trd, 258734.717, 122
Trd, 258734.883, 99
Trd, 258735.383, 76
Trd, 258735.467, 108
Trd, 258735.650, 95
Trd, 258735.683, 96
Trd, 258735.783, 109
Trd, 258735.950, 110
Trd, 258736.133, 109
Trd, 258736.283, 101
Trd, 258736.450, 61
Trd, 258736.983, 109
Trd, 258737.250, 107
Trd, 258737.433, 116
Trd, 258737.650, 95
Trd, 258738.317, 131
Trd, 258738.583, 132
Trd, 258738.617, 132
Trd, 258738.650, 131
Trd, 258738.667, 130
Trd, 258738.833, 130
Trd, 258738.850, 129
Trd, 258739.217, 131
Trd, 258739.350, 130
Trd, 258739.733, 126
Trd, 258739.900, 127
Trd, 258741.333, 127
Trd, 258741.467, 127
Trd, 258741.533, 132
Trd, 258741.683, 125
Trd, 258742.083, 116
Trd, 258742.667, 122
Trd, 258743.017, 117
Trd, 258743.350, 114
Trd, 258743.517, 119
Trd, 258743.600, 119
Trd, 258744.150, 117
Trd, 258744.250, 115
Trd, 258744.467, 117
Trd, 258744.650, 119
Trd, 258744.667, 116
Trd, 258744.750, 112
Trd, 258744.767, 111
Trd, 258744.783, 110
Trd, 258744.967, 123
Trd, 258745.333, 119
Trd, 258746.017, 115
Trd, 258746.050, 112
Trd, 258746.083, 116
Trd, 258746.167, 120
Trd, 258746.183, 106
Trd, 258746.267, 131
Trd, 258746.500, 140
Trd, 258747.450, 138
Trd, 258747.617, 138
Trd, 258748.017, 138
Trd, 258748.150, 138
Trd, 258748.733, 139
Trd, 258748.883, 138
Trd, 258749.467, 138
Trd, 258749.667, 139
Trd, 258749.800, 132
Trd, 258749.867, 130
Trd, 258750.017, 128
Trd, 258750.150, 128
Trd, 258750.400, 140
Trd, 258750.883, 134
Trd, 258751.150, 138
Trd, 258751.250, 138
Trd, 258751.400, 132
Trd, 258751.800, 126
Trd, 258752.200, 126
Trd, 258752.267, 124
Trd, 258752.367, 134
Trd, 258753.100, 124
Trd, 258753.450, 120
Trd, 258753.517, 121
Trd, 258753.600, 125
Trd, 258753.950, 119
Trd, 258753.967, 119
Trd, 258754.267, 129
Trd, 258754.283, 122
Trd, 258754.683, 140
Trd, 258754.867, 140
Trd, 258755.100, 140
Trd, 258755.117, 140
Trd, 258755.233, 132
Trd, 258755.300, 125
Trd, 258755.517, 123
Trd, 258756.150, 140
Trd, 258756.517, 139
Trd, 258756.917, 123
Trd, 258757.550, 137
Trd, 258758.167, 125
Trd, 258758.217, 121
Trd, 258758.267, 118
Trd, 258758.583, 119
Trd, 258758.783, 134
Trd, 258759.067, 127
Trd, 258759.100, 121
Trd, 258759.233, 133
Trd, 258759.417, 117
Trd, 258759.767, 130
Trd, 258760.050, 128
Trd, 258760.150, 125
Trd, 258760.433, 122
Trd, 258760.850, 125
Trd, 258760.967, 127
Trd, 258761.167, 128
Trd, 258761.367, 124
Trd, 258761.867, 132
Trd, 258762.033, 123
Trd, 258762.350, 123
Trd, 258762.400, 122
Trd, 258762.433, 116
Trd, 258762.533, 116
Trd, 258763.150, 139
Trd, 258763.650, 129
Trd, 258763.717, 123
Trd, 258763.950, 140
Trd, 258764.867, 140
Trd, 258765.433, 140
Trd, 258765.533, 140
Trd, 258765.833, 140
Trd, 258765.950, 139
Trd, 258766.000, 139
Trd, 258766.100, 138
Trd, 258766.300, 136
Trd, 258766.400, 129
Trd, 258766.667, 128
Trd, 258766.683, 122
Trd, 258767.367, 115
Trd, 258767.467, 131
Trd, 258767.733, 118
Trd, 258767.850, 93
Trd, 258767.933, 90
Trd, 258768.017, 123
Trd, 258768.200, 127
Trd, 258768.717, 98
Trd, 258768.850, 99
Trd, 258768.933, 130
Trd, 258769.183, 131
Trd, 258769.250, 134
Trd, 258769.483, 119
Trd, 258769.650, 139
Trd, 258770.950, 140
Trd, 258771.650, 140
Trd, 258771.717, 140
Trd, 258771.817, 140
Trd, 258771.883, 140
Trd, 258772.300, 140
Trd, 258772.417, 140
Trd, 258772.483, 140
Trd, 258772.633, 132
Trd, 258772.850, 129
Trd, 258773.050, 131
Trd, 258773.683, 133
Trd, 258773.817, 125
Trd, 258774.050, 120
Trd, 258774.317, 118
Trd, 258774.700, 131
Trd, 258774.817, 114
Trd, 258774.883, 113
Trd, 258775.117, 123
Trd, 258775.233, 129
Trd, 258775.567, 115
Trd, 258775.667, 115
Trd, 258775.750, 117
Trd, 258775.950, 115
Trd, 258776.067, 114
Trd, 258776.183, 129
Trd, 258776.400, 102
Trd, 258776.533, 115
Trd, 258777.017, 103
Trd, 258777.050, 100
Trd, 258777.400, 108
Trd, 258777.650, 98
Trd, 258777.917, 108
Trd, 258778.133, 109
Trd, 258778.467, 140
Trd, 258778.483, 140
Trd, 258778.667, 126
Trd, 258778.767, 124
Trd, 258779.450, 140
Trd, 258779.967, 140
Trd, 258780.350, 140
Trd, 258780.600, 139
Trd, 258781.267, 140
Trd, 258781.667, 139
Trd, 258781.850, 139
Trd, 258781.883, 139
Trd, 258781.983, 138
Trd, 258782.350, 139
Trd, 258782.700, 138
Trd, 258783.050, 137
Trd, 258783.317, 114
Trd, 258783.367, 138
Trd, 258783.433, 109
Trd, 258783.583, 109
Trd, 258783.917, 115
Trd, 258784.200, 101
Trd, 258784.383, 108
Trd, 258785.050, 124
Trd, 258785.583, 109
Trd, 258785.717, 131
Trd, 258786.167, 107
Trd, 258786.433, 113
Trd, 258786.483, 114
Trd, 258786.567, 106
Trd, 258787.033, 78
Trd, 258787.067, 89
Trd, 258787.500, 114
Trd, 258787.817, 110
Trd, 258788.000, 137
Trd, 258788.300, 115
Trd, 258788.483, 121
Trd, 258788.583, 111
Trd, 258789.083, 125
Trd, 258789.183, 124
Trd, 258789.717, 131
Trd, 258789.767, 119
Trd, 258790.167, 117
Trd, 258790.833, 127
Trd, 258790.900, 128
Trd, 258791.283, 122
Trd, 258791.717, 123
Trd, 258792.250, 122
Trd, 258792.350, 125
Trd, 258792.667, 124
Trd, 258792.683, 126
Trd, 258792.700, 121
Trd, 258792.750, 120
Trd, 258792.967, 127
Trd, 258793.383, 122
Trd, 258793.467, 121
Trd, 258793.683, 113
Trd, 258794.283, 123
Trd, 258794.417, 128
Trd, 258794.433, 121
Trd, 258794.783, 124
Trd, 258795.133, 127
Trd, 258795.300, 122
Trd, 258795.333, 129
Trd, 258795.433, 110
Trd, 258795.533, 109
Trd, 258795.867, 121
Trd, 258796.100, 113
Trd, 258796.317, 112
Trd, 258796.367, 132
Trd, 258796.400, 111
Trd, 258797.250, 140
Trd, 258798.433, 140
Trd, 258798.467, 140
Trd, 258798.600, 140
Trd, 258799.033, 140
Trd, 258799.133, 139
Trd, 258799.633, 138
Trd, 258799.650, 128
Trd, 258800.017, 116
Trd, 258800.250, 120
Trd, 258800.317, 127
Trd, 258800.617, 108
Trd, 258800.650, 111
Trd, 258800.883, 125
Trd, 258801.417, 122
Trd, 258801.467, 123
Trd, 258801.567, 110
Trd, 258801.817, 110
Trd, 258802.117, 116
Trd, 258802.200, 122
Trd, 258802.317, 111
Trd, 258802.600, 114
Trd, 258802.633, 111
Trd, 258802.983, 109
Trd, 258803.050, 102
Trd, 258803.450, 111
Trd, 258803.717, 118
Trd, 258803.833, 102
Trd, 258804.200, 116
Trd, 258804.600, 109
Trd, 258804.750, 96
Trd, 258804.767, 101
Trd, 258804.933, 110
Trd, 258805.367, 116
Trd, 258806.333, 105
Trd, 258806.450, 104
Trd, 258806.533, 135
Trd, 258806.550, 137
Trd, 258807.300, 140
Trd, 258807.433, 140
Trd, 258807.600, 139
Trd, 258807.650, 134
Trd, 258807.883, 109
Trd, 258807.933, 108
Trd, 258808.083, 132
Trd, 258808.600, 125
Trd, 258808.783, 127
Trd, 258808.883, 129
Trd, 258809.067, 127
Trd, 258809.150, 128
Trd, 258809.183, 129
Trd, 258809.200, 126
Trd, 258809.417, 116
Trd, 258809.817, 130
Trd, 258809.900, 129
Trd, 258810.017, 110
Trd, 258810.717, 110
Trd, 258810.767, 109
Trd, 258811.150, 131
Trd, 258811.300, 132
Trd, 258811.467, 99
Trd, 258811.717, 97
Trd, 258811.800, 107
Trd, 258812.483, 136
Trd, 258812.667, 135
Trd, 258812.833, 127
Trd, 258813.250, 136
Trd, 258813.400, 134
Trd, 258813.617, 123
Trd, 258813.850, 133
Trd, 258814.150, 124
Trd, 258814.300, 121
Trd, 258814.383, 132
Trd, 258814.483, 127
Trd, 258814.900, 125
Trd, 258815.017, 128
Trd, 258815.300, 123
Trd, 258815.850, 128
Trd, 258815.900, 119
Trd, 258815.950, 118
Trd, 258816.367, 116
Trd, 258816.583, 125
Trd, 258816.667, 124
Trd, 258816.733, 126
Trd, 258816.817, 109
Trd, 258817.183, 140
Trd, 258817.483, 109
Trd, 258817.817, 110
Trd, 258817.917, 102
Trd, 258818.350, 102
Trd, 258818.983, 128
Trd, 258819.300, 112
Trd, 258819.933, 123
Trd, 258819.983, 121
Trd, 258820.383, 127
Trd, 258820.883, 125
Trd, 258820.950, 124
Trd, 258821.767, 117
Trd, 258821.917, 126
Trd, 258822.033, 116
Trd, 258822.283, 127
Trd, 258822.583, 115
Trd, 258822.767, 115
Trd, 258822.883, 115
Trd, 258823.050, 127
Trd, 258823.417, 112
Trd, 258823.550, 111
Trd, 258823.883, 101
Trd, 258824.200, 110
Trd, 258824.233, 101
Trd, 258824.400, 90
Trd, 258825.017, 99
Trd, 258825.033, 105
Trd, 258825.150, 96
Trd, 258825.217, 105
Trd, 258825.400, 106
Trd, 258825.483, 95
Trd, 258825.517, 88
Trd, 258825.550, 118
Trd, 258825.750, 83
Trd, 258826.000, 120
Trd, 258826.917, 113
Trd, 258827.050, 107
Trd, 258827.100, 114
Trd, 258827.333, 109
Trd, 258827.667, 109
Trd, 258827.883, 112
Trd, 258828.250, 111
Trd, 258828.300, 99
Trd, 258828.767, 109
Trd, 258828.983, 110
Trd, 258829.050, 110
Trd, 258829.133, 95
Trd, 258829.483, 102
Trd, 258830.483, 109
Trd, 258830.683, 113
Trd, 258830.900, 113
Trd, 258831.050, 113
Trd, 258831.333, 139
Trd, 258831.450, 134
Trd, 258831.650, 139
Trd, 258831.750, 133
Trd, 258831.817, 125
Trd, 258833.083, 140
Trd, 258833.700, 140
Trd, 258833.717, 140
Trd, 258833.800, 140
Trd, 258834.400, 139
Trd, 258834.600, 139
Trd, 258834.800, 138
Trd, 258834.900, 139
Trd, 258835.433, 136
Trd, 258835.600, 136
Trd, 258835.683, 131
Trd, 258835.767, 128
Trd, 258835.817, 109
Trd, 258835.983, 135
Trd, 258836.300, 110
Trd, 258836.533, 131
Trd, 258836.633, 104
Trd, 258837.000, 106
Trd, 258837.617, 126
Trd, 258837.817, 125
Trd, 258837.933, 116
Trd, 258838.133, 128
Trd, 258838.200, 129
Trd, 258838.283, 112
Trd, 258838.317, 99
Trd, 258838.867, 102
Trd, 258839.283, 122
Trd, 258839.367, 121
Trd, 258839.600, 114
Trd, 258839.767, 120
Trd, 258840.583, 116
Trd, 258840.933, 115
Trd, 258841.133, 108
Trd, 258841.250, 113
Trd, 258841.700, 107
Trd, 258841.733, 113
Trd, 258841.817, 114
Trd, 258842.017, 113
Trd, 258842.233, 109
Trd, 258842.250, 107
Trd, 258842.283, 115
Trd, 258842.350, 98
Trd, 258842.567, 116
Trd, 258842.767, 110
Trd, 258843.633, 122
Trd, 258843.683, 121
Trd, 258844.267, 133
Trd, 258844.617, 124
Trd, 258844.717, 111
Trd, 258845.050, 126
Trd, 258845.383, 127
Trd, 258845.417, 126
Trd, 258845.633, 125
Trd, 258845.750, 123
Trd, 258845.800, 122
Trd, 258845.950, 127
Trd, 258846.117, 115
Trd, 258846.450, 98
Trd, 258847.117, 97
Trd, 258847.650, 98
Trd, 258847.667, 125
Trd, 258848.117, 120
Trd, 258848.217, 122
Trd, 258848.400, 119
Trd, 258848.467, 93
Trd, 258848.667, 92
Trd, 258849.200, 94
Trd, 258849.233, 92
Trd, 258849.250, 123
Trd, 258849.333, 91
Trd, 258850.150, 120
Trd, 258850.383, 119
Trd, 258851.000, 121
Trd, 258851.050, 122
Trd, 258851.067, 113
Trd, 258851.467, 106
Trd, 258851.800, 133
Trd, 258851.867, 133
Trd, 258851.883, 132
Trd, 258852.167, 132
Trd, 258852.367, 140
Trd, 258852.883, 127
Trd, 258852.967, 126
Trd, 258852.983, 118
Trd, 258853.050, 138
Trd, 258853.417, 127
Trd, 258853.500, 126
Trd, 258853.867, 134
Trd, 258854.050, 134
Trd, 258854.300, 121
Trd, 258854.817, 134
Trd, 258854.967, 118
Trd, 258855.350, 134
Trd, 258855.650, 133
Trd, 258857.350, 139
Trd, 258857.400, 137
Trd, 258857.800, 138
Trd, 258857.967, 136
Trd, 258858.117, 140
Trd, 258858.367, 138
Trd, 258858.683, 132
Trd, 258858.717, 131
Trd, 258858.900, 121
Trd, 258858.933, 118
Trd, 258859.000, 136
Trd, 258859.183, 115
Trd, 258859.367, 135
Trd, 258859.467, 119
Trd, 258859.567, 114
Trd, 258859.783, 102
Trd, 258859.817, 95
Trd, 258860.483, 124
Trd, 258860.650, 115
Trd, 258860.683, 127
Trd, 258861.250, 121
Trd, 258861.333, 122
Trd, 258861.450, 122
Trd, 258861.500, 125
Trd, 258861.767, 134
Trd, 258861.883, 118
Trd, 258861.967, 117
Trd, 258862.133, 115
Trd, 258862.317, 140
Trd, 258862.550, 140
Trd, 258862.617, 115
Trd, 258862.750, 112
Trd, 258862.850, 140
Trd, 258862.983, 122
Trd, 258863.517, 139
Trd, 258864.117, 126
Trd, 258864.417, 125
Trd, 258864.717, 129
Trd, 258864.933, 124
Trd, 258865.033, 132
Trd, 258865.917, 118
Trd, 258866.317, 125
Trd, 258866.400, 118
Trd, 258866.667, 121
Trd, 258866.783, 122
Trd, 258867.150, 120
Trd, 258867.167, 122
Trd, 258867.283, 119
Trd, 258867.333, 124
Trd, 258867.700, 123
Trd, 258867.883, 121
Trd, 258867.933, 120
Trd, 258868.067, 124
Trd, 258868.233, 118
Trd, 258868.783, 139
Trd, 258868.883, 132
Trd, 258868.950, 125
Trd, 258869.100, 124
Trd, 258869.533, 137
Trd, 258870.217, 126
Trd, 258870.433, 125
Trd, 258870.467, 119
Trd, 258870.933, 115
Trd, 258870.967, 109
Trd, 258871.217, 107
Trd, 258871.250, 122
Trd, 258872.167, 98
Trd, 258872.450, 113
Trd, 258872.500, 116
Trd, 258872.583, 117
Trd, 258872.600, 112
Trd, 258873.850, 140
Trd, 258873.883, 140
Trd, 258873.950, 140
Trd, 258874.050, 139
Trd, 258874.850, 133
Trd, 258875.483, 132
Trd, 258875.517, 131
Trd, 258875.533, 130
Trd, 258875.783, 140
Trd, 258876.017, 128
Trd, 258876.150, 127
Trd, 258876.250, 122
Trd, 258876.317, 119
Trd, 258876.450, 113
Trd, 258876.750, 118
Trd, 258876.800, 114
Trd, 258876.933, 121
Trd, 258876.950, 122
Trd, 258877.600, 128
Trd, 258878.183, 127
Trd, 258878.300, 127
Trd, 258878.700, 126
Trd, 258878.933, 123
Trd, 258879.317, 120
Trd, 258879.400, 117
Trd, 258879.500, 116
Trd, 258879.917, 116
Trd, 258879.950, 118
Trd, 258880.633, 116
Trd, 258881.400, 115
Trd, 258881.733, 110
Trd, 258881.867, 102
Trd, 258882.017, 117
Trd, 258882.033, 102
Trd, 258882.050, 100
Trd, 258882.400, 110
Trd, 258882.800, 109
Trd, 258882.867, 108
Trd, 258883.000, 116
Trd, 258883.150, 126
Trd, 258883.250, 134
Trd, 258883.683, 129
Trd, 258883.767, 135
Trd, 258883.967, 135
Trd, 258884.033, 136
Trd, 258884.217, 134
Trd, 258884.317, 128
Trd, 258884.333, 112
Trd, 258884.350, 111
Trd, 258884.783, 107
Trd, 258885.117, 125
Trd, 258885.167, 113
Trd, 258885.317, 108
Trd, 258885.450, 102
Trd, 258885.833, 110
Trd, 258886.467, 125
Trd, 258886.767, 125
Trd, 258887.133, 124
Trd, 258887.150, 123
Trd, 258887.433, 125
Trd, 258887.467, 133
Trd, 258887.583, 134
Trd, 258888.150, 112
Trd, 258888.733, 128
Trd, 258888.767, 106
Trd, 258888.983, 110
Trd, 258889.200, 126
Trd, 258889.583, 125
Trd, 258889.767, 117
Trd, 258890.350, 123
Trd, 258890.483, 123
Trd, 258890.817, 122
Trd, 258891.000, 123
Trd, 258891.150, 124
Trd, 258891.450, 124
Trd, 258891.483, 125
Trd, 258891.733, 125
Trd, 258891.817, 124
Trd, 258892.567, 136
Trd, 258892.767, 140
Trd, 258892.900, 140
Trd, 258893.050, 135
Trd, 258893.117, 134
Trd, 258893.217, 125
Trd, 258894.250, 120
Trd, 258894.283, 121
Trd, 258894.433, 117
Trd, 258894.633, 115
Trd, 258894.783, 101
Trd, 258894.833, 119
Trd, 258894.850, 122
Trd, 258895.267, 123
Trd, 258895.300, 124
Trd, 258895.883, 134
Trd, 258895.917, 122
Trd, 258895.967, 137
Trd, 258896.400, 124
Trd, 258896.500, 123
Trd, 258897.267, 140
Trd, 258897.317, 137
Trd, 258897.350, 128
Trd, 258897.983, 135
Trd, 258898.733, 136
Trd, 258898.817, 137
Trd, 258898.850, 134
Trd, 258899.083, 135
Trd, 258899.217, 134
Trd, 258899.433, 134
Trd, 258899.533, 134
Trd, 258899.550, 133
Trd, 258899.883, 128
Trd, 258899.900, 121
Trd, 258900.083, 122
Trd, 258900.717, 121
Trd, 258900.750, 111
Trd, 258900.917, 110
Trd, 258901.050, 109
Trd, 258901.233, 109
Trd, 258901.567, 108
Trd, 258901.633, 103
Trd, 258901.850, 97
Trd, 258901.900, 114
Trd, 258901.933, 112
Trd, 258902.133, 87
Trd, 258902.250, 115
Trd, 258902.550, 128
Trd, 258902.850, 121
Trd, 258903.317, 81
Trd, 258903.600, 113
Trd, 258903.833, 125
Trd, 258904.850, 140
Trd, 258905.617, 139
Trd, 258906.333, 140
Trd, 258906.650, 140
Trd, 258906.683, 140
Trd, 258906.750, 140
Trd, 258907.150, 138
Trd, 258907.400, 117
Trd, 258907.450, 120
Trd, 258907.617, 107
Trd, 258908.233, 108
Trd, 258908.283, 120
Trd, 258908.350, 111
Trd, 258908.400, 104
Trd, 258908.650, 121
Trd, 258908.667, 122
Trd, 258908.817, 105
Trd, 258908.883, 123
Trd, 258908.933, 127
Trd, 258909.450, 114
Trd, 258909.567, 113
Trd, 258910.117, 110
Trd, 258910.233, 126
Trd, 258910.350, 110
Trd, 258910.450, 127
Trd, 258911.033, 104
Trd, 258911.167, 104
Trd, 258911.600, 126
Trd, 258911.750, 108
Trd, 258912.350, 109
Trd, 258912.733, 130
Trd, 258912.800, 129
Trd, 258913.050, 127
Trd, 258913.500, 126
Trd, 258913.550, 113
Trd, 258913.600, 132
Trd, 258914.233, 108
Trd, 258914.317, 110
Trd, 258914.350, 112
Trd, 258914.483, 105
Trd, 258914.550, 133
Trd, 258914.717, 122
Trd, 258914.950, 109
Trd, 258914.983, 133
Trd, 258915.500, 140
Trd, 258915.583, 140
Trd, 258916.250, 140
Trd, 258916.283, 140
Trd, 258916.617, 140
Trd, 258916.833, 140
Trd, 258916.983, 140
Trd, 258917.017, 140
Trd, 258917.183, 127
Trd, 258917.317, 123
Trd, 258917.433, 121
Trd, 258918.017, 103
Trd, 258918.050, 95
Trd, 258918.500, 135
Trd, 258918.933, 132
Trd, 258919.217, 105
Trd, 258919.533, 91
Trd, 258919.717, 102
Trd, 258919.800, 103
Trd, 258920.000, 107
Trd, 258920.167, 93
Trd, 258920.600, 86
Trd, 258921.000, 91
Trd, 258921.050, 92
Trd, 258921.617, 115
Trd, 258922.033, 135
Trd, 258922.117, 134
Trd, 258922.367, 127
Trd, 258922.650, 118
Trd, 258922.850, 128
Trd, 258922.983, 122
Trd, 258923.333, 118
Trd, 258923.483, 115
Trd, 258923.517, 114
Trd, 258924.167, 89
Trd, 258924.300, 88
Trd, 258924.567, 116
Trd, 258924.700, 101
Trd, 258924.917, 116
Trd, 258924.950, 120
Trd, 258925.267, 101
Trd, 258925.467, 140
Trd, 258927.017, 140
Trd, 258927.467, 140
Trd, 258927.783, 139
Trd, 258928.033, 131
Trd, 258928.500, 132
Trd, 258929.033, 129
Trd, 258929.050, 128
Trd, 258929.600, 129
Trd, 258929.667, 129
Trd, 258929.717, 128
Trd, 258929.733, 127
Trd, 258929.767, 130
Trd, 258929.783, 127
Trd, 258929.950, 133
Trd, 258929.983, 118
Trd, 258930.267, 133
Trd, 258930.300, 113
Trd, 258930.433, 112
Trd, 258930.567, 123
Trd, 258930.633, 112
Trd, 258930.650, 107
Trd, 258930.967, 102
Trd, 258931.150, 103
Trd, 258931.167, 104
Trd, 258931.217, 118
Trd, 258931.367, 124
Trd, 258931.833, 119
Trd, 258932.100, 140
Trd, 258932.133, 140
Trd, 258932.517, 119
Trd, 258933.117, 140
Trd, 258933.750, 138
Trd, 258934.200, 140
Trd, 258934.233, 140
Trd, 258934.300, 139
Trd, 258934.550, 138
Trd, 258935.100, 137
Trd, 258935.250, 132
Trd, 258935.383, 126
Trd, 258935.550, 123
Trd, 258935.867, 138
Trd, 258936.133, 117
Trd, 258936.317, 110
Trd, 258937.233, 137
Trd, 258937.433, 123
Trd, 258937.583, 109
Trd, 258937.667, 108
Trd, 258937.933, 121
Trd, 258938.050, 121
Trd, 258938.217, 104
Trd, 258938.250, 103
Trd, 258938.283, 127
Trd, 258938.400, 128
Trd, 258938.850, 124
Trd, 258939.250, 102
Trd, 258939.317, 126
Trd, 258939.450, 116
Trd, 258939.667, 123
Trd, 258940.067, 122
Trd, 258940.083, 120
Trd, 258940.250, 114
Trd, 258940.450, 104
Trd, 258940.533, 101
Trd, 258940.567, 98
Trd, 258941.000, 112
Trd, 258941.133, 111
Trd, 258941.300, 116
Trd, 258941.500, 119
Trd, 258941.750, 116
Trd, 258942.083, 112
Trd, 258942.133, 111
Trd, 258942.400, 115
Trd, 258942.550, 116
Trd, 258942.950, 116
Trd, 258943.167, 109
Trd, 258943.317, 119
Trd, 258943.550, 117
Trd, 258943.733, 120
Trd, 258943.817, 106
Trd, 258944.000, 106
Trd, 258944.033, 104
Trd, 258944.250, 100
Trd, 258944.333, 122
Trd, 258944.417, 127
Trd, 258944.783, 98
Trd, 258945.150, 99
Trd, 258945.917, 110
Trd, 258947.167, 140
Trd, 258947.200, 140
Trd, 258947.550, 111
Trd, 258947.567, 110
Trd, 258947.717, 110
Trd, 258947.783, 111
Trd, 258948.000, 111
Trd, 258948.533, 110
Trd, 258948.817, 140
Trd, 258948.850, 135
Trd, 258949.067, 129
Trd, 258949.467, 126
Trd, 258949.517, 136
Trd, 258949.800, 132
Trd, 258949.900, 121
Trd, 258950.500, 124
Trd, 258950.883, 122
Trd, 258951.117, 122
Trd, 258951.183, 120
Trd, 258951.767, 120
Trd, 258952.117, 125
Trd, 258952.550, 127
Trd, 258952.567, 112
Trd, 258952.600, 128
Trd, 258952.717, 111
Trd, 258953.133, 122
Trd, 258953.383, 109
Trd, 258953.667, 109
Trd, 258954.033, 118
Trd, 258954.250, 109
Trd, 258954.583, 115
Trd, 258954.817, 107
Trd, 258954.900, 115
Trd, 258955.100, 115
Trd, 258955.133, 100
Trd, 258955.150, 121
Trd, 258955.533, 105
Trd, 258955.617, 102
Trd, 258955.667, 98
Trd, 258956.067, 139
Trd, 258956.283, 64
Trd, 258956.917, 140
Trd, 258957.133, 139
Trd, 258957.633, 140
Trd, 258958.100, 140
Trd, 258958.600, 140
Trd, 258958.700, 140
Trd, 258959.100, 140
Trd, 258959.200, 124
Trd, 258959.450, 112
Trd, 258959.583, 120
Trd, 258959.867, 111
Trd, 258959.917, 118
Trd, 258960.083, 115
Trd, 258960.217, 109
Trd, 258960.283, 117
Trd, 258960.350, 108
Trd, 258960.383, 118
Trd, 258960.467, 96
Trd, 258960.483, 119
Trd, 258960.500, 121
Trd, 258960.533, 89
Trd, 258960.550, 88
Trd, 258960.950, 98
Trd, 258961.167, 99
Trd, 258961.267, 116
Trd, 258962.450, 62
Trd, 258962.600, 70
Trd, 258962.667, 72
Trd, 258962.700, 74
Trd, 258962.750, 61
Trd, 258963.617, 84
Trd, 258963.633, 85
Trd, 258963.767, 70
Trd, 258963.833, 86
Trd, 258964.183, 116
Trd, 258964.900, 82
Trd, 258964.983, 92
Trd, 258965.233, 93
Trd, 258965.483, 127
Trd, 258966.200, 128
Trd, 258966.283, 126
Trd, 258966.383, 126
Trd, 258966.483, 129
Trd, 258966.550, 125
Trd, 258966.633, 106
Trd, 258966.650, 139
Trd, 258966.683, 97
Trd, 258967.133, 140
Trd, 258967.217, 125
Trd, 258967.900, 138
Trd, 258968.417, 126
Trd, 258968.483, 127
Trd, 258968.617, 127
Trd, 258968.650, 128
Trd, 258968.917, 129
Trd, 258969.133, 127
Trd, 258969.833, 129
Trd, 258970.067, 130
Trd, 258970.167, 121
Trd, 258970.200, 113
Trd, 258970.817, 125
Trd, 258971.067, 112
Trd, 258971.383, 121
Trd, 258971.417, 124
Trd, 258971.467, 110
Trd, 258971.667, 110
Trd, 258971.767, 108
Trd, 258971.850, 105
Trd, 258971.917, 128
Trd, 258971.950, 100
Trd, 258971.983, 97
Trd, 258972.567, 134
Trd, 258972.617, 98
Trd, 258973.767, 132
Trd, 258974.117, 127
Trd, 258974.200, 124
Trd, 258974.350, 131
Trd, 258974.483, 123
Trd, 258974.600, 109
Trd, 258974.667, 108
Trd, 258974.917, 130
Trd, 258975.467, 129
Trd, 258975.517, 127
Trd, 258975.667, 130
Trd, 258975.767, 127
Trd, 258975.783, 124
Trd, 258976.433, 120
Trd, 258976.600, 140
Trd, 258976.917, 123
Trd, 258977.733, 140
Trd, 258977.917, 140
Trd, 258978.100, 136
Trd, 258978.550, 126
Trd, 258979.083, 140
Trd, 258979.183, 139
Trd, 258979.367, 139
Trd, 258979.383, 140
Trd, 258979.500, 136
Trd, 258979.683, 128
Trd, 258980.217, 140
Trd, 258980.250, 140
Trd, 258980.717, 123
Trd, 258980.783, 120
Trd, 258981.083, 114
Trd, 258981.333, 127
Trd, 258981.433, 115
Trd, 258981.567, 115
Trd, 258981.717, 115
Trd, 258982.100, 125
Trd, 258982.200, 124
Trd, 258982.217, 122
Trd, 258982.283, 102
Trd, 258982.333, 125
Trd, 258982.567, 124
Trd, 258982.633, 129
Trd, 258983.267, 140
Trd, 258983.500, 140
Trd, 258983.600, 139
Trd, 258983.700, 120
Trd, 258984.500, 139
Trd, 258984.717, 122
Trd, 258984.917, 115
Trd, 258985.017, 113
Trd, 258985.567, 127
Trd, 258985.583, 118
Trd, 258985.750, 107
Trd, 258985.817, 108
Trd, 258985.983, 122
Trd, 258986.433, 124
Trd, 258986.467, 107
Trd, 258986.517, 106
Trd, 258986.750, 92
Trd, 258987.633, 105
Trd, 258987.750, 113
Trd, 258988.283, 100
Trd, 258988.600, 113
Trd, 258988.633, 112
Trd, 258988.833, 100
Trd, 258988.867, 114
Trd, 258989.100, 95
Trd, 258989.183, 111
Trd, 258989.767, 109
Trd, 258990.200, 137
Trd, 258990.683, 126
Trd, 258990.733, 138
Trd, 258990.817, 104
Trd, 258991.283, 119
Trd, 258991.633, 126
Trd, 258991.900, 125
Trd, 258991.950, 140
Trd, 258992.283, 135
Trd, 258992.883, 129
Trd, 258993.250, 140
Trd, 258993.533, 134
Trd, 258993.567, 128
Trd, 258993.617, 125
Trd, 258993.650, 123
Trd, 258993.750, 121
Trd, 258994.317, 117
Trd, 258994.450, 140
Trd, 258994.633, 129
Trd, 258994.800, 140
Trd, 258994.833, 122
Trd, 258995.200, 137
Trd, 258995.383, 129
Trd, 258995.500, 124
Trd, 258995.583, 121
Trd, 258995.900, 116
Trd, 258996.133, 112
Trd, 258996.633, 115
Trd, 258996.750, 110
Trd, 258996.767, 123
Trd, 258996.900, 124
Trd, 258997.067, 135
Trd, 258997.083, 136
Trd, 258997.100, 111
Trd, 258997.517, 127
Trd, 258997.833, 140
Trd, 258998.633, 122
Trd, 258999.033, 110
Trd, 258999.100, 109
Trd, 258999.467, 87
Trd, 258999.617, 111
Trd, 258999.750, 110
Trd, 258999.783, 113
Trd, 258999.850, 87
Trd, 259000.000, 140
Trd, 259000.283, 127
Trd, 259001.167, 132
Trd, 259001.217, 131
Trd, 259002.000, 136
Trd, 259002.117, 118
Trd, 259002.567, 121
Trd, 259002.683, 121
Trd, 259002.717, 136
Trd, 259002.767, 137
Trd, 259002.800, 120
Trd, 259002.817, 119
Trd, 259003.300, 132
Trd, 259003.383, 119
Trd, 259003.467, 118
Trd, 259003.517, 132
Trd, 259003.867, 131
Trd, 259003.950, 117
Trd, 259004.617, 121
Trd, 259004.650, 129
Trd, 259004.717, 109
Trd, 259005.950, 122
Trd, 259006.000, 126
Trd, 259006.117, 121
Trd, 259006.150, 128
Trd, 259006.217, 137
Trd, 259006.517, 120
Trd, 259006.617, 100
Trd, 259007.167, 130
Trd, 259007.617, 115
Trd, 259007.967, 126
Trd, 259008.100, 120
Trd, 259008.283, 122
Trd, 259008.483, 121
Trd, 259008.517, 116
Trd, 259008.567, 115
Trd, 259008.650, 112
Trd, 259008.783, 134
Trd, 259009.667, 110
Trd, 259009.983, 131
Trd, 259010.083, 130
Trd, 259010.267, 123
Trd, 259010.333, 105
Trd, 259010.483, 98
Trd, 259010.750, 105
Trd, 259010.883, 133
Trd, 259010.900, 132
Trd, 259011.017, 134
Trd, 259011.183, 138
Trd, 259011.983, 140
Trd, 259012.167, 140
Trd, 259012.400, 140
Trd, 259013.000, 138
Trd, 259013.167, 137
Trd, 259013.517, 137
Trd, 259013.700, 138
Trd, 259013.850, 139
Trd, 259013.950, 136
Trd, 259013.967, 128
Trd, 259013.983, 122
Trd, 259014.067, 119
Trd, 259014.550, 137
Trd, 259014.967, 139
Trd, 259015.017, 121
Trd, 259015.283, 120
Trd, 259015.450, 127
Trd, 259015.617, 126
Trd, 259015.667, 119
Trd, 259015.750, 114
Trd, 259015.917, 118
Trd, 259015.933, 127
Trd, 259016.017, 129
Trd, 259016.133, 102
Trd, 259016.367, 102
Trd, 259016.583, 102
Trd, 259016.967, 119
Trd, 259017.067, 106
Trd, 259017.117, 106
Trd, 259018.317, 140
Trd, 259018.400, 139
Trd, 259018.517, 138
Trd, 259019.100, 132
Trd, 259019.500, 138
Trd, 259019.583, 138
Trd, 259019.617, 132
Trd, 259019.917, 134
Trd, 259020.117, 131
Trd, 259020.283, 126
Trd, 259020.367, 119
Trd, 259020.483, 111
Trd, 259020.733, 99
Trd, 259020.817, 99
Trd, 259020.967, 100
Trd, 259021.450, 124
Trd, 259021.667, 138
Trd, 259021.817, 91
Trd, 259022.067, 83
Trd, 259022.567, 111
Trd, 259022.933, 139
Trd, 259023.517, 132
Trd, 259023.600, 122
Trd, 259023.650, 121
Trd, 259023.817, 121
Trd, 259024.100, 121
Trd, 259024.133, 119
Trd, 259024.217, 128
Trd, 259024.383, 124
Trd, 259024.767, 110
Trd, 259025.067, 93
Trd, 259025.117, 99
Trd, 259025.550, 123
Trd, 259025.750, 124
Trd, 259025.767, 110
Trd, 259026.300, 113
Trd, 259026.317, 112
Trd, 259026.450, 109
Trd, 259027.433, 110
Trd, 259027.483, 113
Trd, 259027.550, 116
Trd, 259027.650, 116
Trd, 259027.667, 110
Trd, 259027.717, 122
Trd, 259028.267, 134
Trd, 259029.167, 140
Trd, 259029.350, 118
Trd, 259030.083, 114
Trd, 259030.117, 115
Trd, 259030.183, 110
Trd, 259030.200, 115
Trd, 259030.267, 116
Trd, 259030.383, 127
Trd, 259030.750, 118
Trd, 259030.883, 116
Trd, 259030.917, 110
Trd, 259030.933, 108
Trd, 259031.150, 91
Trd, 259031.267, 127
Trd, 259031.667, 125
Trd, 259031.683, 126
Trd, 259032.050, 92
Trd, 259032.317, 106
Trd, 259032.483, 108
Trd, 259033.133, 91
Trd, 259033.567, 111
Trd, 259034.383, 105
Trd, 259034.450, 104
Trd, 259034.717, 105
Trd, 259034.833, 107
Trd, 259035.000, 111
Trd, 259035.083, 98
Trd, 259035.367, 96
Trd, 259035.417, 98
Trd, 259036.083, 110
Trd, 259036.117, 98
Trd, 259036.167, 112
Trd, 259036.183, 97
Trd, 259036.400, 94
Trd, 259036.417, 92
Trd, 259037.017, 125
Trd, 259037.100, 110
Trd, 259037.300, 129
Trd, 259037.383, 97
Trd, 259037.783, 140
Trd, 259038.133, 140
Trd, 259038.250, 140
Trd, 259038.267, 140
Trd, 259038.483, 129
Trd, 259038.533, 123
Trd, 259039.150, 138
Trd, 259039.433, 126
Trd, 259039.450, 125
Trd, 259039.950, 140
Trd, 259040.333, 140
Trd, 259040.533, 140
Trd, 259040.650, 140
Trd, 259040.733, 140
Trd, 259041.267, 140
Trd, 259041.283, 140
Trd, 259041.383, 140
Trd, 259041.400, 129
Trd, 259041.850, 135
Trd, 259042.050, 140
Trd, 259042.800, 125
Trd, 259042.933, 121
Trd, 259042.950, 134
Trd, 259043.333, 124
Trd, 259043.500, 129
Trd, 259044.100, 128
Trd, 259044.200, 126
Trd, 259044.433, 128
Trd, 259044.917, 129
Trd, 259045.350, 131
Trd, 259045.600, 128
Trd, 259045.667, 132
Trd, 259045.717, 126
Trd, 259045.950, 128
Trd, 259046.017, 125
Trd, 259046.517, 114
Trd, 259046.850, 119
Trd, 259047.250, 112
Trd, 259047.683, 115
Trd, 259047.850, 121
Trd, 259047.883, 122
Trd, 259048.067, 123
Trd, 259048.367, 126
Trd, 259048.483, 125
Trd, 259048.700, 126
Trd, 259048.750, 120
Trd, 259048.767, 127
Trd, 259048.983, 122
Trd, 259049.333, 123
Trd, 259049.617, 125
Trd, 259049.900, 125
Trd, 259049.967, 123
Trd, 259050.433, 135
Trd, 259050.650, 133
Trd, 259050.667, 122
Trd, 259050.683, 122
Trd, 259050.767, 120
Trd, 259051.150, 116
Trd, 259051.567, 108
Trd, 259051.667, 108
Trd, 259051.700, 111
Trd, 259052.033, 110
Trd, 259052.150, 104
Trd, 259052.283, 101
Trd, 259052.350, 111
Trd, 259052.383, 112
Trd, 259052.400, 113
Trd, 259052.750, 98
Trd, 259052.900, 97
Trd, 259052.950, 113
Trd, 259053.083, 140
Trd, 259053.100, 129
Trd, 259053.200, 76
Trd, 259053.583, 64
Trd, 259053.633, 88
Trd, 259054.950, 140
Trd, 259055.650, 140
Trd, 259056.000, 137
Trd, 259056.033, 136
Trd, 259056.550, 133
Trd, 259056.600, 123
Trd, 259057.583, 136
Trd, 259058.050, 138
Trd, 259058.133, 138
Trd, 259058.200, 136
Trd, 259059.033, 127
Trd, 259059.067, 121
Trd, 259059.533, 123
Trd, 259059.800, 111
Trd, 259059.950, 123
Trd, 259060.150, 122
Trd, 259060.283, 122
Trd, 259060.417, 123
Trd, 259060.683, 119
Trd, 259061.133, 115
Trd, 259061.250, 122
Trd, 259061.267, 114
Trd, 259061.600, 110
Trd, 259061.950, 117
Trd, 259061.967, 108
Trd, 259063.200, 117
Trd, 259063.283, 118
Trd, 259063.367, 119
Trd, 259063.483, 118
Trd, 259063.683, 102
Trd, 259063.733, 100
Trd, 259064.133, 113
Trd, 259064.300, 108
Trd, 259064.617, 119
Trd, 259064.767, 139
Trd, 259064.850, 104
Trd, 259065.017, 125
Trd, 259065.483, 96
Trd, 259065.750, 97
Trd, 259065.833, 96
Trd, 259065.867, 95
Trd, 259065.933, 112
Trd, 259066.217, 90
Trd, 259066.333, 117
Trd, 259066.400, 94
Trd, 259066.467, 93
Trd, 259067.083, 110
Trd, 259067.367, 113
Trd, 259067.567, 114
Trd, 259067.967, 113
Trd, 259068.167, 111
Trd, 259068.200, 114
Trd, 259068.367, 114
Trd, 259068.450, 110
Trd, 259068.667, 116
Trd, 259068.717, 99
Trd, 259068.983, 140
Trd, 259069.267, 121
Trd, 259069.333, 97
Trd, 259070.150, 140
Trd, 259070.417, 140
Trd, 259070.600, 139
Trd, 259070.800, 140
Trd, 259071.017, 130
Trd, 259071.317, 130
Trd, 259071.333, 121
Trd, 259071.867, 140
Trd, 259072.117, 122
Trd, 259073.117, 140
Trd, 259073.200, 129
Trd, 259073.383, 127
Trd, 259073.400, 108
Trd, 259073.783, 136
Trd, 259074.100, 134
Trd, 259074.433, 112
Trd, 259074.617, 133
Trd, 259074.733, 133
Trd, 259074.900, 134
Trd, 259075.267, 133
Trd, 259075.333, 133
Trd, 259075.383, 125
Trd, 259076.000, 140
Trd, 259076.267, 135
Trd, 259076.750, 137
Trd, 259076.900, 136
Trd, 259076.933, 136
Trd, 259077.283, 124
Trd, 259077.700, 140
Trd, 259077.900, 130
Trd, 259078.083, 121
Trd, 259078.167, 111
Trd, 259078.217, 104
Trd, 259078.667, 123
Trd, 259078.883, 115
Trd, 259079.050, 124
Trd, 259079.233, 126
Trd, 259079.450, 133
Trd, 259079.667, 136
Trd, 259079.850, 120
Trd, 259080.167, 100
Trd, 259080.217, 107
Trd, 259080.517, 140
Trd, 259081.067, 136
Trd, 259081.117, 136
Trd, 259081.150, 124
Trd, 259081.350, 123
Trd, 259081.567, 136
Trd, 259081.717, 130
Trd, 259081.733, 137
Trd, 259081.817, 129
Trd, 259082.033, 111
Trd, 259082.167, 102
Trd, 259082.683, 130
Trd, 259083.033, 132
Trd, 259083.600, 121
Trd, 259084.167, 107
Trd, 259084.400, 108
Trd, 259084.450, 121
Trd, 259084.483, 122
Trd, 259084.700, 120
Trd, 259084.767, 107
Trd, 259084.917, 120
Trd, 259085.233, 120
Trd, 259085.350, 119
Trd, 259085.500, 115
Trd, 259085.533, 112
Trd, 259085.767, 121
Trd, 259085.850, 111
Trd, 259086.017, 123
Trd, 259086.850, 140
Trd, 259087.050, 140
Trd, 259087.167, 136
Trd, 259087.500, 139
Trd, 259087.750, 123
Trd, 259087.883, 122
Trd, 259088.283, 140
Trd, 259088.550, 140
Trd, 259088.767, 140
Trd, 259089.050, 139
Trd, 259089.283, 128
Trd, 259089.317, 124
Trd, 259089.633, 110
Trd, 259090.150, 136
Trd, 259090.467, 138
Trd, 259090.833, 135
Trd, 259090.850, 134
Trd, 259091.083, 135
Trd, 259091.183, 134
Trd, 259091.300, 123
Trd, 259091.833, 134
Trd, 259091.983, 115
Trd, 259092.050, 115
Trd, 259092.733, 132
Trd, 259092.833, 128
Trd, 259093.050, 127
Trd, 259093.333, 132
Trd, 259093.700, 126
Trd, 259093.867, 131
Trd, 259093.933, 123
Trd, 259093.967, 119
Trd, 259094.083, 105
Trd, 259094.233, 98
Trd, 259094.450, 131
Trd, 259094.850, 121
Trd, 259095.633, 137
Trd, 259095.667, 116
Trd, 259095.833, 127
Trd, 259096.083, 126
Trd, 259096.100, 125
Trd, 259096.383, 124
Trd, 259096.500, 138
Trd, 259097.433, 139
Trd, 259098.217, 126
Trd, 259098.883, 125
Trd, 259098.967, 124
Trd, 259099.033, 126
Trd, 259099.283, 126
Trd, 259099.350, 129
Trd, 259099.400, 130
Trd, 259099.583, 123
Trd, 259099.700, 122
Trd, 259099.933, 138
Trd, 259100.133, 125
Trd, 259100.900, 140
Trd, 259101.567, 140
Trd, 259101.983, 140
Trd, 259102.117, 140
Trd, 259102.250, 140
Trd, 259102.400, 140
Trd, 259102.583, 138
Trd, 259102.650, 129
Trd, 259102.717, 125
Trd, 259102.933, 121
Trd, 259103.100, 114
Trd, 259103.617, 130
Trd, 259104.200, 127
Trd, 259104.350, 130
Trd, 259104.917, 133
Trd, 259105.033, 118
Trd, 259105.117, 121
Trd, 259105.350, 113
Trd, 259105.533, 133
Trd, 259105.617, 134
Trd, 259105.667, 116
Trd, 259105.817, 114
Trd, 259106.100, 129
Trd, 259106.417, 135
Trd, 259106.550, 129
Trd, 259106.983, 133
Trd, 259107.233, 130
Trd, 259107.267, 129
Trd, 259107.667, 124
Trd, 259107.933, 123
Trd, 259108.767, 140
Trd, 259108.967, 138
Trd, 259109.183, 137
Trd, 259109.350, 134
Trd, 259109.433, 135
Trd, 259109.767, 137
Trd, 259109.833, 136
Trd, 259110.117, 136
Trd, 259110.150, 135
Trd, 259110.217, 134
Trd, 259110.233, 118
Trd, 259110.267, 112
Trd, 259110.917, 136
Trd, 259110.950, 115
Trd, 259111.500, 116
Trd, 259111.517, 115
Trd, 259112.083, 123
Trd, 259112.367, 109
Trd, 259112.383, 132
Trd, 259112.417, 105
Trd, 259112.600, 123
Trd, 259113.333, 130
Trd, 259113.350, 128
Trd, 259113.433, 126
Trd, 259113.483, 111
Trd, 259113.550, 97
Trd, 259113.633, 72
Trd, 259114.333, 117
Trd, 259114.467, 107
Trd, 259114.583, 99
Trd, 259115.233, 115
Trd, 259115.783, 116
Trd, 259115.933, 129
Trd, 259116.133, 130
Trd, 259116.533, 107
Trd, 259116.700, 129
Trd, 259116.767, 106
Trd, 259116.800, 129
Trd, 259116.833, 130
Trd, 259117.433, 125
Trd, 259117.633, 105
Trd, 259117.750, 106
Trd, 259117.833, 105
Trd, 259117.917, 104
Trd, 259118.333, 119
Trd, 259118.517, 105
Trd, 259118.583, 120
Trd, 259118.717, 124
Trd, 259119.333, 105
Trd, 259119.500, 114
Trd, 259119.567, 104
Trd, 259119.850, 100
Trd, 259120.083, 102
Trd, 259120.183, 102
Trd, 259121.133, 140
Trd, 259122.183, 133
Trd, 259122.467, 140
Trd, 259122.717, 137
Trd, 259122.783, 136
Trd, 259123.083, 135
Trd, 259123.650, 133
Trd, 259123.850, 140
Trd, 259123.983, 130
Trd, 259124.450, 140
Trd, 259124.700, 140
Trd, 259124.983, 139
Trd, 259125.950, 123
Trd, 259126.017, 122
Trd, 259126.033, 137
Trd, 259126.083, 122
Trd, 259126.417, 137
Trd, 259126.533, 127
Trd, 259126.550, 117
Trd, 259126.567, 114
Trd, 259126.667, 107
Trd, 259127.400, 126
Trd, 259127.450, 127
Trd, 259127.783, 121
Trd, 259128.000, 111
Trd, 259128.617, 110
Trd, 259128.800, 117
Trd, 259129.067, 118
Trd, 259129.133, 120
Trd, 259129.267, 115
Trd, 259129.533, 113
Trd, 259129.650, 112
Trd, 259129.683, 109
Trd, 259129.750, 108
Trd, 259129.917, 126
Trd, 259130.417, 129
Trd, 259130.483, 122
Trd, 259130.650, 133
Trd, 259131.067, 140
Trd, 259131.333, 140
Trd, 259131.567, 134
Trd, 259131.667, 124
Trd, 259132.283, 136
Trd, 259132.550, 124
Trd, 259132.833, 120
Trd, 259132.950, 119
Trd, 259133.067, 119
Trd, 259133.400, 120
Trd, 259133.533, 121
Trd, 259133.783, 107
Trd, 259133.833, 105
Trd, 259134.200, 140
Trd, 259135.033, 115
Trd, 259135.117, 102
Trd, 259135.617, 140
Trd, 259136.150, 140
Trd, 259136.300, 140
Trd, 259136.667, 140
Trd, 259136.717, 139
Trd, 259136.800, 130
Trd, 259137.067, 126
Trd, 259137.417, 125
Trd, 259137.883, 123
Trd, 259138.050, 113
Trd, 259138.133, 129
Trd, 259138.150, 112
Trd, 259138.317, 105
Trd, 259138.333, 128
Trd, 259138.533, 129
Trd, 259138.633, 129
Trd, 259138.800, 108
Trd, 259138.867, 107
Trd, 259139.400, 129
Trd, 259139.450, 126
Trd, 259139.867, 140
Trd, 259139.933, 139
Trd, 259140.100, 140
Trd, 259141.733, 138
Trd, 259141.867, 137
Trd, 259142.033, 123
Trd, 259142.283, 122
Trd, 259142.583, 137
Trd, 259142.650, 118
Trd, 259142.667, 111
Trd, 259142.700, 108
Trd, 259142.967, 109
Trd, 259143.117, 118
Trd, 259143.567, 130
Trd, 259143.983, 127
Trd, 259144.250, 127
Trd, 259144.517, 124
Trd, 259144.850, 127
Trd, 259145.000, 127
Trd, 259145.050, 122
Trd, 259145.100, 121
Trd, 259145.600, 134
Trd, 259145.683, 118
Trd, 259145.867, 111
Trd, 259146.117, 133
Trd, 259146.233, 134
Trd, 259146.250, 110
Trd, 259146.583, 108
Trd, 259147.817, 118
Trd, 259147.850, 114
Trd, 259148.467, 122
Trd, 259148.667, 133
Trd, 259148.900, 134
Trd, 259149.200, 134
Trd, 259149.317, 134
Trd, 259149.633, 133
Trd, 259149.750, 132
Trd, 259149.817, 110
Trd, 259149.967, 125
Trd, 259150.650, 124
Trd, 259150.717, 128
Trd, 259150.750, 123
Trd, 259150.967, 119
Trd, 259151.017, 129
Trd, 259151.300, 130
Trd, 259151.417, 131
Trd, 259152.217, 120
Trd, 259152.267, 118
Trd, 259152.450, 102
Trd, 259153.133, 106
Trd, 259153.200, 104
Trd, 259153.233, 97
Trd, 259153.617, 100
Trd, 259153.683, 91
Trd, 259153.800, 101
Trd, 259154.100, 103
Trd, 259154.200, 120
Trd, 259154.617, 91
Trd, 259154.633, 115
Trd, 259154.683, 116
Trd, 259154.817, 121
Trd, 259155.017, 125
Trd, 259155.250, 124
Trd, 259155.467, 123
Trd, 259155.533, 125
Trd, 259155.583, 118
Trd, 259156.117, 93
Trd, 259156.567, 124
Trd, 259156.767, 93
Trd, 259157.650, 111
Trd, 259157.817, 114
Trd, 259158.167, 111
Trd, 259158.400, 111
Trd, 259158.483, 112
Trd, 259159.233, 116
Trd, 259159.383, 128
Trd, 259159.450, 96
Trd, 259159.550, 114
Trd, 259159.783, 140
Trd, 259159.800, 140
Trd, 259160.017, 124
Trd, 259160.200, 123
Trd, 259160.300, 114
Trd, 259160.317, 110
Trd, 259161.017, 122
Trd, 259161.233, 114
Trd, 259161.600, 126
Trd, 259162.183, 125
Trd, 259162.267, 113
Trd, 259162.433, 109
Trd, 259162.483, 92
Trd, 259162.500, 124
Trd, 259162.817, 85
Trd, 259163.083, 86
Trd, 259163.267, 84
Trd, 259163.300, 81
Trd, 259163.417, 87
Trd, 259163.633, 93
Trd, 259164.633, 140
Trd, 259164.800, 140
Trd, 259164.933, 140
Trd, 259164.967, 139
Trd, 259165.767, 139
Trd, 259166.567, 133
Trd, 259166.600, 132
Trd, 259166.867, 136
Trd, 259167.533, 131
Trd, 259167.833, 132
Trd, 259167.950, 131
Trd, 259168.033, 131
Trd, 259168.617, 132
Trd, 259168.717, 134
Trd, 259168.750, 131
Trd, 259168.833, 123
Trd, 259169.017, 138
Trd, 259169.267, 125
Trd, 259169.317, 123
Trd, 259169.450, 132
Trd, 259169.817, 136
Trd, 259170.333, 135
Trd, 259171.000, 139
Trd, 259171.133, 139
Trd, 259171.267, 138
Trd, 259171.400, 119
Trd, 259171.467, 104
Trd, 259171.650, 139
Trd, 259171.950, 140
Trd, 259172.450, 140
Trd, 259172.483, 139
Trd, 259172.983, 132
Trd, 259173.183, 130
Trd, 259173.367, 124
Trd, 259173.433, 137
Trd, 259173.800, 121
Trd, 259173.933, 101
Trd, 259174.250, 132
Trd, 259174.300, 131
Trd, 259174.433, 136
Trd, 259174.533, 130
Trd, 259175.183, 132
Trd, 259175.850, 124
Trd, 259175.950, 123
Trd, 259176.250, 126
Trd, 259176.300, 114
Trd, 259176.367, 130
Trd, 259176.500, 111
Trd, 259176.983, 126
Trd, 259177.083, 119
Trd, 259177.150, 131
Trd, 259177.250, 118
Trd, 259177.317, 136
Trd, 259177.467, 117
Trd, 259177.550, 110
Trd, 259177.600, 135
Trd, 259177.617, 78
Trd, 259177.950, 77
Trd, 259178.367, 134
Trd, 259178.917, 119
Trd, 259179.067, 121
Trd, 259179.233, 95
Trd, 259180.750, 140
Trd, 259181.350, 140
Trd, 259181.683, 140
Trd, 259181.717, 140
Trd, 259181.833, 140
Trd, 259182.000, 140
Trd, 259182.183, 140
Trd, 259182.417, 140
Trd, 259183.050, 131
Trd, 259183.283, 129
Trd, 259183.433, 124
Trd, 259183.533, 115
Trd, 259183.917, 117
Trd, 259183.950, 129
Trd, 259184.667, 109
Trd, 259184.967, 118
Trd, 259185.000, 107
Trd, 259185.367, 123
Trd, 259185.383, 122
Trd, 259185.600, 113
Trd, 259185.633, 121
Trd, 259185.667, 108
Trd, 259185.833, 122
Trd, 259186.183, 123
Trd, 259186.783, 123
Trd, 259186.883, 113
Trd, 259187.267, 140
Trd, 259187.750, 140
Trd, 259187.850, 140
Trd, 259188.200, 140
Trd, 259189.550, 140
Trd, 259189.867, 140
Trd, 259189.917, 140
Trd, 259190.183, 140
Trd, 259190.483, 140
Trd, 259191.183, 140
Trd, 259191.383, 140
Trd, 259191.817, 140
Trd, 259191.883, 140
Trd, 259191.967, 140
Trd, 259192.533, 139
Trd, 259192.733, 140
Trd, 259192.917, 139
Trd, 259193.383, 130
Trd, 259193.483, 129
Trd, 259193.683, 129
Trd, 259193.883, 132
Trd, 259193.967, 130
Trd, 259193.983, 129
Trd, 259194.533, 130
Trd, 259194.683, 129
Trd, 259194.717, 128
Trd, 259194.833, 128
Trd, 259194.950, 128
Trd, 259195.100, 127
Trd, 259195.250, 125
Trd, 259195.433, 115
Trd, 259195.750, 123
Trd, 259196.133, 111
Trd, 259196.367, 123
Trd, 259196.483, 117
Trd, 259196.583, 123
Trd, 259197.533, 140
Trd, 259197.817, 140
Trd, 259198.233, 132
Trd, 259198.500, 122
Trd, 259198.650, 136
Trd, 259199.117, 140
Trd, 259199.217, 135
Trd, 259199.733, 125
Trd, 259199.900, 104
