Trd, 258598.717, 133
Trd, 258598.917, 111
Trd, 258598.983, 110
Trd, 258599.450, 139
Trd, 258599.833, 108
Trd, 258600.050, 140
Trd, 258600.117, 140
Trd, 258600.367, 109
Trd, 258600.500, 115
Trd, 258601.050, 132
Trd, 258601.200, 109
Trd, 258601.350, 129
Trd, 258601.383, 108
Trd, 258601.400, 107
Trd, 258601.883, 135
Trd, 258602.083, 124
Trd, 258602.300, 118
Trd, 258602.900, 134
Trd, 258603.067, 135
Trd, 258603.183, 121
Trd, 258603.333, 120
Trd, 258603.367, 111
Trd, 258603.483, 123
Trd, 258603.917, 132
Trd, 258604.300, 135
Trd, 258604.900, 140
Trd, 258605.017, 140
Trd, 258605.433, 140
Trd, 258605.600, 140
Trd, 258606.067, 140
Trd, 258606.317, 140
Trd, 258606.550, 140
Trd, 258606.700, 140
Trd, 258606.783, 140
Trd, 258606.883, 139
Trd, 258607.033, 137
Trd, 258607.200, 127
Trd, 258607.317, 122
Trd, 258607.767, 140
Trd, 258607.817, 140
Trd, 258607.983, 140
Trd, 258608.000, 140
Trd, 258608.500, 124
Trd, 258608.700, 114
Trd, 258609.583, 140
Trd, 258609.667, 123
Trd, 258609.683, 119
Trd, 258609.767, 115
Trd, 258610.150, 140
Trd, 258610.383, 136
Trd, 258610.517, 116
Trd, 258610.817, 116
Trd, 258611.150, 139
Trd, 258611.167, 138
Trd, 258611.233, 140
Trd, 258611.267, 139
Trd, 258611.633, 119
Trd, 258611.717, 118
Trd, 258612.367, 128
Trd, 258612.567, 126
Trd, 258612.883, 126
Trd, 258612.933, 130
Trd, 258612.967, 132
Trd, 258613.017, 125
Trd, 258613.283, 112
Trd, 258613.450, 111
Trd, 258613.533, 98
Trd, 258614.033, 140
Trd, 258614.100, 140
Trd, 258614.417, 140
Trd, 258614.567, 140
Trd, 258614.650, 140
Trd, 258615.117, 140
Trd, 258615.233, 140
Trd, 258615.433, 140
Trd, 258615.650, 118
Trd, 258615.750, 131
Trd, 258615.900, 105
Trd, 258616.350, 107
Trd, 258616.433, 106
Trd, 258616.667, 105
Trd, 258617.000, 108
Trd, 258617.100, 106
Trd, 258617.233, 134
Trd, 258617.583, 107
Trd, 258617.933, 137
Trd, 258618.083, 110
Trd, 258618.283, 110
Trd, 258618.400, 130
Trd, 258618.567, 109
Trd, 258618.833, 139
Trd, 258619.283, 139
Trd, 258619.967, 140
Trd, 258620.083, 140
Trd, 258620.200, 140
Trd, 258620.233, 140
Trd, 258620.317, 135
Trd, 258620.617, 140
Trd, 258620.633, 140
Trd, 258620.800, 123
Trd, 258620.867, 122
Trd, 258621.133, 136
Trd, 258621.183, 96
Trd, 258621.217, 88
Trd, 258621.467, 84
Trd, 258621.750, 125
Trd, 258621.800, 109
Trd, 258622.083, 135
Trd, 258622.250, 102
Trd, 258622.617, 91
Trd, 258623.017, 105
Trd, 258623.167, 81
Trd, 258623.233, 94
Trd, 258623.833, 105
Trd, 258623.867, 86
Trd, 258624.100, 105
Trd, 258624.483, 118
Trd, 258624.533, 117
Trd, 258624.867, 113
Trd, 258624.983, 114
Trd, 258625.350, 102
Trd, 258625.750, 110
Trd, 258625.783, 109
Trd, 258626.000, 110
Trd, 258626.033, 111
Trd, 258626.067, 97
Trd, 258626.150, 86
Trd, 258626.167, 84
Trd, 258626.183, 83
Trd, 258626.750, 96
Trd, 258626.833, 114
Trd, 258627.400, 115
Trd, 258627.433, 137
Trd, 258627.683, 116
Trd, 258627.917, 116
Trd, 258628.017, 115
Trd, 258628.333, 116
Trd, 258628.467, 115
Trd, 258628.483, 106
Trd, 258628.500, 88
Trd, 258628.517, 76
Trd, 258628.567, 132
Trd, 258628.817, 138
Trd, 258629.133, 102
Trd, 258629.717, 107
Trd, 258629.933, 123
Trd, 258630.017, 121
Trd, 258630.067, 120
Trd, 258630.117, 72
Trd, 258630.433, 129
Trd, 258630.483, 132
Trd, 258631.017, 128
Trd, 258631.133, 127
Trd, 258631.350, 114
Trd, 258631.583, 76
Trd, 258631.767, 99
Trd, 258632.183, 74
Trd, 258632.367, 76
Trd, 258632.600, 74
Trd, 258632.667, 92
Trd, 258632.700, 93
Trd, 258632.817, 104
Trd, 258633.150, 87
Trd, 258633.417, 135
Trd, 258633.867, 102
Trd, 258633.967, 119
Trd, 258634.000, 101
Trd, 258634.700, 140
Trd, 258634.967, 137
Trd, 258635.400, 139
Trd, 258635.683, 140
Trd, 258635.833, 139
Trd, 258635.933, 138
Trd, 258636.133, 139
Trd, 258636.300, 137
Trd, 258636.350, 136
Trd, 258636.383, 128
Trd, 258636.633, 127
Trd, 258637.017, 115
Trd, 258637.083, 114
Trd, 258637.100, 105
Trd, 258637.250, 101
Trd, 258637.350, 89
Trd, 258637.500, 69
Trd, 258637.800, 113
Trd, 258637.867, 115
Trd, 258638.283, 101
Trd, 258638.350, 119
Trd, 258638.617, 129
Trd, 258638.833, 117
Trd, 258639.533, 120
Trd, 258639.933, 139
Trd, 258640.117, 122
Trd, 258640.950, 140
Trd, 258641.167, 140
Trd, 258641.233, 139
Trd, 258641.533, 138
Trd, 258641.600, 138
Trd, 258641.700, 138
Trd, 258641.833, 138
Trd, 258642.150, 124
Trd, 258642.200, 123
Trd, 258642.617, 140
Trd, 258642.633, 139
Trd, 258642.933, 126
Trd, 258642.967, 122
Trd, 258643.233, 110
Trd, 258643.267, 107
Trd, 258643.283, 101
Trd, 258643.550, 131
Trd, 258644.050, 130
Trd, 258644.133, 115
Trd, 258644.150, 99
Trd, 258644.200, 134
Trd, 258644.317, 140
Trd, 258644.333, 77
Trd, 258644.600, 90
Trd, 258644.683, 118
Trd, 258644.750, 140
Trd, 258645.233, 139
Trd, 258645.517, 73
Trd, 258645.667, 74
Trd, 258645.867, 67
Trd, 258646.200, 68
Trd, 258646.550, 70
Trd, 258646.600, 69
Trd, 258646.667, 68
Trd, 258646.783, 66
Trd, 258646.817, 80
Trd, 258647.283, 138
Trd, 258647.733, 132
Trd, 258647.867, 134
Trd, 258647.900, 138
Trd, 258648.017, 105
Trd, 258648.117, 104
Trd, 258648.300, 113
Trd, 258648.517, 83
Trd, 258649.050, 120
Trd, 258649.300, 120
Trd, 258649.350, 119
Trd, 258649.950, 140
Trd, 258650.150, 132
Trd, 258650.367, 132
Trd, 258650.500, 131
Trd, 258650.533, 140
Trd, 258650.833, 140
Trd, 258651.050, 138
Trd, 258651.167, 140
Trd, 258651.367, 140
Trd, 258651.700, 139
Trd, 258651.983, 140
Trd, 258652.000, 140
Trd, 258652.017, 138
Trd, 258652.383, 137
Trd, 258652.617, 132
Trd, 258652.833, 115
Trd, 258653.100, 138
Trd, 258653.333, 125
Trd, 258653.567, 110
Trd, 258654.317, 103
Trd, 258654.683, 131
Trd, 258654.817, 103
Trd, 258654.950, 103
Trd, 258655.467, 104
Trd, 258655.717, 104
Trd, 258655.733, 111
Trd, 258655.800, 112
Trd, 258655.900, 100
Trd, 258656.783, 139
Trd, 258656.983, 136
Trd, 258657.133, 135
Trd, 258657.483, 128
Trd, 258657.500, 139
Trd, 258657.867, 140
Trd, 258658.017, 139
Trd, 258658.067, 139
Trd, 258658.133, 139
Trd, 258658.200, 138
Trd, 258658.417, 120
Trd, 258658.467, 112
Trd, 258658.833, 138
Trd, 258658.850, 112
Trd, 258658.900, 84
Trd, 258659.017, 140
Trd, 258659.500, 102
Trd, 258659.617, 101
Trd, 258660.050, 100
Trd, 258660.233, 99
Trd, 258660.267, 105
Trd, 258660.367, 106
Trd, 258661.233, 140
Trd, 258661.950, 140
Trd, 258661.967, 140
Trd, 258662.017, 140
Trd, 258662.067, 140
Trd, 258662.317, 140
Trd, 258662.333, 139
Trd, 258663.150, 140
Trd, 258663.167, 139
Trd, 258663.217, 122
Trd, 258663.617, 109
Trd, 258663.700, 108
Trd, 258663.883, 139
Trd, 258664.200, 140
Trd, 258664.517, 138
Trd, 258664.867, 111
Trd, 258665.367, 111
Trd, 258665.650, 110
Trd, 258666.250, 136
Trd, 258666.317, 129
Trd, 258666.517, 124
Trd, 258666.667, 129
Trd, 258666.683, 128
Trd, 258666.883, 140
Trd, 258666.983, 140
Trd, 258667.167, 91
Trd, 258667.233, 134
Trd, 258667.350, 89
Trd, 258667.583, 115
Trd, 258667.767, 99
Trd, 258668.067, 98
Trd, 258668.100, 97
Trd, 258668.150, 66
Trd, 258668.617, 139
Trd, 258668.800, 139
Trd, 258669.117, 139
Trd, 258669.250, 138
Trd, 258669.267, 137
Trd, 258669.433, 125
Trd, 258669.500, 124
Trd, 258669.667, 123
Trd, 258669.700, 96
Trd, 258669.933, 93
Trd, 258670.367, 100
Trd, 258670.467, 101
Trd, 258670.667, 86
Trd, 258670.867, 139
Trd, 258671.233, 135
Trd, 258671.600, 140
Trd, 258671.700, 140
Trd, 258672.267, 140
Trd, 258672.283, 140
Trd, 258672.400, 139
Trd, 258672.967, 140
Trd, 258673.033, 139
Trd, 258673.467, 138
Trd, 258673.483, 137
Trd, 258673.633, 135
Trd, 258673.817, 126
Trd, 258673.850, 103
Trd, 258673.933, 76
Trd, 258674.000, 109
Trd, 258674.733, 138
Trd, 258674.800, 118
Trd, 258674.850, 90
Trd, 258675.300, 140
Trd, 258675.483, 140
Trd, 258676.083, 140
Trd, 258676.317, 139
Trd, 258676.767, 133
Trd, 258676.850, 131
Trd, 258676.933, 132
Trd, 258677.383, 134
Trd, 258677.400, 133
Trd, 258677.933, 132
Trd, 258678.017, 131
Trd, 258678.117, 116
Trd, 258678.500, 140
Trd, 258678.633, 139
Trd, 258678.683, 137
Trd, 258678.867, 140
Trd, 258678.917, 140
Trd, 258678.950, 139
Trd, 258679.817, 140
Trd, 258680.200, 140
Trd, 258680.483, 140
Trd, 258681.333, 139
Trd, 258682.017, 120
Trd, 258682.100, 136
Trd, 258682.350, 125
Trd, 258682.517, 120
Trd, 258682.567, 120
Trd, 258682.667, 110
Trd, 258682.700, 124
Trd, 258682.800, 108
Trd, 258682.883, 125
Trd, 258682.917, 126
Trd, 258683.117, 98
Trd, 258683.483, 140
Trd, 258683.517, 140
Trd, 258683.817, 138
Trd, 258683.967, 137
Trd, 258684.150, 140
Trd, 258684.600, 140
Trd, 258684.733, 140
Trd, 258684.883, 140
Trd, 258685.117, 139
Trd, 258685.800, 124
Trd, 258685.900, 99
Trd, 258685.933, 98
Trd, 258686.150, 92
Trd, 258686.267, 114
Trd, 258686.283, 116
Trd, 258686.667, 140
Trd, 258686.817, 126
Trd, 258686.833, 125
Trd, 258686.850, 123
Trd, 258686.967, 120
Trd, 258687.350, 125
Trd, 258687.550, 135
Trd, 258687.717, 98
Trd, 258687.833, 97
Trd, 258688.500, 113
Trd, 258688.533, 115
Trd, 258688.550, 74
Trd, 258688.583, 117
Trd, 258689.150, 73
Trd, 258689.200, 72
Trd, 258689.367, 113
Trd, 258689.383, 61
Trd, 258689.650, 84
Trd, 258689.683, 103
Trd, 258689.967, 91
Trd, 258690.517, 60
Trd, 258690.717, 60
Trd, 258690.983, 61
Trd, 258691.100, 62
Trd, 258691.300, 67
Trd, 258691.650, 91
Trd, 258691.750, 111
Trd, 258691.950, 94
Trd, 258692.067, 91
Trd, 258692.117, 91
Trd, 258692.300, 91
Trd, 258692.333, 90
Trd, 258692.817, 140
Trd, 258692.850, 108
Trd, 258693.117, 82
Trd, 258693.683, 140
Trd, 258693.800, 140
Trd, 258693.817, 139
Trd, 258694.117, 116
Trd, 258694.517, 116
Trd, 258694.750, 124
Trd, 258694.867, 82
Trd, 258695.017, 79
Trd, 258695.267, 115
Trd, 258695.533, 61
Trd, 258695.833, 62
Trd, 258695.933, 63
Trd, 258696.533, 76
Trd, 258696.650, 76
Trd, 258696.700, 77
Trd, 258696.733, 74
Trd, 258696.750, 99
Trd, 258696.867, 62
Trd, 258696.967, 81
Trd, 258697.100, 60
Trd, 258697.167, 102
Trd, 258698.050, 62
Trd, 258698.100, 63
Trd, 258698.117, 70
Trd, 258698.383, 63
Trd, 258698.450, 64
Trd, 258699.567, 90
Trd, 258699.650, 110
Trd, 258699.800, 86
Trd, 258699.933, 89
Trd, 258700.217, 90
Trd, 258700.267, 89
Trd, 258700.750, 102
Trd, 258701.083, 104
Trd, 258701.517, 122
Trd, 258701.550, 123
Trd, 258702.117, 124
Trd, 258702.217, 122
Trd, 258702.500, 124
Trd, 258702.567, 140
Trd, 258702.900, 140
Trd, 258703.133, 140
Trd, 258703.183, 140
Trd, 258703.300, 140
Trd, 258703.350, 139
Trd, 258703.417, 138
Trd, 258703.450, 138
Trd, 258703.850, 139
Trd, 258703.883, 120
Trd, 258704.100, 119
Trd, 258704.300, 110
Trd, 258704.750, 103
Trd, 258704.767, 99
Trd, 258705.467, 140
Trd, 258705.517, 140
Trd, 258705.817, 140
Trd, 258706.200, 140
Trd, 258706.267, 140
Trd, 258707.067, 129
Trd, 258707.183, 130
Trd, 258707.350, 128
Trd, 258707.567, 127
Trd, 258707.700, 112
Trd, 258707.750, 111
Trd, 258707.767, 103
Trd, 258708.117, 122
Trd, 258708.150, 111
Trd, 258708.333, 109
Trd, 258708.433, 123
Trd, 258708.450, 107
Trd, 258708.583, 98
Trd, 258708.667, 97
Trd, 258708.833, 72
Trd, 258709.133, 124
Trd, 258709.150, 72
Trd, 258709.317, 67
Trd, 258709.417, 93
Trd, 258709.567, 68
Trd, 258709.683, 61
Trd, 258710.033, 70
Trd, 258710.350, 68
Trd, 258710.433, 125
Trd, 258710.933, 69
Trd, 258711.467, 123
Trd, 258711.633, 138
Trd, 258711.683, 138
Trd, 258712.117, 132
Trd, 258712.350, 124
Trd, 258712.767, 124
Trd, 258712.800, 123
Trd, 258713.100, 140
Trd, 258713.167, 137
Trd, 258713.467, 131
Trd, 258713.500, 131
Trd, 258713.567, 133
Trd, 258713.600, 130
Trd, 258713.667, 130
Trd, 258714.333, 134
Trd, 258714.717, 135
Trd, 258714.850, 133
Trd, 258714.917, 133
Trd, 258714.983, 133
Trd, 258715.083, 134
Trd, 258715.250, 134
Trd, 258715.300, 140
Trd, 258715.700, 139
Trd, 258716.200, 135
Trd, 258716.217, 134
Trd, 258716.233, 123
Trd, 258716.250, 121
Trd, 258716.267, 115
Trd, 258716.333, 80
Trd, 258716.367, 110
Trd, 258716.433, 75
Trd, 258716.600, 77
Trd, 258716.800, 73
Trd, 258717.217, 102
Trd, 258717.233, 105
Trd, 258717.400, 82
Trd, 258717.417, 106
Trd, 258717.733, 67
Trd, 258717.850, 63
Trd, 258718.717, 140
Trd, 258718.733, 140
Trd, 258719.350, 140
Trd, 258719.783, 140
Trd, 258720.250, 140
Trd, 258720.767, 140
Trd, 258720.783, 140
Trd, 258721.000, 140
Trd, 258721.200, 140
Trd, 258721.250, 140
Trd, 258721.683, 138
Trd, 258721.750, 139
Trd, 258722.117, 140
Trd, 258722.183, 140
Trd, 258722.350, 140
Trd, 258722.583, 132
Trd, 258722.617, 131
Trd, 258723.067, 128
Trd, 258723.350, 139
Trd, 258723.433, 126
Trd, 258723.533, 123
Trd, 258723.583, 117
Trd, 258723.817, 121
Trd, 258723.967, 120
Trd, 258724.117, 108
Trd, 258724.167, 140
Trd, 258724.317, 107
Trd, 258724.717, 136
Trd, 258724.733, 105
Trd, 258724.783, 102
Trd, 258725.250, 99
Trd, 258725.767, 94
Trd, 258725.800, 85
Trd, 258725.950, 124
Trd, 258726.117, 90
Trd, 258726.167, 125
Trd, 258726.417, 88
Trd, 258726.683, 87
Trd, 258726.717, 78
Trd, 258727.317, 98
Trd, 258727.450, 105
Trd, 258727.617, 105
Trd, 258727.900, 99
Trd, 258727.917, 106
Trd, 258727.933, 97
Trd, 258728.250, 110
Trd, 258728.283, 80
Trd, 258728.483, 68
Trd, 258728.650, 86
Trd, 258728.983, 61
Trd, 258729.200, 60
Trd, 258729.317, 140
Trd, 258729.467, 140
Trd, 258729.817, 139
Trd, 258730.100, 140
Trd, 258730.817, 140
Trd, 258730.900, 140
Trd, 258731.000, 140
Trd, 258731.250, 140
Trd, 258731.567, 140
Trd, 258732.033, 140
Trd, 258732.067, 140
Trd, 258732.183, 139
Trd, 258732.367, 134
Trd, 258732.750, 127
Trd, 258732.767, 126
Trd, 258732.867, 136
Trd, 258732.883, 140
Trd, 258733.867, 137
Trd, 258733.883, 128
Trd, 258734.233, 113
Trd, 258734.700, 120
Trd, 258734.800, 119
Trd, 258734.867, 118
Trd, 258735.017, 118
Trd, 258735.317, 140
Trd, 258735.500, 124
Trd, 258736.183, 140
Trd, 258736.433, 140
Trd, 258736.800, 135
Trd, 258737.017, 132
Trd, 258737.350, 134
Trd, 258737.400, 133
Trd, 258737.533, 98
Trd, 258737.700, 139
Trd, 258737.833, 129
Trd, 258738.000, 120
Trd, 258738.083, 112
Trd, 258738.117, 111
Trd, 258738.233, 92
Trd, 258738.733, 137
Trd, 258738.900, 134
Trd, 258739.333, 125
Trd, 258739.450, 124
Trd, 258739.467, 102
Trd, 258739.600, 87
Trd, 258740.167, 108
Trd, 258740.233, 92
Trd, 258740.267, 88
Trd, 258740.283, 87
Trd, 258740.933, 129
Trd, 258740.983, 111
Trd, 258741.017, 109
Trd, 258741.050, 88
Trd, 258741.467, 127
Trd, 258741.667, 116
Trd, 258741.733, 127
Trd, 258741.750, 115
Trd, 258741.967, 118
Trd, 258741.983, 114
Trd, 258742.017, 105
Trd, 258742.100, 74
Trd, 258742.283, 127
Trd, 258742.500, 81
Trd, 258742.633, 73
Trd, 258742.817, 129
Trd, 258743.000, 100
Trd, 258743.367, 124
Trd, 258743.867, 125
Trd, 258744.150, 140
Trd, 258744.917, 140
Trd, 258745.083, 140
Trd, 258745.167, 140
Trd, 258745.200, 139
Trd, 258745.300, 140
Trd, 258745.483, 121
Trd, 258745.667, 80
Trd, 258745.717, 62
Trd, 258746.017, 131
Trd, 258746.117, 130
Trd, 258746.650, 63
Trd, 258746.717, 63
Trd, 258746.950, 62
Trd, 258747.133, 63
Trd, 258747.350, 64
Trd, 258747.367, 85
Trd, 258747.550, 74
Trd, 258747.850, 86
Trd, 258748.183, 67
Trd, 258748.217, 65
Trd, 258748.467, 65
Trd, 258748.550, 70
Trd, 258748.883, 140
Trd, 258749.300, 140
Trd, 258749.933, 140
Trd, 258750.117, 140
Trd, 258750.167, 140
Trd, 258750.267, 140
Trd, 258750.517, 140
Trd, 258750.533, 140
Trd, 258750.833, 140
Trd, 258751.383, 140
Trd, 258751.433, 137
Trd, 258751.517, 121
Trd, 258751.650, 121
Trd, 258751.783, 106
Trd, 258752.000, 140
Trd, 258752.150, 106
Trd, 258752.550, 126
Trd, 258752.567, 102
Trd, 258752.583, 136
Trd, 258752.633, 137
Trd, 258752.717, 107
Trd, 258753.017, 98
Trd, 258753.650, 140
Trd, 258753.783, 140
Trd, 258753.800, 139
Trd, 258754.233, 140
Trd, 258754.283, 140
Trd, 258754.350, 140
Trd, 258754.600, 139
Trd, 258754.833, 139
Trd, 258755.000, 118
Trd, 258755.300, 140
Trd, 258755.600, 117
Trd, 258756.200, 115
Trd, 258756.400, 113
Trd, 258756.483, 102
Trd, 258756.883, 75
Trd, 258756.950, 118
Trd, 258757.000, 126
Trd, 258757.200, 108
Trd, 258757.283, 129
Trd, 258757.517, 134
Trd, 258757.667, 140
Trd, 258757.933, 138
Trd, 258758.200, 140
Trd, 258758.367, 140
Trd, 258759.100, 140
Trd, 258759.117, 140
Trd, 258759.167, 139
Trd, 258759.217, 139
Trd, 258759.517, 123
Trd, 258759.583, 118
Trd, 258760.100, 124
Trd, 258760.283, 119
Trd, 258760.367, 110
Trd, 258760.733, 125
Trd, 258760.950, 98
Trd, 258760.983, 97
Trd, 258761.050, 79
Trd, 258761.333, 89
Trd, 258761.433, 81
Trd, 258761.517, 124
Trd, 258761.683, 140
Trd, 258761.817, 140
Trd, 258762.050, 80
Trd, 258762.217, 81
Trd, 258762.267, 95
Trd, 258762.433, 80
Trd, 258762.667, 79
Trd, 258762.900, 134
Trd, 258762.983, 135
Trd, 258763.133, 89
Trd, 258763.317, 77
Trd, 258763.450, 139
Trd, 258764.100, 101
Trd, 258764.283, 91
Trd, 258764.367, 77
Trd, 258764.717, 113
Trd, 258765.067, 140
Trd, 258765.317, 111
Trd, 258766.417, 140
Trd, 258766.450, 140
Trd, 258766.533, 140
Trd, 258766.717, 140
Trd, 258767.083, 140
Trd, 258767.417, 140
Trd, 258767.433, 140
Trd, 258767.467, 139
Trd, 258767.583, 138
Trd, 258767.600, 123
Trd, 258767.700, 104
Trd, 258767.967, 103
Trd, 258768.367, 138
Trd, 258768.450, 140
Trd, 258769.083, 140
Trd, 258769.283, 139
Trd, 258769.650, 140
Trd, 258770.050, 140
Trd, 258770.083, 140
Trd, 258770.433, 139
Trd, 258770.883, 118
Trd, 258771.317, 120
Trd, 258771.517, 131
Trd, 258771.633, 120
Trd, 258771.833, 127
Trd, 258772.017, 119
Trd, 258772.250, 126
Trd, 258772.283, 121
Trd, 258772.433, 119
Trd, 258772.450, 104
Trd, 258772.800, 135
Trd, 258773.250, 104
Trd, 258773.283, 103
Trd, 258773.717, 108
Trd, 258773.783, 101
Trd, 258774.217, 130
Trd, 258774.550, 111
Trd, 258774.633, 128
Trd, 258774.833, 97
Trd, 258774.983, 118
Trd, 258775.050, 126
Trd, 258775.733, 127
Trd, 258775.750, 119
Trd, 258776.000, 111
Trd, 258776.050, 109
Trd, 258776.250, 105
Trd, 258776.317, 134
Trd, 258776.350, 103
Trd, 258776.633, 140
Trd, 258776.767, 115
Trd, 258776.817, 106
Trd, 258776.967, 135
Trd, 258777.567, 140
Trd, 258777.717, 140
Trd, 258777.850, 140
Trd, 258777.950, 140
Trd, 258778.067, 138
Trd, 258778.383, 124
Trd, 258778.467, 140
Trd, 258778.900, 130
Trd, 258778.950, 124
Trd, 258779.017, 116
Trd, 258779.333, 116
Trd, 258779.383, 115
Trd, 258779.417, 134
Trd, 258779.433, 135
Trd, 258779.650, 104
Trd, 258779.817, 95
Trd, 258779.867, 74
Trd, 258780.167, 104
Trd, 258780.250, 105
Trd, 258780.967, 140
Trd, 258781.033, 139
Trd, 258781.133, 138
Trd, 258781.467, 137
Trd, 258782.117, 140
Trd, 258782.717, 140
Trd, 258783.017, 140
Trd, 258783.033, 140
Trd, 258783.300, 140
Trd, 258783.417, 140
Trd, 258783.467, 140
Trd, 258783.550, 139
Trd, 258783.633, 139
Trd, 258783.833, 112
Trd, 258783.900, 105
Trd, 258784.183, 102
Trd, 258784.283, 101
Trd, 258784.317, 95
Trd, 258784.650, 137
Trd, 258784.717, 116
Trd, 258784.883, 117
Trd, 258784.900, 103
Trd, 258785.083, 123
Trd, 258785.133, 114
Trd, 258785.267, 103
Trd, 258785.417, 104
Trd, 258786.050, 133
Trd, 258786.233, 132
Trd, 258786.433, 118
Trd, 258786.517, 116
Trd, 258786.783, 106
Trd, 258787.100, 106
Trd, 258787.233, 133
Trd, 258787.467, 133
Trd, 258787.550, 112
Trd, 258787.600, 111
Trd, 258787.867, 133
Trd, 258787.883, 125
Trd, 258788.267, 103
Trd, 258788.433, 101
Trd, 258789.050, 136
Trd, 258789.200, 135
Trd, 258789.367, 130
Trd, 258789.583, 140
Trd, 258790.517, 140
Trd, 258790.533, 140
Trd, 258790.650, 140
Trd, 258790.667, 119
Trd, 258790.717, 114
Trd, 258790.967, 113
Trd, 258791.150, 98
Trd, 258791.433, 90
Trd, 258791.883, 140
Trd, 258792.350, 139
Trd, 258792.683, 139
Trd, 258792.700, 138
Trd, 258792.733, 125
Trd, 258792.783, 115
Trd, 258793.083, 114
Trd, 258793.150, 92
Trd, 258793.217, 86
Trd, 258793.433, 124
Trd, 258793.533, 120
Trd, 258793.617, 112
Trd, 258793.667, 139
Trd, 258793.833, 111
Trd, 258793.883, 109
Trd, 258794.567, 138
Trd, 258794.683, 91
Trd, 258794.717, 84
Trd, 258794.750, 78
Trd, 258795.483, 140
Trd, 258795.817, 140
Trd, 258795.867, 140
Trd, 258796.133, 140
Trd, 258796.617, 140
Trd, 258797.367, 140
Trd, 258797.517, 140
Trd, 258797.533, 140
Trd, 258798.033, 140
Trd, 258798.267, 140
Trd, 258798.650, 140
Trd, 258798.850, 140
Trd, 258798.933, 140
Trd, 258798.983, 140
Trd, 258799.350, 140
Trd, 258799.383, 139
Trd, 258799.450, 120
Trd, 258799.617, 140
Trd, 258799.917, 140
Trd, 258800.600, 119
Trd, 258800.650, 114
Trd, 258801.133, 115
Trd, 258801.517, 109
Trd, 258801.533, 108
Trd, 258801.683, 120
Trd, 258801.700, 140
Trd, 258801.933, 119
Trd, 258801.950, 118
Trd, 258801.967, 103
Trd, 258802.383, 139
Trd, 258802.467, 140
Trd, 258802.517, 101
Trd, 258802.867, 140
Trd, 258803.183, 140
Trd, 258803.333, 140
Trd, 258803.400, 140
Trd, 258803.450, 133
Trd, 258804.533, 138
Trd, 258804.567, 128
Trd, 258804.617, 123
Trd, 258805.083, 109
Trd, 258805.383, 108
Trd, 258805.467, 93
Trd, 258805.717, 96
Trd, 258806.017, 140
Trd, 258806.133, 86
Trd, 258806.467, 121
Trd, 258806.600, 87
Trd, 258806.633, 88
Trd, 258806.783, 98
Trd, 258807.417, 60
Trd, 258807.667, 60
Trd, 258807.733, 61
Trd, 258807.783, 61
Trd, 258807.817, 61
Trd, 258807.917, 61
Trd, 258808.317, 61
Trd, 258808.417, 62
Trd, 258808.617, 65
Trd, 258808.817, 71
Trd, 258809.100, 65
Trd, 258809.133, 66
Trd, 258809.200, 75
Trd, 258809.400, 140
Trd, 258809.467, 140
Trd, 258809.550, 122
Trd, 258809.683, 93
Trd, 258810.000, 67
Trd, 258810.083, 84
Trd, 258810.283, 89
Trd, 258810.767, 88
Trd, 258810.883, 129
Trd, 258810.933, 76
Trd, 258811.100, 105
Trd, 258811.917, 140
Trd, 258812.200, 140
Trd, 258812.600, 140
Trd, 258812.733, 140
Trd, 258812.800, 140
Trd, 258813.233, 140
Trd, 258813.250, 140
Trd, 258813.400, 140
Trd, 258813.417, 140
Trd, 258813.433, 139
Trd, 258813.550, 122
Trd, 258814.233, 133
Trd, 258814.617, 140
Trd, 258814.800, 112
Trd, 258814.817, 90
Trd, 258815.100, 133
Trd, 258815.133, 75
Trd, 258815.400, 132
Trd, 258815.667, 60
Trd, 258815.800, 62
Trd, 258816.117, 131
Trd, 258816.167, 97
Trd, 258816.583, 108
Trd, 258816.800, 108
Trd, 258816.883, 103
Trd, 258817.117, 99
Trd, 258817.200, 95
Trd, 258817.267, 138
Trd, 258817.783, 97
Trd, 258817.850, 105
Trd, 258818.000, 106
Trd, 258818.033, 113
Trd, 258818.650, 134
Trd, 258818.800, 132
Trd, 258818.817, 106
Trd, 258818.850, 138
Trd, 258819.083, 104
Trd, 258819.467, 140
Trd, 258819.667, 140
Trd, 258819.833, 135
Trd, 258819.867, 113
Trd, 258820.217, 118
Trd, 258820.300, 114
Trd, 258820.333, 113
Trd, 258820.917, 130
Trd, 258821.117, 115
Trd, 258821.200, 113
Trd, 258821.600, 139
Trd, 258821.967, 139
Trd, 258822.000, 136
Trd, 258822.217, 112
Trd, 258822.550, 133
Trd, 258822.583, 132
Trd, 258822.633, 131
Trd, 258822.950, 139
Trd, 258823.567, 139
Trd, 258823.950, 137
Trd, 258824.083, 136
Trd, 258824.167, 120
Trd, 258824.383, 109
Trd, 258824.450, 105
Trd, 258824.500, 140
Trd, 258825.233, 140
Trd, 258825.317, 140
Trd, 258825.333, 109
Trd, 258825.450, 102
Trd, 258825.533, 101
Trd, 258825.683, 128
Trd, 258826.183, 139
Trd, 258826.433, 136
Trd, 258826.467, 135
Trd, 258826.483, 134
Trd, 258826.633, 124
Trd, 258827.033, 121
Trd, 258827.117, 118
Trd, 258827.167, 111
Trd, 258827.183, 138
Trd, 258827.383, 110
Trd, 258827.983, 100
Trd, 258828.383, 96
Trd, 258828.533, 95
Trd, 258828.583, 112
Trd, 258828.683, 94
Trd, 258828.733, 86
Trd, 258828.783, 74
Trd, 258829.283, 106
Trd, 258829.350, 82
Trd, 258829.650, 113
Trd, 258830.250, 133
Trd, 258830.483, 127
Trd, 258830.917, 127
Trd, 258831.083, 104
Trd, 258831.517, 96
Trd, 258831.567, 98
Trd, 258831.683, 84
Trd, 258831.833, 72
Trd, 258832.017, 79
Trd, 258832.150, 77
Trd, 258832.417, 73
Trd, 258832.433, 124
Trd, 258832.567, 72
Trd, 258832.767, 75
Trd, 258832.800, 126
Trd, 258833.367, 81
Trd, 258833.600, 94
Trd, 258833.733, 94
Trd, 258834.283, 140
Trd, 258834.333, 140
Trd, 258834.367, 140
Trd, 258834.483, 112
Trd, 258834.633, 110
Trd, 258834.933, 121
Trd, 258835.000, 121
Trd, 258835.967, 140
Trd, 258836.200, 140
Trd, 258836.500, 140
Trd, 258837.000, 140
Trd, 258837.117, 140
Trd, 258837.283, 140
Trd, 258837.533, 139
Trd, 258837.717, 138
Trd, 258837.733, 137
Trd, 258837.833, 137
Trd, 258838.367, 130
Trd, 258838.417, 111
Trd, 258838.717, 137
Trd, 258838.783, 114
Trd, 258838.800, 138
Trd, 258838.817, 109
Trd, 258838.983, 102
Trd, 258839.017, 93
Trd, 258839.917, 140
Trd, 258840.033, 139
Trd, 258840.167, 140
Trd, 258840.650, 125
Trd, 258840.667, 122
Trd, 258840.817, 108
Trd, 258841.117, 105
Trd, 258841.150, 104
Trd, 258841.300, 140
Trd, 258841.517, 111
Trd, 258841.650, 139
Trd, 258842.150, 140
Trd, 258842.367, 132
Trd, 258842.450, 122
Trd, 258842.733, 128
Trd, 258842.850, 111
Trd, 258843.167, 140
Trd, 258843.400, 140
Trd, 258843.483, 137
Trd, 258844.000, 128
Trd, 258844.183, 129
Trd, 258844.333, 124
Trd, 258844.400, 123
Trd, 258844.717, 123
Trd, 258844.783, 123
Trd, 258844.933, 122
Trd, 258845.000, 118
Trd, 258845.567, 99
Trd, 258845.633, 120
Trd, 258845.733, 93
Trd, 258845.850, 121
Trd, 258845.983, 96
Trd, 258846.067, 93
Trd, 258846.267, 112
Trd, 258846.350, 121
Trd, 258846.983, 99
Trd, 258847.050, 99
Trd, 258847.367, 100
Trd, 258847.383, 98
Trd, 258847.633, 96
Trd, 258847.683, 95
Trd, 258848.217, 139
Trd, 258848.883, 140
Trd, 258849.000, 140
Trd, 258849.267, 140
Trd, 258849.767, 139
Trd, 258849.800, 113
Trd, 258849.967, 140
Trd, 258850.033, 121
Trd, 258850.283, 118
Trd, 258850.950, 109
Trd, 258851.150, 123
Trd, 258851.250, 124
Trd, 258851.283, 110
Trd, 258851.367, 126
Trd, 258851.450, 107
Trd, 258851.500, 101
Trd, 258851.567, 100
Trd, 258851.583, 97
Trd, 258851.667, 120
Trd, 258851.800, 88
Trd, 258851.817, 70
Trd, 258852.067, 97
Trd, 258852.317, 124
Trd, 258852.500, 61
Trd, 258853.017, 107
Trd, 258853.217, 94
Trd, 258853.383, 113
Trd, 258853.767, 115
Trd, 258853.850, 87
Trd, 258853.917, 86
Trd, 258854.017, 86
Trd, 258854.167, 127
Trd, 258854.650, 130
Trd, 258854.767, 111
Trd, 258855.267, 95
Trd, 258855.383, 94
Trd, 258855.617, 96
Trd, 258855.983, 88
Trd, 258856.283, 88
Trd, 258856.450, 97
Trd, 258856.950, 106
Trd, 258857.150, 74
Trd, 258857.267, 66
Trd, 258857.450, 62
Trd, 258857.583, 62
Trd, 258857.733, 90
Trd, 258857.967, 63
Trd, 258858.067, 81
Trd, 258858.317, 102
Trd, 258858.733, 120
Trd, 258858.817, 138
Trd, 258858.867, 119
Trd, 258858.950, 118
Trd, 258859.150, 105
Trd, 258859.283, 131
Trd, 258859.550, 133
Trd, 258859.683, 132
Trd, 258859.700, 108
Trd, 258859.817, 104
Trd, 258860.150, 140
Trd, 258860.600, 125
Trd, 258860.967, 140
Trd, 258861.000, 115
Trd, 258861.183, 102
Trd, 258861.250, 116
Trd, 258861.300, 84
Trd, 258862.017, 115
Trd, 258862.050, 116
Trd, 258862.067, 101
Trd, 258862.433, 77
Trd, 258862.533, 67
Trd, 258862.667, 96
Trd, 258863.017, 107
Trd, 258863.100, 140
Trd, 258863.133, 140
Trd, 258863.450, 122
Trd, 258863.550, 140
Trd, 258863.950, 122
Trd, 258864.133, 121
Trd, 258864.483, 140
Trd, 258864.800, 118
Trd, 258865.200, 129
Trd, 258865.483, 118
Trd, 258865.650, 117
Trd, 258865.983, 110
Trd, 258866.217, 107
Trd, 258866.567, 100
Trd, 258866.850, 100
Trd, 258866.950, 99
Trd, 258867.300, 140
Trd, 258867.350, 136
Trd, 258867.733, 139
Trd, 258867.767, 139
Trd, 258867.833, 137
Trd, 258867.867, 106
Trd, 258868.283, 135
Trd, 258868.417, 124
Trd, 258868.533, 130
Trd, 258868.767, 89
Trd, 258869.017, 139
Trd, 258869.317, 140
Trd, 258869.417, 87
Trd, 258869.467, 84
Trd, 258869.583, 100
Trd, 258870.333, 106
Trd, 258870.533, 80
Trd, 258870.717, 136
Trd, 258870.767, 78
Trd, 258870.867, 136
Trd, 258870.883, 77
Trd, 258871.083, 135
Trd, 258871.400, 110
Trd, 258871.483, 127
Trd, 258872.400, 140
Trd, 258872.567, 140
Trd, 258872.633, 139
Trd, 258873.183, 137
Trd, 258873.733, 140
Trd, 258873.917, 113
Trd, 258874.050, 136
Trd, 258874.117, 82
Trd, 258874.400, 110
Trd, 258874.433, 109
Trd, 258874.583, 83
Trd, 258874.683, 82
Trd, 258875.017, 83
Trd, 258875.117, 101
Trd, 258875.133, 100
Trd, 258875.167, 122
Trd, 258875.217, 125
Trd, 258875.250, 102
Trd, 258875.450, 65
Trd, 258875.600, 65
Trd, 258875.717, 65
Trd, 258876.167, 63
Trd, 258876.267, 64
Trd, 258876.383, 67
Trd, 258876.567, 69
Trd, 258877.517, 69
Trd, 258877.633, 71
Trd, 258877.883, 139
Trd, 258878.183, 140
Trd, 258878.300, 139
Trd, 258878.467, 95
Trd, 258878.817, 99
Trd, 258879.117, 140
Trd, 258879.233, 140
Trd, 258879.433, 139
Trd, 258879.567, 133
Trd, 258879.750, 140
Trd, 258879.817, 140
Trd, 258879.850, 116
Trd, 258880.717, 116
Trd, 258880.817, 115
Trd, 258880.867, 114
Trd, 258881.033, 111
Trd, 258881.133, 132
Trd, 258881.400, 104
Trd, 258881.633, 117
Trd, 258881.683, 87
Trd, 258881.783, 86
Trd, 258881.850, 74
Trd, 258882.500, 74
Trd, 258882.700, 61
Trd, 258882.817, 70
Trd, 258883.300, 60
Trd, 258883.350, 60
Trd, 258883.400, 60
Trd, 258883.417, 61
Trd, 258883.467, 62
Trd, 258884.333, 63
Trd, 258884.383, 63
Trd, 258884.550, 69
Trd, 258884.650, 104
Trd, 258884.967, 63
Trd, 258885.183, 71
Trd, 258885.217, 72
Trd, 258885.467, 66
Trd, 258885.500, 108
Trd, 258885.650, 64
Trd, 258885.817, 65
Trd, 258886.333, 78
Trd, 258886.717, 80
Trd, 258886.883, 80
Trd, 258887.117, 106
Trd, 258887.233, 87
Trd, 258887.700, 97
Trd, 258887.783, 79
Trd, 258887.883, 111
Trd, 258888.050, 71
Trd, 258888.083, 63
Trd, 258888.600, 109
Trd, 258888.917, 67
Trd, 258888.967, 63
Trd, 258889.017, 108
Trd, 258889.267, 107
Trd, 258889.567, 126
Trd, 258889.600, 101
Trd, 258889.683, 65
Trd, 258889.883, 140
Trd, 258890.133, 109
Trd, 258890.267, 109
Trd, 258890.300, 108
Trd, 258890.650, 140
Trd, 258891.050, 140
Trd, 258891.367, 140
Trd, 258891.467, 139
Trd, 258891.567, 136
Trd, 258891.667, 122
Trd, 258891.750, 113
Trd, 258891.983, 113
Trd, 258892.050, 118
Trd, 258892.400, 105
Trd, 258892.417, 104
Trd, 258892.733, 104
Trd, 258892.767, 111
Trd, 258892.883, 140
Trd, 258893.183, 121
Trd, 258893.217, 105
Trd, 258893.533, 70
Trd, 258894.683, 140
Trd, 258894.850, 139
Trd, 258895.167, 138
Trd, 258896.033, 132
Trd, 258896.067, 131
Trd, 258896.217, 134
Trd, 258896.267, 139
Trd, 258896.483, 128
Trd, 258896.683, 128
Trd, 258896.700, 127
Trd, 258897.100, 140
Trd, 258897.150, 126
Trd, 258897.283, 111
Trd, 258897.467, 134
Trd, 258897.967, 114
Trd, 258898.267, 125
Trd, 258898.317, 93
Trd, 258898.600, 128
Trd, 258898.683, 85
Trd, 258899.083, 131
Trd, 258899.150, 121
Trd, 258899.333, 122
Trd, 258899.367, 120
Trd, 258899.483, 127
Trd, 258899.883, 98
Trd, 258900.133, 96
Trd, 258900.167, 82
Trd, 258900.383, 139
Trd, 258900.500, 116
Trd, 258900.617, 140
Trd, 258900.683, 108
Trd, 258901.100, 140
Trd, 258901.200, 139
Trd, 258901.617, 114
Trd, 258902.033, 130
Trd, 258902.350, 140
Trd, 258902.367, 129
Trd, 258902.433, 126
Trd, 258902.700, 140
Trd, 258903.050, 140
Trd, 258903.233, 127
Trd, 258903.367, 131
Trd, 258903.550, 126
Trd, 258903.867, 120
Trd, 258903.950, 115
Trd, 258904.267, 138
Trd, 258904.483, 135
Trd, 258904.567, 134
Trd, 258904.600, 105
Trd, 258904.717, 119
Trd, 258905.383, 127
Trd, 258905.900, 120
Trd, 258906.417, 123
Trd, 258906.433, 122
Trd, 258906.550, 122
Trd, 258906.583, 124
Trd, 258906.750, 129
Trd, 258906.767, 122
Trd, 258906.967, 122
Trd, 258907.467, 123
Trd, 258907.600, 122
Trd, 258907.617, 120
Trd, 258907.633, 110
Trd, 258907.900, 127
Trd, 258907.933, 129
Trd, 258907.983, 132
Trd, 258908.800, 140
Trd, 258908.967, 128
Trd, 258909.033, 138
Trd, 258909.067, 126
Trd, 258909.217, 126
Trd, 258909.817, 104
Trd, 258909.950, 81
Trd, 258910.183, 113
Trd, 258910.400, 104
Trd, 258910.533, 99
Trd, 258910.717, 89
Trd, 258910.983, 89
Trd, 258911.233, 88
Trd, 258911.250, 80
Trd, 258911.267, 71
Trd, 258911.783, 66
Trd, 258911.933, 69
Trd, 258912.050, 65
Trd, 258912.200, 91
Trd, 258912.533, 65
Trd, 258913.017, 60
Trd, 258913.083, 61
Trd, 258913.267, 137
Trd, 258913.483, 136
Trd, 258913.500, 126
Trd, 258913.683, 100
Trd, 258914.150, 61
Trd, 258914.583, 61
Trd, 258914.717, 62
Trd, 258915.383, 60
Trd, 258915.517, 60
Trd, 258915.767, 60
Trd, 258916.133, 63
Trd, 258916.217, 63
Trd, 258916.267, 64
Trd, 258916.333, 65
Trd, 258916.450, 85
Trd, 258916.600, 63
Trd, 258916.867, 62
Trd, 258916.983, 70
Trd, 258917.183, 70
Trd, 258917.200, 76
Trd, 258917.517, 82
Trd, 258917.950, 84
Trd, 258917.983, 82
Trd, 258918.033, 80
Trd, 258918.050, 95
Trd, 258918.383, 66
Trd, 258918.417, 96
Trd, 258918.867, 139
Trd, 258918.950, 85
Trd, 258919.300, 85
Trd, 258919.333, 84
Trd, 258919.800, 86
Trd, 258919.850, 137
Trd, 258919.950, 92
Trd, 258920.267, 137
Trd, 258920.317, 136
Trd, 258920.783, 112
Trd, 258920.817, 133
Trd, 258921.083, 139
Trd, 258921.283, 112
Trd, 258921.617, 88
Trd, 258922.017, 89
Trd, 258922.033, 112
Trd, 258922.283, 89
Trd, 258922.767, 112
Trd, 258922.917, 124
Trd, 258923.200, 87
Trd, 258923.250, 134
Trd, 258923.417, 82
Trd, 258923.483, 135
Trd, 258923.783, 76
Trd, 258923.817, 136
Trd, 258924.133, 140
Trd, 258924.150, 130
Trd, 258924.417, 126
Trd, 258924.433, 74
Trd, 258924.450, 72
Trd, 258925.250, 140
Trd, 258925.550, 140
Trd, 258925.833, 140
Trd, 258925.983, 140
Trd, 258926.100, 140
Trd, 258926.867, 140
Trd, 258926.900, 140
Trd, 258927.017, 127
Trd, 258927.033, 114
Trd, 258927.050, 111
Trd, 258927.500, 111
Trd, 258928.383, 109
Trd, 258928.533, 140
Trd, 258928.883, 139
Trd, 258928.933, 114
Trd, 258929.317, 140
Trd, 258929.350, 140
Trd, 258929.617, 140
Trd, 258929.750, 140
Trd, 258930.100, 140
Trd, 258930.183, 140
Trd, 258930.367, 137
Trd, 258930.583, 126
Trd, 258931.133, 125
Trd, 258931.250, 117
Trd, 258931.450, 116
Trd, 258931.517, 133
Trd, 258931.967, 123
Trd, 258932.000, 109
Trd, 258932.417, 121
Trd, 258932.467, 105
Trd, 258932.650, 97
Trd, 258933.017, 103
Trd, 258933.083, 96
Trd, 258933.267, 124
Trd, 258933.633, 85
Trd, 258933.817, 124
Trd, 258933.900, 83
Trd, 258933.967, 124
Trd, 258934.533, 104
Trd, 258934.983, 121
Trd, 258935.317, 128
Trd, 258935.500, 128
Trd, 258935.833, 140
Trd, 258935.850, 139
Trd, 258936.433, 138
Trd, 258936.450, 134
Trd, 258936.567, 120
Trd, 258936.600, 119
Trd, 258937.300, 140
Trd, 258937.533, 139
Trd, 258938.417, 140
Trd, 258938.733, 140
Trd, 258939.083, 140
Trd, 258939.133, 140
Trd, 258939.200, 139
Trd, 258939.333, 123
Trd, 258939.350, 121
Trd, 258939.667, 138
Trd, 258939.767, 111
Trd, 258940.333, 110
Trd, 258940.417, 109
Trd, 258940.567, 132
Trd, 258940.650, 133
Trd, 258940.900, 134
Trd, 258941.350, 122
Trd, 258941.617, 136
Trd, 258941.750, 122
Trd, 258941.767, 115
Trd, 258941.850, 114
Trd, 258941.900, 91
Trd, 258941.950, 91
Trd, 258942.017, 137
Trd, 258942.083, 95
Trd, 258942.167, 91
Trd, 258942.267, 90
Trd, 258942.383, 79
Trd, 258942.700, 73
Trd, 258943.133, 74
Trd, 258943.350, 77
Trd, 258943.383, 78
Trd, 258943.483, 74
Trd, 258943.567, 96
Trd, 258944.350, 132
Trd, 258944.467, 131
Trd, 258944.583, 130
Trd, 258944.600, 96
Trd, 258944.750, 133
Trd, 258945.050, 135
Trd, 258945.133, 140
Trd, 258945.333, 95
Trd, 258945.800, 128
Trd, 258946.133, 127
Trd, 258946.250, 127
Trd, 258946.300, 127
Trd, 258946.367, 125
Trd, 258946.450, 102
Trd, 258946.650, 122
Trd, 258946.767, 96
Trd, 258947.300, 78
Trd, 258947.633, 66
Trd, 258947.667, 139
Trd, 258947.950, 139
Trd, 258948.050, 140
Trd, 258948.417, 95
Trd, 258948.583, 140
Trd, 258948.650, 140
Trd, 258948.733, 100
Trd, 258949.150, 127
Trd, 258949.183, 104
Trd, 258949.367, 119
Trd, 258949.817, 99
Trd, 258950.017, 73
Trd, 258950.283, 82
Trd, 258950.400, 102
Trd, 258950.450, 95
Trd, 258950.500, 103
Trd, 258951.017, 114
Trd, 258951.050, 101
Trd, 258951.183, 100
Trd, 258951.200, 139
Trd, 258951.350, 99
Trd, 258951.600, 90
Trd, 258951.683, 91
Trd, 258952.100, 116
Trd, 258952.117, 138
Trd, 258952.383, 139
Trd, 258952.500, 117
Trd, 258953.033, 117
Trd, 258953.250, 115
Trd, 258953.267, 92
Trd, 258953.600, 127
Trd, 258953.750, 139
Trd, 258954.233, 96
Trd, 258954.450, 106
Trd, 258954.467, 137
Trd, 258954.633, 106
Trd, 258954.717, 97
Trd, 258955.083, 98
Trd, 258955.317, 97
Trd, 258955.400, 96
Trd, 258955.783, 101
Trd, 258955.917, 125
Trd, 258955.983, 91
Trd, 258956.000, 139
Trd, 258956.533, 133
Trd, 258956.683, 117
Trd, 258956.800, 105
Trd, 258956.883, 104
Trd, 258957.433, 140
Trd, 258957.733, 133
Trd, 258958.167, 133
Trd, 258958.183, 133
Trd, 258958.267, 130
Trd, 258958.300, 127
Trd, 258958.733, 134
Trd, 258958.933, 119
Trd, 258959.083, 119
Trd, 258959.133, 93
Trd, 258959.200, 92
Trd, 258959.283, 80
Trd, 258959.300, 78
Trd, 258959.400, 65
Trd, 258959.550, 140
Trd, 258959.750, 140
Trd, 258960.067, 75
Trd, 258960.133, 98
Trd, 258960.550, 131
Trd, 258960.717, 132
Trd, 258961.017, 132
Trd, 258961.350, 140
Trd, 258961.867, 140
Trd, 258961.967, 140
Trd, 258962.283, 140
Trd, 258962.600, 140
Trd, 258962.883, 140
Trd, 258962.983, 140
Trd, 258963.033, 138
Trd, 258963.283, 136
Trd, 258963.317, 139
Trd, 258963.917, 140
Trd, 258964.117, 140
Trd, 258964.317, 139
Trd, 258964.567, 123
Trd, 258964.600, 114
Trd, 258964.933, 124
Trd, 258965.083, 108
Trd, 258965.183, 98
Trd, 258965.200, 94
Trd, 258965.600, 96
Trd, 258965.683, 85
Trd, 258965.767, 85
Trd, 258965.950, 102
Trd, 258966.667, 114
Trd, 258967.000, 139
Trd, 258967.200, 138
Trd, 258967.367, 137
Trd, 258967.383, 136
Trd, 258967.467, 122
Trd, 258967.567, 121
Trd, 258968.133, 124
Trd, 258968.200, 123
Trd, 258968.783, 124
Trd, 258968.833, 113
Trd, 258968.900, 111
Trd, 258968.950, 103
Trd, 258969.467, 100
Trd, 258969.783, 102
Trd, 258969.900, 108
Trd, 258969.917, 107
Trd, 258970.017, 128
Trd, 258970.317, 98
Trd, 258970.433, 87
Trd, 258970.450, 128
Trd, 258970.533, 129
Trd, 258970.833, 123
Trd, 258970.933, 105
Trd, 258970.950, 87
Trd, 258971.033, 86
Trd, 258971.067, 84
Trd, 258971.433, 72
Trd, 258971.700, 140
Trd, 258972.067, 64
Trd, 258972.117, 68
Trd, 258972.483, 65
Trd, 258972.783, 93
Trd, 258973.200, 140
Trd, 258973.450, 140
Trd, 258973.483, 140
Trd, 258973.517, 139
Trd, 258973.667, 126
Trd, 258973.750, 104
Trd, 258973.767, 93
Trd, 258974.050, 77
Trd, 258974.150, 78
Trd, 258974.667, 117
Trd, 258974.817, 117
Trd, 258974.833, 107
Trd, 258974.950, 106
Trd, 258975.500, 110
Trd, 258976.083, 100
Trd, 258976.100, 117
Trd, 258976.133, 118
Trd, 258976.483, 96
Trd, 258976.533, 114
Trd, 258976.683, 93
Trd, 258976.900, 118
Trd, 258977.200, 95
Trd, 258977.267, 94
Trd, 258977.483, 120
Trd, 258977.600, 107
Trd, 258977.700, 104
Trd, 258978.000, 121
Trd, 258978.150, 104
Trd, 258978.717, 126
Trd, 258978.783, 125
Trd, 258978.933, 140
Trd, 258979.117, 130
Trd, 258979.200, 126
Trd, 258979.517, 140
Trd, 258979.717, 139
Trd, 258979.833, 138
Trd, 258979.917, 138
Trd, 258980.033, 110
Trd, 258980.350, 108
Trd, 258980.633, 128
Trd, 258980.933, 107
Trd, 258981.000, 139
Trd, 258981.467, 91
Trd, 258981.617, 79
Trd, 258981.950, 89
Trd, 258982.050, 96
Trd, 258982.200, 95
Trd, 258982.367, 138
Trd, 258982.483, 135
Trd, 258982.550, 82
Trd, 258982.617, 93
Trd, 258983.483, 112
Trd, 258983.500, 110
Trd, 258983.567, 89
Trd, 258983.933, 109
Trd, 258983.983, 116
Trd, 258984.017, 85
Trd, 258984.417, 87
Trd, 258984.483, 86
Trd, 258984.500, 85
Trd, 258985.117, 140
Trd, 258985.150, 140
Trd, 258985.183, 127
Trd, 258985.250, 126
Trd, 258985.483, 140
Trd, 258986.483, 140
Trd, 258986.650, 140
Trd, 258986.900, 140
Trd, 258987.250, 140
Trd, 258987.450, 140
Trd, 258987.633, 140
Trd, 258987.783, 140
Trd, 258987.933, 139
Trd, 258988.150, 121
Trd, 258988.767, 118
Trd, 258988.833, 118
Trd, 258988.933, 134
Trd, 258988.983, 119
Trd, 258989.233, 102
Trd, 258989.467, 140
Trd, 258990.033, 140
Trd, 258990.133, 128
Trd, 258990.167, 118
Trd, 258990.367, 140
Trd, 258990.383, 114
Trd, 258990.600, 107
Trd, 258990.800, 132
Trd, 258991.217, 136
Trd, 258991.283, 107
Trd, 258991.300, 106
Trd, 258991.367, 124
Trd, 258991.567, 102
Trd, 258991.983, 136
Trd, 258992.400, 104
Trd, 258992.600, 138
Trd, 258992.667, 112
Trd, 258992.700, 111
Trd, 258992.900, 101
Trd, 258992.967, 94
Trd, 258993.100, 88
Trd, 258993.367, 101
Trd, 258993.700, 140
Trd, 258994.233, 134
Trd, 258994.283, 133
Trd, 258994.433, 132
Trd, 258994.717, 89
Trd, 258994.750, 131
Trd, 258995.233, 114
Trd, 258995.550, 88
Trd, 258995.583, 96
Trd, 258995.800, 90
Trd, 258996.000, 89
Trd, 258996.067, 89
Trd, 258996.133, 90
Trd, 258996.167, 88
Trd, 258996.300, 125
Trd, 258996.400, 89
Trd, 258996.683, 105
Trd, 258996.883, 60
Trd, 258997.350, 66
Trd, 258997.667, 122
Trd, 258997.883, 140
Trd, 258997.950, 140
Trd, 258997.983, 102
Trd, 258998.467, 64
Trd, 258998.617, 62
Trd, 258998.717, 62
Trd, 258999.167, 61
Trd, 258999.200, 62
Trd, 258999.250, 66
Trd, 258999.500, 68
Trd, 258999.700, 88
Trd, 258999.950, 89
Trd, 259000.033, 134
Trd, 259000.283, 93
Trd, 259000.750, 61
Trd, 259000.983, 61
Trd, 259001.033, 62
Trd, 259001.100, 63
Trd, 259001.517, 63
Trd, 259001.650, 63
Trd, 259002.233, 61
Trd, 259002.267, 62
Trd, 259002.450, 63
Trd, 259002.733, 66
Trd, 259002.900, 65
Trd, 259002.967, 69
Trd, 259003.017, 66
Trd, 259003.483, 68
Trd, 259003.600, 65
Trd, 259004.033, 69
Trd, 259004.167, 70
Trd, 259004.450, 63
Trd, 259004.617, 62
Trd, 259004.833, 63
Trd, 259004.883, 64
Trd, 259004.950, 72
Trd, 259005.167, 83
Trd, 259005.200, 85
Trd, 259005.283, 84
Trd, 259005.333, 66
Trd, 259005.367, 63
Trd, 259005.533, 63
Trd, 259005.750, 65
Trd, 259006.117, 67
Trd, 259006.317, 84
Trd, 259006.433, 88
Trd, 259006.450, 89
Trd, 259006.867, 108
Trd, 259007.050, 116
Trd, 259007.300, 109
Trd, 259007.583, 121
Trd, 259007.633, 129
Trd, 259007.717, 120
Trd, 259007.783, 108
Trd, 259008.150, 139
Trd, 259008.300, 140
Trd, 259008.483, 126
Trd, 259008.633, 126
Trd, 259008.667, 125
Trd, 259008.933, 91
Trd, 259009.150, 78
Trd, 259009.367, 123
Trd, 259009.750, 76
Trd, 259010.167, 124
Trd, 259010.200, 80
Trd, 259010.650, 106
Trd, 259010.733, 129
Trd, 259010.800, 105
Trd, 259011.133, 140
Trd, 259011.817, 140
Trd, 259012.133, 139
Trd, 259012.250, 136
Trd, 259012.300, 135
Trd, 259012.333, 121
Trd, 259012.400, 119
Trd, 259012.600, 114
Trd, 259012.617, 113
Trd, 259012.767, 108
Trd, 259013.250, 131
Trd, 259013.367, 109
Trd, 259013.450, 132
Trd, 259013.500, 123
Trd, 259013.767, 133
Trd, 259014.200, 136
Trd, 259014.217, 135
Trd, 259014.367, 104
Trd, 259014.383, 100
Trd, 259014.517, 99
Trd, 259015.100, 128
Trd, 259015.350, 61
Trd, 259015.950, 102
Trd, 259015.967, 126
Trd, 259016.083, 101
Trd, 259016.233, 101
Trd, 259016.533, 129
Trd, 259016.567, 114
Trd, 259016.733, 127
Trd, 259016.750, 112
Trd, 259016.883, 74
Trd, 259017.117, 114
Trd, 259017.233, 73
Trd, 259017.300, 75
Trd, 259017.700, 81
Trd, 259018.167, 89
Trd, 259018.467, 88
Trd, 259018.500, 116
Trd, 259018.917, 84
Trd, 259019.033, 119
Trd, 259019.117, 140
Trd, 259019.550, 133
Trd, 259019.833, 128
Trd, 259019.867, 137
Trd, 259019.917, 117
Trd, 259020.067, 117
Trd, 259020.250, 104
Trd, 259020.267, 103
Trd, 259020.333, 137
Trd, 259020.533, 137
Trd, 259021.283, 140
Trd, 259021.500, 140
Trd, 259021.650, 140
Trd, 259021.667, 139
Trd, 259021.783, 137
Trd, 259021.833, 136
Trd, 259021.917, 124
Trd, 259022.267, 140
Trd, 259022.283, 120
Trd, 259022.617, 107
Trd, 259022.700, 105
Trd, 259022.750, 98
Trd, 259023.050, 107
Trd, 259023.317, 101
Trd, 259023.433, 118
Trd, 259023.967, 108
Trd, 259024.283, 104
Trd, 259024.383, 116
Trd, 259024.550, 119
Trd, 259024.667, 102
Trd, 259024.917, 133
Trd, 259024.983, 132
Trd, 259025.167, 138
Trd, 259025.250, 96
Trd, 259025.400, 95
Trd, 259025.867, 87
Trd, 259025.883, 95
Trd, 259026.350, 140
Trd, 259026.500, 140
Trd, 259026.983, 140
Trd, 259027.183, 140
Trd, 259027.233, 139
Trd, 259027.433, 130
Trd, 259028.233, 133
Trd, 259028.433, 129
Trd, 259028.867, 121
Trd, 259028.883, 116
Trd, 259029.050, 119
Trd, 259029.417, 140
Trd, 259029.533, 139
Trd, 259029.933, 122
Trd, 259030.067, 120
Trd, 259030.583, 136
Trd, 259030.617, 134
Trd, 259030.650, 118
Trd, 259030.683, 118
Trd, 259030.900, 138
Trd, 259030.917, 137
Trd, 259031.117, 110
Trd, 259031.233, 125
Trd, 259031.267, 124
Trd, 259031.317, 107
Trd, 259031.350, 104
Trd, 259032.250, 136
Trd, 259032.317, 130
Trd, 259032.533, 129
Trd, 259032.667, 134
Trd, 259032.850, 135
Trd, 259032.900, 96
Trd, 259033.200, 94
Trd, 259033.317, 81
Trd, 259033.400, 71
Trd, 259033.467, 75
Trd, 259033.817, 99
Trd, 259033.967, 102
Trd, 259034.100, 103
Trd, 259034.200, 131
Trd, 259034.850, 105
Trd, 259034.900, 96
Trd, 259034.967, 106
Trd, 259034.983, 133
Trd, 259035.150, 95
Trd, 259035.233, 124
Trd, 259035.250, 94
Trd, 259035.383, 95
Trd, 259035.550, 112
Trd, 259035.850, 96
Trd, 259036.517, 137
Trd, 259036.600, 123
Trd, 259036.667, 123
Trd, 259036.683, 122
Trd, 259036.883, 102
Trd, 259037.033, 101
Trd, 259037.167, 100
Trd, 259037.433, 120
Trd, 259037.467, 104
Trd, 259037.500, 101
Trd, 259037.750, 103
Trd, 259038.717, 140
Trd, 259038.750, 140
Trd, 259039.050, 140
Trd, 259039.550, 140
Trd, 259039.667, 140
Trd, 259040.200, 139
Trd, 259040.317, 112
Trd, 259040.783, 110
Trd, 259041.133, 104
Trd, 259041.400, 140
Trd, 259041.500, 84
Trd, 259041.800, 83
Trd, 259041.900, 98
Trd, 259041.983, 83
Trd, 259042.150, 82
Trd, 259042.217, 89
Trd, 259042.283, 90
Trd, 259042.550, 61
Trd, 259042.983, 129
Trd, 259043.633, 130
Trd, 259043.967, 136
Trd, 259044.017, 137
Trd, 259044.083, 132
Trd, 259044.183, 131
Trd, 259044.300, 129
Trd, 259044.383, 140
Trd, 259044.467, 132
Trd, 259044.500, 131
Trd, 259044.817, 130
Trd, 259044.850, 139
Trd, 259044.933, 129
Trd, 259045.017, 114
Trd, 259045.033, 113
Trd, 259045.050, 105
Trd, 259045.217, 131
Trd, 259045.717, 139
Trd, 259045.733, 139
Trd, 259045.800, 129
Trd, 259046.133, 118
Trd, 259046.500, 97
Trd, 259046.583, 90
Trd, 259046.933, 77
Trd, 259047.100, 73
Trd, 259047.583, 139
Trd, 259047.667, 138
Trd, 259047.783, 102
Trd, 259047.817, 127
Trd, 259047.883, 89
Trd, 259048.333, 140
Trd, 259048.400, 140
Trd, 259048.883, 140
Trd, 259048.917, 139
Trd, 259049.967, 140
Trd, 259050.100, 139
Trd, 259050.117, 138
Trd, 259050.700, 124
Trd, 259050.967, 126
Trd, 259050.983, 137
Trd, 259051.000, 124
Trd, 259051.183, 121
Trd, 259051.267, 139
Trd, 259051.483, 138
Trd, 259051.750, 131
Trd, 259051.900, 139
Trd, 259052.500, 139
Trd, 259052.617, 138
Trd, 259052.833, 137
Trd, 259052.967, 122
Trd, 259053.150, 121
Trd, 259053.283, 120
Trd, 259053.683, 110
Trd, 259053.933, 102
Trd, 259054.250, 138
Trd, 259054.517, 138
Trd, 259054.533, 137
Trd, 259054.883, 127
Trd, 259055.167, 127
Trd, 259055.217, 129
Trd, 259055.533, 119
Trd, 259055.600, 103
Trd, 259055.617, 130
Trd, 259056.267, 96
Trd, 259056.500, 95
Trd, 259056.583, 102
Trd, 259056.600, 103
Trd, 259056.750, 87
Trd, 259056.817, 104
Trd, 259057.367, 119
Trd, 259058.267, 140
Trd, 259058.300, 139
Trd, 259058.350, 138
Trd, 259058.367, 122
Trd, 259058.383, 112
Trd, 259058.650, 140
Trd, 259059.283, 139
Trd, 259059.333, 118
Trd, 259059.467, 118
Trd, 259059.583, 118
Trd, 259059.683, 115
Trd, 259059.733, 79
Trd, 259060.017, 95
Trd, 259060.067, 94
Trd, 259060.533, 109
Trd, 259060.567, 107
Trd, 259060.817, 98
Trd, 259061.117, 123
Trd, 259061.300, 105
Trd, 259061.383, 97
Trd, 259061.483, 77
Trd, 259061.500, 65
Trd, 259061.567, 65
Trd, 259061.800, 64
Trd, 259062.300, 82
Trd, 259062.783, 71
Trd, 259063.717, 83
Trd, 259063.983, 83
Trd, 259064.000, 84
Trd, 259064.100, 66
Trd, 259064.417, 121
Trd, 259064.483, 124
Trd, 259064.600, 126
Trd, 259064.683, 88
Trd, 259065.067, 107
Trd, 259065.083, 106
Trd, 259065.150, 100
Trd, 259065.217, 140
Trd, 259065.283, 94
Trd, 259065.500, 139
Trd, 259065.600, 138
Trd, 259065.667, 91
Trd, 259065.850, 90
Trd, 259066.017, 140
Trd, 259066.133, 140
Trd, 259067.000, 140
Trd, 259067.150, 140
Trd, 259067.250, 140
Trd, 259067.267, 140
Trd, 259067.317, 136
Trd, 259067.383, 131
Trd, 259067.483, 113
Trd, 259067.583, 111
Trd, 259067.717, 102
Trd, 259067.783, 82
Trd, 259068.200, 140
Trd, 259068.350, 139
Trd, 259068.617, 139
Trd, 259068.633, 138
Trd, 259069.367, 139
Trd, 259069.517, 128
Trd, 259069.783, 127
Trd, 259069.950, 138
Trd, 259069.967, 124
Trd, 259070.000, 119
Trd, 259070.033, 108
Trd, 259070.483, 138
Trd, 259070.717, 107
Trd, 259070.783, 103
Trd, 259070.883, 96
Trd, 259071.083, 95
Trd, 259071.267, 95
Trd, 259071.300, 94
Trd, 259071.333, 87
Trd, 259071.483, 81
Trd, 259071.600, 78
Trd, 259071.750, 140
Trd, 259071.900, 138
Trd, 259071.950, 76
Trd, 259072.883, 140
Trd, 259073.367, 140
Trd, 259073.900, 140
Trd, 259074.233, 140
Trd, 259074.467, 140
Trd, 259074.600, 140
Trd, 259074.950, 140
Trd, 259074.983, 139
Trd, 259075.000, 122
Trd, 259075.017, 105
Trd, 259075.283, 96
Trd, 259075.800, 135
Trd, 259076.217, 125
Trd, 259076.450, 114
Trd, 259076.533, 105
Trd, 259076.550, 104
Trd, 259076.583, 101
Trd, 259076.683, 93
Trd, 259076.700, 89
Trd, 259076.900, 134
Trd, 259076.983, 124
Trd, 259077.317, 62
Trd, 259077.517, 63
Trd, 259077.700, 63
Trd, 259077.767, 137
Trd, 259078.250, 123
Trd, 259078.550, 126
Trd, 259078.700, 122
Trd, 259078.850, 123
Trd, 259079.167, 124
Trd, 259079.200, 110
Trd, 259079.267, 109
Trd, 259079.400, 83
Trd, 259079.767, 78
Trd, 259080.167, 133
Trd, 259080.917, 140
Trd, 259081.300, 140
Trd, 259081.483, 140
Trd, 259081.583, 140
Trd, 259081.683, 140
Trd, 259081.850, 140
Trd, 259082.050, 140
Trd, 259082.067, 140
Trd, 259082.150, 138
Trd, 259082.750, 140
Trd, 259082.900, 140
Trd, 259084.383, 140
Trd, 259084.600, 140
Trd, 259084.800, 140
Trd, 259084.817, 139
Trd, 259084.900, 138
Trd, 259084.917, 136
Trd, 259084.983, 126
Trd, 259085.083, 123
Trd, 259085.117, 121
Trd, 259085.617, 84
Trd, 259085.833, 134
Trd, 259086.433, 133
Trd, 259086.750, 131
Trd, 259086.817, 108
Trd, 259086.900, 98
Trd, 259087.050, 133
Trd, 259087.283, 128
Trd, 259087.700, 108
Trd, 259087.733, 107
Trd, 259087.867, 117
Trd, 259088.117, 98
Trd, 259088.533, 140
Trd, 259089.100, 140
Trd, 259089.167, 140
Trd, 259090.017, 140
Trd, 259090.167, 139
Trd, 259090.350, 129
Trd, 259090.550, 129
Trd, 259090.567, 128
Trd, 259090.583, 108
Trd, 259090.733, 98
Trd, 259090.900, 111
Trd, 259091.183, 132
Trd, 259091.217, 112
Trd, 259091.683, 140
Trd, 259092.017, 140
Trd, 259092.083, 138
Trd, 259092.267, 137
Trd, 259092.583, 123
Trd, 259092.883, 140
Trd, 259093.717, 140
Trd, 259093.983, 140
Trd, 259094.017, 140
Trd, 259094.033, 140
Trd, 259094.250, 139
Trd, 259094.400, 128
Trd, 259094.417, 124
Trd, 259094.967, 122
Trd, 259095.283, 121
Trd, 259095.433, 140
Trd, 259095.683, 121
Trd, 259095.800, 118
Trd, 259095.833, 100
Trd, 259095.933, 90
Trd, 259096.183, 140
Trd, 259096.283, 129
Trd, 259097.050, 140
Trd, 259097.233, 140
Trd, 259097.267, 140
Trd, 259097.417, 123
Trd, 259097.517, 121
Trd, 259097.583, 110
Trd, 259097.683, 106
Trd, 259098.000, 140
Trd, 259098.133, 132
Trd, 259098.183, 120
Trd, 259098.550, 103
Trd, 259098.900, 140
Trd, 259098.917, 129
Trd, 259099.033, 140
Trd, 259099.267, 128
Trd, 259099.550, 131
Trd, 259099.783, 129
Trd, 259099.850, 120
Trd, 259100.000, 114
Trd, 259100.033, 113
Trd, 259100.383, 112
Trd, 259100.400, 130
Trd, 259100.817, 138
Trd, 259101.900, 140
Trd, 259102.167, 121
Trd, 259102.217, 108
Trd, 259102.283, 101
Trd, 259102.333, 91
Trd, 259102.650, 126
Trd, 259102.900, 134
Trd, 259103.017, 117
Trd, 259103.083, 135
Trd, 259103.167, 85
Trd, 259103.200, 84
Trd, 259103.400, 112
Trd, 259103.583, 84
Trd, 259103.633, 84
Trd, 259103.917, 114
Trd, 259104.350, 91
Trd, 259104.467, 119
Trd, 259104.700, 140
Trd, 259104.750, 140
Trd, 259105.167, 140
Trd, 259105.683, 140
Trd, 259106.500, 140
Trd, 259107.000, 140
Trd, 259107.183, 140
Trd, 259107.283, 137
Trd, 259107.633, 123
Trd, 259107.950, 113
Trd, 259108.133, 140
Trd, 259108.150, 140
Trd, 259108.167, 98
Trd, 259108.183, 97
Trd, 259108.617, 140
Trd, 259108.783, 140
Trd, 259109.250, 140
Trd, 259109.300, 140
Trd, 259109.433, 139
Trd, 259109.467, 139
Trd, 259109.667, 139
Trd, 259109.750, 94
Trd, 259110.317, 126
Trd, 259110.467, 103
Trd, 259110.817, 129
Trd, 259110.867, 110
Trd, 259110.883, 135
Trd, 259111.750, 109
Trd, 259112.217, 132
Trd, 259112.333, 118
Trd, 259112.467, 133
Trd, 259112.567, 109
Trd, 259113.000, 111
Trd, 259113.217, 140
Trd, 259113.633, 140
Trd, 259113.767, 140
Trd, 259113.783, 140
Trd, 259113.833, 140
Trd, 259113.900, 135
Trd, 259114.133, 139
Trd, 259114.150, 112
Trd, 259114.250, 107
Trd, 259114.700, 109
Trd, 259114.917, 105
Trd, 259115.217, 135
Trd, 259115.383, 140
Trd, 259115.450, 134
Trd, 259115.567, 129
Trd, 259115.783, 125
Trd, 259115.967, 140
Trd, 259116.233, 91
Trd, 259116.283, 89
Trd, 259116.717, 86
Trd, 259116.833, 84
Trd, 259117.200, 140
Trd, 259117.267, 139
Trd, 259117.667, 140
Trd, 259117.933, 111
Trd, 259117.950, 78
Trd, 259118.000, 112
Trd, 259118.550, 60
Trd, 259118.600, 64
Trd, 259118.767, 66
Trd, 259119.117, 87
Trd, 259119.167, 115
Trd, 259119.317, 105
Trd, 259119.800, 67
Trd, 259120.033, 102
Trd, 259120.800, 111
Trd, 259120.850, 113
Trd, 259121.117, 93
Trd, 259121.133, 91
Trd, 259121.150, 89
Trd, 259121.167, 121
Trd, 259121.450, 140
Trd, 259121.600, 92
Trd, 259122.017, 131
Trd, 259122.633, 140
Trd, 259122.817, 140
Trd, 259122.883, 140
Trd, 259123.167, 140
Trd, 259123.200, 139
Trd, 259123.233, 122
Trd, 259123.400, 118
Trd, 259123.433, 118
Trd, 259123.633, 119
Trd, 259124.317, 121
Trd, 259124.350, 119
Trd, 259124.383, 118
Trd, 259124.667, 132
Trd, 259124.833, 120
Trd, 259124.850, 119
Trd, 259124.933, 110
Trd, 259125.600, 111
Trd, 259125.817, 113
Trd, 259126.117, 110
Trd, 259126.350, 103
Trd, 259126.717, 133
Trd, 259126.833, 122
Trd, 259127.050, 100
Trd, 259127.150, 95
Trd, 259127.350, 125
Trd, 259127.467, 127
Trd, 259127.967, 65
Trd, 259128.167, 61
Trd, 259128.300, 66
Trd, 259128.533, 60
Trd, 259128.633, 67
Trd, 259128.733, 68
Trd, 259129.017, 60
Trd, 259129.367, 60
Trd, 259129.883, 65
Trd, 259130.050, 64
Trd, 259130.217, 64
Trd, 259130.267, 87
Trd, 259130.433, 63
Trd, 259130.650, 61
Trd, 259130.750, 88
Trd, 259131.050, 65
Trd, 259131.333, 60
Trd, 259131.400, 85
Trd, 259131.483, 121
Trd, 259132.067, 125
Trd, 259132.117, 113
Trd, 259132.233, 112
Trd, 259132.350, 110
Trd, 259132.533, 92
Trd, 259132.833, 139
Trd, 259132.967, 93
Trd, 259133.133, 118
Trd, 259133.150, 93
Trd, 259133.200, 94
Trd, 259133.283, 84
Trd, 259133.617, 79
Trd, 259133.833, 80
Trd, 259133.950, 124
Trd, 259134.367, 81
Trd, 259134.483, 112
Trd, 259135.083, 79
Trd, 259135.317, 79
Trd, 259135.750, 99
Trd, 259135.900, 90
Trd, 259136.150, 123
Trd, 259136.400, 87
Trd, 259136.617, 80
Trd, 259136.633, 78
Trd, 259136.883, 75
Trd, 259136.967, 69
Trd, 259137.517, 66
Trd, 259137.767, 67
Trd, 259138.100, 63
Trd, 259138.283, 67
Trd, 259138.533, 60
Trd, 259138.900, 66
Trd, 259138.917, 69
Trd, 259138.933, 79
Trd, 259139.217, 108
Trd, 259139.250, 81
Trd, 259139.417, 86
Trd, 259139.733, 140
Trd, 259139.767, 140
Trd, 259140.083, 140
Trd, 259140.217, 140
Trd, 259140.550, 140
Trd, 259140.567, 140
Trd, 259140.733, 140
Trd, 259140.750, 140
Trd, 259141.367, 140
Trd, 259141.633, 138
Trd, 259141.683, 135
Trd, 259141.800, 140
Trd, 259142.350, 124
Trd, 259142.583, 137
Trd, 259142.700, 117
Trd, 259142.750, 116
Trd, 259142.983, 140
Trd, 259143.050, 139
Trd, 259143.700, 136
Trd, 259143.767, 127
Trd, 259144.200, 127
Trd, 259144.233, 140
Trd, 259144.650, 140
Trd, 259144.683, 139
Trd, 259144.783, 121
Trd, 259144.983, 118
Trd, 259145.100, 117
Trd, 259145.133, 116
Trd, 259145.367, 114
Trd, 259145.383, 113
Trd, 259145.500, 138
Trd, 259145.550, 107
Trd, 259145.883, 104
Trd, 259146.017, 138
Trd, 259146.567, 138
Trd, 259147.250, 125
Trd, 259147.267, 103
Trd, 259147.467, 113
Trd, 259147.700, 123
Trd, 259147.783, 139
Trd, 259148.167, 140
Trd, 259148.350, 119
Trd, 259148.667, 130
Trd, 259148.767, 115
Trd, 259149.067, 118
Trd, 259149.250, 115
Trd, 259149.283, 117
Trd, 259149.850, 97
Trd, 259149.967, 95
Trd, 259150.000, 113
Trd, 259150.067, 72
Trd, 259150.267, 62
Trd, 259150.300, 84
Trd, 259150.517, 61
Trd, 259150.650, 61
Trd, 259150.700, 64
Trd, 259150.800, 92
Trd, 259151.067, 67
Trd, 259151.767, 62
Trd, 259152.333, 63
Trd, 259152.383, 61
Trd, 259152.467, 64
Trd, 259152.800, 63
Trd, 259153.267, 63
Trd, 259153.317, 64
Trd, 259153.533, 65
Trd, 259153.833, 64
Trd, 259154.000, 65
Trd, 259154.133, 76
Trd, 259154.383, 79
Trd, 259154.750, 139
Trd, 259154.833, 138
Trd, 259155.167, 111
Trd, 259155.417, 113
Trd, 259155.433, 112
Trd, 259155.567, 140
Trd, 259155.583, 110
Trd, 259155.650, 88
Trd, 259156.000, 140
Trd, 259156.067, 138
Trd, 259156.200, 140
Trd, 259156.533, 132
Trd, 259156.767, 132
Trd, 259156.983, 131
Trd, 259157.367, 114
Trd, 259157.933, 125
Trd, 259158.300, 133
Trd, 259158.500, 129
Trd, 259158.667, 117
Trd, 259158.817, 116
Trd, 259158.883, 126
Trd, 259158.950, 133
Trd, 259159.033, 133
Trd, 259159.333, 106
Trd, 259160.067, 60
Trd, 259160.083, 60
Trd, 259160.200, 60
Trd, 259160.283, 65
Trd, 259160.300, 78
Trd, 259160.917, 61
Trd, 259161.017, 62
Trd, 259161.033, 74
Trd, 259161.333, 63
Trd, 259161.617, 140
Trd, 259161.717, 139
Trd, 259161.850, 115
Trd, 259161.867, 103
Trd, 259161.933, 139
Trd, 259162.050, 89
Trd, 259162.250, 88
Trd, 259162.300, 83
Trd, 259162.650, 118
Trd, 259163.067, 63
Trd, 259163.350, 67
Trd, 259163.500, 66
Trd, 259163.717, 66
Trd, 259164.433, 100
Trd, 259164.700, 103
Trd, 259164.783, 88
Trd, 259165.017, 139
Trd, 259165.333, 140
Trd, 259165.367, 139
Trd, 259165.783, 140
Trd, 259165.883, 140
Trd, 259165.967, 140
Trd, 259166.133, 139
Trd, 259166.500, 138
Trd, 259167.767, 140
Trd, 259168.217, 140
Trd, 259168.283, 140
Trd, 259168.617, 140
Trd, 259168.733, 140
Trd, 259168.800, 140
Trd, 259168.900, 139
Trd, 259169.217, 138
Trd, 259169.450, 121
Trd, 259169.517, 139
Trd, 259170.167, 120
Trd, 259170.250, 117
Trd, 259170.267, 137
Trd, 259170.450, 112
Trd, 259170.650, 109
Trd, 259170.833, 107
Trd, 259171.033, 136
Trd, 259171.067, 129
Trd, 259171.683, 132
Trd, 259172.283, 131
Trd, 259172.317, 116
Trd, 259172.667, 132
Trd, 259172.733, 106
Trd, 259173.100, 112
Trd, 259173.183, 110
Trd, 259173.300, 138
Trd, 259173.400, 111
Trd, 259173.633, 140
Trd, 259173.683, 118
Trd, 259173.833, 111
Trd, 259173.917, 110
Trd, 259173.950, 108
Trd, 259174.433, 135
Trd, 259175.350, 140
Trd, 259175.467, 140
Trd, 259175.617, 139
Trd, 259175.683, 122
Trd, 259175.967, 140
Trd, 259176.033, 140
Trd, 259176.250, 140
Trd, 259176.267, 139
Trd, 259176.517, 125
Trd, 259176.600, 113
Trd, 259176.650, 113
Trd, 259176.683, 108
Trd, 259176.783, 100
Trd, 259177.117, 139
Trd, 259177.450, 132
Trd, 259178.083, 136
Trd, 259178.200, 107
Trd, 259178.350, 106
Trd, 259178.367, 92
Trd, 259178.700, 84
Trd, 259178.733, 134
Trd, 259178.967, 74
Trd, 259179.083, 67
Trd, 259179.500, 135
Trd, 259179.583, 113
Trd, 259180.600, 140
Trd, 259180.800, 116
Trd, 259180.867, 123
Trd, 259181.033, 137
Trd, 259181.467, 123
Trd, 259181.483, 118
Trd, 259181.583, 117
Trd, 259181.683, 140
Trd, 259181.800, 140
Trd, 259182.067, 113
Trd, 259182.200, 104
Trd, 259182.750, 140
Trd, 259182.817, 139
Trd, 259183.517, 140
Trd, 259183.683, 136
Trd, 259183.733, 135
Trd, 259184.050, 129
Trd, 259184.283, 128
Trd, 259184.483, 128
Trd, 259184.750, 121
Trd, 259184.900, 120
Trd, 259185.150, 136
Trd, 259185.183, 137
Trd, 259185.517, 115
Trd, 259185.600, 136
Trd, 259185.617, 123
Trd, 259185.800, 112
Trd, 259186.250, 129
Trd, 259186.500, 128
Trd, 259187.317, 117
Trd, 259187.517, 140
Trd, 259187.583, 139
Trd, 259187.767, 117
Trd, 259187.800, 116
Trd, 259187.917, 121
Trd, 259188.233, 116
Trd, 259188.350, 124
Trd, 259188.417, 111
Trd, 259188.517, 135
Trd, 259188.700, 111
Trd, 259189.000, 139
Trd, 259189.333, 137
Trd, 259189.467, 113
Trd, 259189.583, 112
Trd, 259189.783, 140
Trd, 259189.967, 107
Trd, 259190.017, 102
Trd, 259190.700, 138
Trd, 259190.717, 105
Trd, 259190.783, 104
Trd, 259190.833, 139
Trd, 259190.917, 137
Trd, 259191.117, 93
Trd, 259191.300, 140
Trd, 259191.783, 96
Trd, 259192.000, 85
Trd, 259192.033, 81
Trd, 259192.167, 104
Trd, 259192.450, 122
Trd, 259192.683, 92
Trd, 259192.833, 91
Trd, 259193.050, 137
Trd, 259193.117, 79
Trd, 259193.317, 79
Trd, 259193.933, 138
Trd, 259194.417, 140
Trd, 259194.983, 140
Trd, 259195.117, 140
Trd, 259195.233, 140
Trd, 259195.300, 140
Trd, 259195.333, 140
Trd, 259195.400, 132
Trd, 259195.517, 131
Trd, 259195.583, 127
Trd, 259195.983, 122
Trd, 259196.067, 121
Trd, 259196.217, 140
Trd, 259196.333, 131
Trd, 259196.400, 130
Trd, 259196.700, 131
Trd, 259196.783, 140
Trd, 259196.900, 122
Trd, 259197.517, 140
Trd, 259197.567, 140
Trd, 259197.900, 140
Trd, 259198.100, 139
Trd, 259198.133, 123
Trd, 259198.167, 123
Trd, 259198.350, 118
Trd, 259198.717, 139
Trd, 259199.067, 134
Trd, 259199.250, 119
Trd, 259199.367, 138
Trd, 259199.550, 140
Trd, 259199.933, 140
