Trd, 258562.700, 118
Trd, 258562.967, 125
Trd, 258563.217, 117
Trd, 258563.533, 122
Trd, 258563.800, 117
Trd, 258563.900, 123
Trd, 258564.133, 122
Trd, 258564.200, 116
Trd, 258564.350, 126
Trd, 258564.383, 127
Trd, 258565.200, 116
Trd, 258565.317, 133
Trd, 258565.400, 112
Trd, 258566.100, 124
Trd, 258566.200, 133
Trd, 258566.417, 134
Trd, 258566.517, 123
Trd, 258566.567, 122
Trd, 258566.683, 106
Trd, 258566.750, 95
Trd, 258566.983, 132
Trd, 258567.350, 128
Trd, 258567.800, 135
Trd, 258567.950, 127
Trd, 258568.317, 137
Trd, 258568.567, 138
Trd, 258568.583, 137
Trd, 258568.933, 125
Trd, 258569.283, 138
Trd, 258570.133, 131
Trd, 258570.217, 132
Trd, 258570.433, 123
Trd, 258570.800, 125
Trd, 258570.933, 120
Trd, 258571.083, 130
Trd, 258571.350, 131
Trd, 258571.400, 135
Trd, 258571.567, 104
Trd, 258572.067, 137
Trd, 258572.083, 129
Trd, 258572.100, 128
Trd, 258572.117, 101
Trd, 258572.383, 100
Trd, 258572.600, 138
Trd, 258572.883, 108
Trd, 258573.450, 131
Trd, 258573.883, 136
Trd, 258574.267, 137
Trd, 258574.517, 128
Trd, 258574.583, 125
Trd, 258574.700, 137
Trd, 258575.617, 128
Trd, 258575.633, 125
Trd, 258575.750, 131
Trd, 258575.833, 134
Trd, 258576.000, 119
Trd, 258576.233, 139
Trd, 258576.833, 138
Trd, 258577.167, 138
Trd, 258577.250, 138
Trd, 258577.283, 129
Trd, 258577.650, 113
Trd, 258577.717, 105
Trd, 258578.000, 112
Trd, 258578.433, 108
Trd, 258578.633, 132
Trd, 258578.717, 127
Trd, 258578.800, 108
Trd, 258579.567, 129
Trd, 258580.267, 126
Trd, 258580.283, 133
Trd, 258580.483, 125
Trd, 258580.750, 125
Trd, 258580.900, 133
Trd, 258581.350, 130
Trd, 258581.400, 134
Trd, 258581.550, 140
Trd, 258581.567, 124
Trd, 258581.950, 122
Trd, 258582.067, 134
Trd, 258582.217, 136
Trd, 258582.383, 124
Trd, 258582.600, 121
Trd, 258582.733, 119
Trd, 258582.750, 126
Trd, 258582.950, 106
Trd, 258583.167, 115
Trd, 258583.350, 119
Trd, 258584.583, 140
Trd, 258584.883, 139
Trd, 258585.150, 130
Trd, 258585.283, 122
Trd, 258585.467, 119
Trd, 258585.600, 115
Trd, 258585.683, 130
Trd, 258586.117, 129
Trd, 258586.383, 128
Trd, 258586.567, 140
Trd, 258586.750, 125
Trd, 258586.983, 129
Trd, 258587.633, 128
Trd, 258587.900, 121
Trd, 258588.033, 128
Trd, 258588.133, 130
Trd, 258588.300, 138
Trd, 258588.383, 134
Trd, 258588.533, 119
Trd, 258588.750, 118
Trd, 258589.000, 134
Trd, 258589.867, 124
Trd, 258590.467, 120
Trd, 258590.517, 119
Trd, 258590.583, 121
Trd, 258590.917, 120
Trd, 258591.283, 118
Trd, 258591.333, 117
Trd, 258591.517, 119
Trd, 258592.100, 127
Trd, 258592.317, 123
Trd, 258592.333, 119
Trd, 258592.367, 113
Trd, 258592.767, 109
Trd, 258593.167, 125
Trd, 258593.183, 126
Trd, 258593.717, 119
Trd, 258594.100, 114
Trd, 258594.150, 114
Trd, 258594.200, 121
Trd, 258594.217, 122
Trd, 258594.333, 111
Trd, 258594.667, 126
Trd, 258595.017, 140
Trd, 258595.250, 138
Trd, 258595.750, 127
Trd, 258596.033, 137
Trd, 258596.100, 126
Trd, 258596.533, 122
Trd, 258597.317, 120
Trd, 258598.150, 129
Trd, 258598.283, 130
Trd, 258598.300, 126
Trd, 258598.517, 130
Trd, 258598.633, 129
Trd, 258599.017, 127
Trd, 258599.283, 126
Trd, 258599.633, 127
Trd, 258600.017, 128
Trd, 258600.100, 114
Trd, 258600.300, 131
Trd, 258600.417, 117
Trd, 258600.617, 131
Trd, 258600.667, 111
Trd, 258601.083, 129
Trd, 258601.150, 128
Trd, 258601.300, 126
Trd, 258601.717, 120
Trd, 258601.733, 126
Trd, 258602.000, 137
Trd, 258602.067, 120
Trd, 258602.100, 106
Trd, 258602.383, 104
Trd, 258602.617, 137
Trd, 258602.933, 135
Trd, 258602.983, 135
Trd, 258603.317, 133
Trd, 258603.350, 128
Trd, 258604.367, 140
Trd, 258604.467, 140
Trd, 258604.900, 121
Trd, 258605.250, 123
Trd, 258605.717, 123
Trd, 258606.333, 113
Trd, 258606.867, 119
Trd, 258606.933, 120
Trd, 258607.217, 111
Trd, 258607.233, 121
Trd, 258607.783, 117
Trd, 258607.867, 111
Trd, 258607.900, 117
Trd, 258607.983, 108
Trd, 258608.233, 113
Trd, 258608.383, 114
Trd, 258608.467, 108
Trd, 258608.533, 107
Trd, 258608.617, 97
Trd, 258608.750, 120
Trd, 258608.783, 121
Trd, 258609.300, 98
Trd, 258609.317, 125
Trd, 258609.517, 94
Trd, 258609.850, 100
Trd, 258610.083, 92
Trd, 258610.250, 90
Trd, 258610.300, 101
Trd, 258610.350, 94
Trd, 258610.467, 98
Trd, 258610.650, 102
Trd, 258610.717, 90
Trd, 258611.000, 114
Trd, 258611.167, 115
Trd, 258611.467, 111
Trd, 258611.633, 109
Trd, 258611.700, 111
Trd, 258611.717, 95
Trd, 258612.367, 110
Trd, 258612.500, 110
Trd, 258612.733, 114
Trd, 258612.817, 135
Trd, 258613.400, 132
Trd, 258613.517, 126
Trd, 258614.583, 119
Trd, 258614.733, 102
Trd, 258614.750, 114
Trd, 258615.317, 134
Trd, 258615.383, 130
Trd, 258616.117, 140
Trd, 258616.267, 134
Trd, 258616.317, 133
Trd, 258616.467, 137
Trd, 258617.083, 118
Trd, 258617.133, 122
Trd, 258617.750, 128
Trd, 258617.850, 133
Trd, 258617.883, 119
Trd, 258618.217, 132
Trd, 258618.600, 118
Trd, 258619.333, 124
Trd, 258619.367, 127
Trd, 258619.600, 128
Trd, 258619.683, 119
Trd, 258619.733, 118
Trd, 258620.633, 113
Trd, 258620.933, 108
Trd, 258620.950, 114
Trd, 258621.017, 104
Trd, 258621.167, 113
Trd, 258621.450, 128
Trd, 258621.467, 132
Trd, 258621.700, 87
Trd, 258621.917, 89
Trd, 258622.050, 114
Trd, 258622.217, 110
Trd, 258622.383, 118
Trd, 258622.700, 137
Trd, 258623.050, 122
Trd, 258623.300, 101
Trd, 258623.700, 140
Trd, 258624.483, 138
Trd, 258624.767, 140
Trd, 258625.050, 137
Trd, 258625.217, 130
Trd, 258625.367, 123
Trd, 258625.383, 123
Trd, 258625.667, 119
Trd, 258626.167, 137
Trd, 258626.867, 138
Trd, 258626.917, 128
Trd, 258627.083, 129
Trd, 258627.217, 138
Trd, 258627.283, 116
Trd, 258627.783, 115
Trd, 258627.917, 131
Trd, 258628.100, 134
Trd, 258628.317, 129
Trd, 258628.500, 134
Trd, 258628.683, 103
Trd, 258628.867, 90
Trd, 258629.833, 104
Trd, 258630.083, 112
Trd, 258630.117, 101
Trd, 258630.167, 112
Trd, 258630.617, 106
Trd, 258630.700, 109
Trd, 258630.750, 113
Trd, 258630.833, 93
Trd, 258631.550, 116
Trd, 258631.717, 102
Trd, 258631.883, 117
Trd, 258631.983, 101
Trd, 258632.133, 117
Trd, 258632.233, 118
Trd, 258633.117, 140
Trd, 258633.183, 139
Trd, 258634.000, 139
Trd, 258634.400, 137
Trd, 258634.933, 135
Trd, 258635.083, 124
Trd, 258635.133, 122
Trd, 258635.200, 121
Trd, 258635.367, 119
Trd, 258635.467, 120
Trd, 258636.100, 122
Trd, 258636.117, 124
Trd, 258636.300, 130
Trd, 258636.600, 133
Trd, 258636.867, 119
Trd, 258637.017, 128
Trd, 258637.683, 121
Trd, 258637.800, 121
Trd, 258637.900, 128
Trd, 258638.267, 130
Trd, 258638.650, 132
Trd, 258638.700, 132
Trd, 258638.833, 135
Trd, 258639.233, 127
Trd, 258639.583, 118
Trd, 258640.017, 116
Trd, 258640.083, 113
Trd, 258640.233, 109
Trd, 258640.600, 111
Trd, 258640.717, 105
Trd, 258640.800, 112
Trd, 258641.300, 108
Trd, 258641.333, 109
Trd, 258641.500, 100
Trd, 258641.983, 115
Trd, 258642.150, 100
Trd, 258642.367, 118
Trd, 258642.383, 119
Trd, 258642.750, 117
Trd, 258643.200, 128
Trd, 258643.350, 123
Trd, 258644.300, 139
Trd, 258644.783, 140
Trd, 258645.350, 135
Trd, 258646.233, 139
Trd, 258646.433, 140
Trd, 258646.500, 140
Trd, 258646.583, 135
Trd, 258647.100, 138
Trd, 258647.683, 136
Trd, 258647.767, 135
Trd, 258647.867, 134
Trd, 258648.267, 135
Trd, 258648.333, 121
Trd, 258648.567, 109
Trd, 258648.633, 108
Trd, 258648.900, 131
Trd, 258648.983, 106
Trd, 258649.167, 129
Trd, 258649.367, 126
Trd, 258649.433, 130
Trd, 258649.467, 128
Trd, 258650.167, 135
Trd, 258650.283, 139
Trd, 258650.750, 127
Trd, 258651.017, 129
Trd, 258651.100, 126
Trd, 258651.467, 139
Trd, 258651.500, 138
Trd, 258652.150, 127
Trd, 258652.683, 132
Trd, 258652.983, 128
Trd, 258653.050, 127
Trd, 258653.167, 125
Trd, 258653.400, 121
Trd, 258653.533, 120
Trd, 258653.700, 130
Trd, 258654.000, 113
Trd, 258654.100, 111
Trd, 258654.683, 110
Trd, 258655.700, 137
Trd, 258655.767, 120
Trd, 258656.017, 138
Trd, 258656.600, 138
Trd, 258656.633, 139
Trd, 258656.700, 138
Trd, 258656.717, 131
Trd, 258657.233, 123
Trd, 258657.533, 119
Trd, 258657.733, 137
Trd, 258657.917, 136
Trd, 258657.967, 135
Trd, 258658.017, 119
Trd, 258658.467, 129
Trd, 258658.650, 106
Trd, 258658.950, 92
Trd, 258659.133, 92
Trd, 258659.217, 92
Trd, 258659.283, 94
Trd, 258659.433, 96
Trd, 258659.650, 87
Trd, 258659.733, 126
Trd, 258659.800, 124
Trd, 258660.233, 125
Trd, 258661.417, 140
Trd, 258661.850, 134
Trd, 258661.983, 140
Trd, 258662.317, 129
Trd, 258662.417, 128
Trd, 258662.567, 131
Trd, 258662.683, 134
Trd, 258662.800, 131
Trd, 258662.983, 139
Trd, 258663.017, 127
Trd, 258663.300, 124
Trd, 258663.650, 119
Trd, 258664.217, 137
Trd, 258665.500, 140
Trd, 258665.650, 140
Trd, 258665.683, 139
Trd, 258666.050, 135
Trd, 258666.067, 127
Trd, 258666.400, 124
Trd, 258666.500, 115
Trd, 258666.867, 136
Trd, 258667.167, 118
Trd, 258667.350, 117
Trd, 258667.450, 117
Trd, 258667.567, 117
Trd, 258667.633, 118
Trd, 258667.767, 120
Trd, 258667.833, 116
Trd, 258667.917, 116
Trd, 258667.967, 112
Trd, 258668.500, 127
Trd, 258668.533, 126
Trd, 258668.700, 125
Trd, 258668.800, 117
Trd, 258668.850, 135
Trd, 258668.967, 110
Trd, 258669.233, 110
Trd, 258669.417, 136
Trd, 258669.900, 139
Trd, 258670.200, 140
Trd, 258670.333, 134
Trd, 258670.667, 108
Trd, 258671.200, 138
Trd, 258671.417, 140
Trd, 258671.683, 140
Trd, 258672.000, 133
Trd, 258672.333, 126
Trd, 258672.717, 126
Trd, 258672.967, 99
Trd, 258673.167, 132
Trd, 258673.283, 131
Trd, 258673.483, 130
Trd, 258673.517, 124
Trd, 258674.383, 124
Trd, 258674.683, 130
Trd, 258674.700, 123
Trd, 258674.983, 128
Trd, 258675.083, 122
Trd, 258675.217, 116
Trd, 258675.233, 131
Trd, 258676.283, 115
Trd, 258676.567, 112
Trd, 258676.767, 118
Trd, 258677.167, 130
Trd, 258677.217, 116
Trd, 258677.317, 131
Trd, 258677.400, 113
Trd, 258677.933, 129
Trd, 258677.983, 110
Trd, 258678.083, 109
Trd, 258678.133, 96
Trd, 258678.617, 114
Trd, 258678.767, 119
Trd, 258678.900, 119
Trd, 258679.100, 131
Trd, 258679.517, 114
Trd, 258679.833, 117
Trd, 258680.367, 115
Trd, 258680.767, 114
Trd, 258681.167, 122
Trd, 258681.267, 132
Trd, 258681.617, 129
Trd, 258681.667, 131
Trd, 258681.900, 132
Trd, 258682.000, 129
Trd, 258682.100, 112
Trd, 258682.383, 140
Trd, 258682.433, 139
Trd, 258683.150, 125
Trd, 258683.317, 121
Trd, 258683.617, 128
Trd, 258683.817, 125
Trd, 258684.183, 134
Trd, 258684.233, 129
Trd, 258684.250, 116
Trd, 258684.367, 90
Trd, 258685.450, 140
Trd, 258685.733, 140
Trd, 258685.800, 140
Trd, 258687.233, 140
Trd, 258687.433, 139
Trd, 258687.450, 139
Trd, 258687.950, 138
Trd, 258688.167, 135
Trd, 258688.233, 134
Trd, 258688.533, 131
Trd, 258688.550, 134
Trd, 258688.617, 135
Trd, 258688.683, 121
Trd, 258689.117, 113
Trd, 258689.533, 113
Trd, 258689.583, 121
Trd, 258689.600, 124
Trd, 258690.783, 139
Trd, 258690.883, 114
Trd, 258691.283, 138
Trd, 258692.750, 140
Trd, 258692.867, 140
Trd, 258692.917, 140
Trd, 258692.933, 140
Trd, 258692.967, 135
Trd, 258693.483, 132
Trd, 258693.600, 129
Trd, 258693.783, 132
Trd, 258693.867, 115
Trd, 258693.967, 138
Trd, 258694.300, 114
Trd, 258694.417, 103
Trd, 258694.500, 133
Trd, 258694.567, 132
Trd, 258694.917, 120
Trd, 258695.017, 110
Trd, 258695.283, 131
Trd, 258695.550, 99
Trd, 258696.250, 120
Trd, 258696.383, 135
Trd, 258696.483, 136
Trd, 258697.533, 138
Trd, 258697.600, 121
Trd, 258698.050, 121
Trd, 258698.083, 120
Trd, 258698.133, 119
Trd, 258698.333, 129
Trd, 258698.483, 139
Trd, 258699.150, 140
Trd, 258699.517, 128
Trd, 258699.650, 126
Trd, 258699.917, 123
Trd, 258700.233, 137
Trd, 258700.733, 133
Trd, 258700.750, 132
Trd, 258701.117, 132
Trd, 258701.317, 131
Trd, 258701.500, 134
Trd, 258702.017, 115
Trd, 258702.033, 114
Trd, 258702.350, 113
Trd, 258702.567, 111
Trd, 258702.917, 116
Trd, 258703.183, 110
Trd, 258703.267, 127
Trd, 258703.717, 126
Trd, 258703.950, 114
Trd, 258704.300, 125
Trd, 258704.417, 116
Trd, 258704.800, 124
Trd, 258705.117, 115
Trd, 258705.150, 113
Trd, 258705.283, 125
Trd, 258705.300, 111
Trd, 258705.417, 111
Trd, 258705.483, 121
Trd, 258705.717, 128
Trd, 258706.617, 140
Trd, 258706.683, 140
Trd, 258707.500, 140
Trd, 258707.583, 140
Trd, 258707.783, 137
Trd, 258708.317, 137
Trd, 258708.417, 129
Trd, 258708.550, 118
Trd, 258708.717, 138
Trd, 258709.217, 140
Trd, 258709.417, 120
Trd, 258710.117, 117
Trd, 258710.183, 116
Trd, 258710.533, 113
Trd, 258710.850, 129
Trd, 258711.167, 136
Trd, 258711.267, 112
Trd, 258711.333, 134
Trd, 258711.617, 108
Trd, 258711.717, 134
Trd, 258711.983, 135
Trd, 258712.400, 135
Trd, 258712.583, 133
Trd, 258712.650, 130
Trd, 258713.067, 135
Trd, 258713.617, 137
Trd, 258713.700, 137
Trd, 258713.717, 136
Trd, 258713.967, 127
Trd, 258714.083, 121
Trd, 258714.233, 108
Trd, 258714.317, 108
Trd, 258714.550, 119
Trd, 258714.933, 119
Trd, 258715.133, 116
Trd, 258715.267, 121
Trd, 258715.317, 111
Trd, 258715.533, 126
Trd, 258715.867, 128
Trd, 258715.900, 107
Trd, 258716.217, 114
Trd, 258716.700, 134
Trd, 258716.717, 97
Trd, 258716.867, 131
Trd, 258717.233, 110
Trd, 258717.550, 121
Trd, 258717.900, 131
Trd, 258718.000, 127
Trd, 258718.633, 132
Trd, 258719.633, 135
Trd, 258719.750, 140
Trd, 258720.167, 129
Trd, 258720.417, 116
Trd, 258720.950, 129
Trd, 258721.317, 128
Trd, 258721.533, 140
Trd, 258721.633, 128
Trd, 258722.433, 139
Trd, 258722.800, 125
Trd, 258722.900, 139
Trd, 258722.933, 124
Trd, 258723.100, 123
Trd, 258723.267, 121
Trd, 258723.433, 119
Trd, 258723.850, 118
Trd, 258723.950, 112
Trd, 258724.450, 95
Trd, 258724.467, 131
Trd, 258725.000, 121
Trd, 258725.217, 122
Trd, 258725.383, 122
Trd, 258725.583, 111
Trd, 258725.783, 124
Trd, 258726.217, 125
Trd, 258726.283, 108
Trd, 258726.750, 119
Trd, 258727.650, 140
Trd, 258727.767, 139
Trd, 258727.900, 139
Trd, 258728.000, 136
Trd, 258728.033, 136
Trd, 258728.383, 126
Trd, 258728.400, 125
Trd, 258728.533, 123
Trd, 258728.950, 132
Trd, 258729.050, 113
Trd, 258729.433, 138
Trd, 258729.450, 134
Trd, 258729.633, 102
Trd, 258729.950, 137
Trd, 258730.000, 117
Trd, 258730.067, 95
Trd, 258730.100, 89
Trd, 258731.650, 112
Trd, 258731.767, 123
Trd, 258732.050, 122
Trd, 258732.150, 121
Trd, 258732.250, 124
Trd, 258732.633, 110
Trd, 258732.683, 126
Trd, 258732.750, 127
Trd, 258732.800, 109
Trd, 258732.900, 107
Trd, 258733.267, 123
Trd, 258733.333, 123
Trd, 258733.350, 129
Trd, 258733.583, 116
Trd, 258733.633, 104
Trd, 258733.783, 122
Trd, 258734.100, 113
Trd, 258734.217, 127
Trd, 258734.517, 114
Trd, 258734.783, 112
Trd, 258735.150, 118
Trd, 258735.217, 101
Trd, 258735.383, 110
Trd, 258735.400, 109
Trd, 258735.817, 107
Trd, 258736.133, 122
Trd, 258736.633, 101
Trd, 258736.933, 120
Trd, 258737.200, 119
Trd, 258737.500, 128
Trd, 258737.533, 129
Trd, 258737.583, 117
Trd, 258737.917, 134
Trd, 258737.967, 136
Trd, 258738.667, 133
Trd, 258739.083, 121
Trd, 258739.517, 117
Trd, 258739.533, 117
Trd, 258739.650, 111
Trd, 258739.783, 106
Trd, 258740.083, 120
Trd, 258740.217, 121
Trd, 258740.283, 115
Trd, 258740.450, 122
Trd, 258740.500, 109
Trd, 258740.767, 120
Trd, 258740.783, 127
Trd, 258741.200, 110
Trd, 258741.317, 125
Trd, 258741.867, 119
Trd, 258741.933, 110
Trd, 258742.117, 109
Trd, 258742.283, 102
Trd, 258742.317, 123
Trd, 258742.400, 87
Trd, 258742.633, 95
Trd, 258742.667, 102
Trd, 258743.150, 140
Trd, 258743.467, 140
Trd, 258744.200, 140
Trd, 258744.683, 139
Trd, 258744.983, 138
Trd, 258745.267, 121
Trd, 258745.483, 118
Trd, 258745.783, 115
Trd, 258746.033, 127
Trd, 258746.633, 107
Trd, 258746.800, 107
Trd, 258748.000, 140
Trd, 258748.050, 140
Trd, 258748.100, 139
Trd, 258748.467, 139
Trd, 258748.567, 139
Trd, 258748.667, 138
Trd, 258749.100, 121
Trd, 258749.833, 118
Trd, 258749.850, 117
Trd, 258749.883, 117
Trd, 258750.550, 121
Trd, 258750.767, 114
Trd, 258750.850, 119
Trd, 258751.100, 120
Trd, 258751.150, 113
Trd, 258751.283, 109
Trd, 258751.317, 98
Trd, 258751.350, 98
Trd, 258751.550, 121
Trd, 258751.683, 122
Trd, 258752.100, 138
Trd, 258752.533, 137
Trd, 258752.733, 138
Trd, 258753.267, 138
Trd, 258753.783, 136
Trd, 258754.200, 126
Trd, 258754.250, 138
Trd, 258754.433, 126
Trd, 258754.617, 131
Trd, 258755.083, 131
Trd, 258755.333, 140
Trd, 258755.933, 137
Trd, 258755.983, 135
Trd, 258756.450, 140
Trd, 258756.700, 133
Trd, 258757.217, 127
Trd, 258757.450, 138
Trd, 258757.867, 127
Trd, 258758.017, 119
Trd, 258758.333, 120
Trd, 258759.000, 134
Trd, 258759.017, 120
Trd, 258759.067, 119
Trd, 258759.117, 117
Trd, 258759.350, 137
Trd, 258759.367, 139
Trd, 258759.817, 120
Trd, 258759.833, 113
Trd, 258760.600, 138
Trd, 258760.817, 136
Trd, 258760.933, 111
Trd, 258761.100, 109
Trd, 258761.450, 104
Trd, 258761.567, 123
Trd, 258761.800, 105
Trd, 258761.950, 93
Trd, 258762.133, 116
Trd, 258762.367, 116
Trd, 258762.467, 114
Trd, 258762.583, 106
Trd, 258762.733, 126
Trd, 258763.000, 111
Trd, 258763.367, 103
Trd, 258763.450, 104
Trd, 258763.750, 116
Trd, 258764.400, 124
Trd, 258764.767, 106
Trd, 258764.917, 107
Trd, 258764.983, 107
Trd, 258765.683, 132
Trd, 258766.283, 135
Trd, 258766.383, 131
Trd, 258766.800, 131
Trd, 258766.900, 132
Trd, 258766.967, 131
Trd, 258766.983, 130
Trd, 258767.067, 132
Trd, 258767.217, 128
Trd, 258767.667, 133
Trd, 258767.850, 116
Trd, 258767.867, 115
Trd, 258768.167, 107
Trd, 258768.317, 129
Trd, 258768.400, 130
Trd, 258768.650, 126
Trd, 258768.667, 140
Trd, 258769.450, 131
Trd, 258769.483, 108
Trd, 258769.867, 126
Trd, 258770.300, 139
Trd, 258770.567, 140
Trd, 258771.083, 113
Trd, 258771.267, 112
Trd, 258771.483, 111
Trd, 258771.500, 112
Trd, 258771.967, 111
Trd, 258772.017, 127
Trd, 258772.283, 115
Trd, 258772.867, 123
Trd, 258773.083, 124
Trd, 258773.250, 121
Trd, 258773.950, 119
Trd, 258774.133, 121
Trd, 258774.350, 127
Trd, 258774.467, 117
Trd, 258774.500, 114
Trd, 258774.583, 112
Trd, 258775.017, 119
Trd, 258775.200, 121
Trd, 258775.267, 99
Trd, 258775.400, 118
Trd, 258775.450, 132
Trd, 258775.850, 72
Trd, 258776.283, 102
Trd, 258776.300, 103
Trd, 258776.350, 135
Trd, 258776.583, 135
Trd, 258777.050, 140
Trd, 258777.400, 140
Trd, 258777.417, 140
Trd, 258778.367, 128
Trd, 258778.467, 126
Trd, 258779.033, 140
Trd, 258779.200, 140
Trd, 258779.267, 140
Trd, 258779.383, 139
Trd, 258779.817, 131
Trd, 258781.167, 140
Trd, 258781.283, 136
Trd, 258781.500, 140
Trd, 258781.567, 139
Trd, 258781.917, 135
Trd, 258782.100, 122
Trd, 258782.133, 134
Trd, 258782.433, 129
Trd, 258782.683, 132
Trd, 258782.717, 134
Trd, 258782.817, 126
Trd, 258783.067, 115
Trd, 258783.217, 108
Trd, 258783.417, 123
Trd, 258783.933, 125
Trd, 258784.167, 137
Trd, 258784.400, 111
Trd, 258784.467, 105
Trd, 258784.600, 136
Trd, 258784.700, 113
Trd, 258785.767, 115
Trd, 258785.950, 119
Trd, 258786.167, 128
Trd, 258786.200, 112
Trd, 258786.250, 111
Trd, 258786.633, 126
Trd, 258786.833, 127
Trd, 258787.100, 130
Trd, 258787.117, 105
Trd, 258787.617, 124
Trd, 258787.650, 128
Trd, 258788.117, 134
Trd, 258788.200, 111
Trd, 258788.233, 104
Trd, 258788.867, 129
Trd, 258789.183, 136
Trd, 258789.483, 137
Trd, 258789.667, 137
Trd, 258789.750, 134
Trd, 258789.833, 126
Trd, 258789.950, 113
Trd, 258789.967, 136
Trd, 258790.133, 118
Trd, 258790.750, 125
Trd, 258791.117, 140
Trd, 258791.467, 140
Trd, 258792.133, 136
Trd, 258792.300, 130
Trd, 258792.533, 129
Trd, 258792.650, 140
Trd, 258792.933, 140
Trd, 258793.117, 131
Trd, 258793.750, 132
Trd, 258794.133, 133
Trd, 258794.333, 132
Trd, 258794.400, 132
Trd, 258794.667, 131
Trd, 258794.700, 129
Trd, 258794.733, 126
Trd, 258795.183, 120
Trd, 258795.400, 119
Trd, 258796.000, 118
Trd, 258796.117, 119
Trd, 258796.533, 118
Trd, 258796.633, 127
Trd, 258796.817, 108
Trd, 258797.017, 104
Trd, 258797.217, 127
Trd, 258797.250, 100
Trd, 258797.450, 126
Trd, 258797.567, 113
Trd, 258797.617, 128
Trd, 258797.867, 116
Trd, 258797.883, 111
Trd, 258798.883, 117
Trd, 258798.983, 114
Trd, 258799.000, 125
Trd, 258799.350, 93
Trd, 258799.383, 94
Trd, 258799.400, 125
Trd, 258799.500, 104
Trd, 258799.533, 126
Trd, 258799.650, 114
Trd, 258799.917, 126
Trd, 258800.217, 109
Trd, 258800.367, 124
Trd, 258800.883, 108
Trd, 258801.317, 140
Trd, 258801.400, 107
Trd, 258801.933, 101
Trd, 258802.283, 118
Trd, 258802.567, 99
Trd, 258802.717, 101
Trd, 258803.033, 102
Trd, 258803.083, 101
Trd, 258803.450, 103
Trd, 258803.483, 102
Trd, 258803.583, 101
Trd, 258803.650, 102
Trd, 258804.167, 114
Trd, 258804.433, 124
Trd, 258804.467, 101
Trd, 258804.667, 137
Trd, 258805.267, 114
Trd, 258805.400, 100
Trd, 258805.717, 118
Trd, 258806.367, 140
Trd, 258806.650, 139
Trd, 258807.500, 138
Trd, 258808.317, 139
Trd, 258808.350, 139
Trd, 258808.400, 138
Trd, 258808.950, 139
Trd, 258809.133, 138
Trd, 258809.250, 138
Trd, 258809.383, 137
Trd, 258809.417, 126
Trd, 258809.650, 116
Trd, 258809.667, 126
Trd, 258809.883, 114
Trd, 258810.200, 114
Trd, 258810.967, 134
Trd, 258811.333, 109
Trd, 258812.067, 130
Trd, 258812.967, 126
Trd, 258813.383, 121
Trd, 258813.533, 124
Trd, 258813.617, 126
Trd, 258813.683, 118
Trd, 258813.983, 127
Trd, 258814.217, 135
Trd, 258814.617, 140
Trd, 258815.083, 140
Trd, 258815.167, 123
Trd, 258815.283, 140
Trd, 258815.383, 123
Trd, 258815.517, 128
Trd, 258815.583, 121
Trd, 258815.767, 117
Trd, 258815.833, 114
Trd, 258816.267, 130
Trd, 258816.367, 104
Trd, 258816.717, 128
Trd, 258817.267, 131
Trd, 258817.350, 133
Trd, 258817.900, 119
Trd, 258818.567, 126
Trd, 258818.600, 123
Trd, 258818.917, 128
Trd, 258819.233, 126
Trd, 258819.300, 126
Trd, 258819.617, 128
Trd, 258819.767, 129
Trd, 258820.067, 129
Trd, 258820.200, 126
Trd, 258820.417, 125
Trd, 258820.767, 122
Trd, 258820.933, 120
Trd, 258821.067, 119
Trd, 258821.333, 110
Trd, 258821.400, 109
Trd, 258821.633, 98
Trd, 258821.883, 139
Trd, 258822.333, 139
Trd, 258822.450, 121
Trd, 258822.517, 121
Trd, 258823.267, 124
Trd, 258823.917, 124
Trd, 258824.017, 124
Trd, 258824.150, 124
Trd, 258824.300, 123
Trd, 258824.350, 121
Trd, 258824.383, 124
Trd, 258824.517, 121
Trd, 258824.900, 118
Trd, 258824.933, 115
Trd, 258825.150, 123
Trd, 258825.217, 123
Trd, 258825.617, 130
Trd, 258825.917, 123
Trd, 258826.800, 140
Trd, 258826.900, 137
Trd, 258827.167, 139
Trd, 258827.267, 133
Trd, 258827.700, 127
Trd, 258827.833, 119
Trd, 258827.933, 118
Trd, 258827.983, 120
Trd, 258828.133, 137
Trd, 258828.300, 129
Trd, 258828.350, 88
Trd, 258828.600, 136
Trd, 258828.767, 126
Trd, 258828.950, 122
Trd, 258829.117, 137
Trd, 258829.667, 136
Trd, 258829.783, 133
Trd, 258830.017, 93
Trd, 258830.167, 134
Trd, 258830.750, 135
Trd, 258830.867, 136
Trd, 258830.900, 135
Trd, 258831.800, 139
Trd, 258831.867, 130
Trd, 258831.900, 118
Trd, 258832.150, 140
Trd, 258832.250, 125
Trd, 258832.700, 123
Trd, 258832.733, 137
Trd, 258832.900, 119
Trd, 258833.183, 138
Trd, 258834.350, 128
Trd, 258835.000, 129
Trd, 258835.117, 127
Trd, 258835.133, 127
Trd, 258835.317, 138
Trd, 258835.950, 124
Trd, 258836.067, 124
Trd, 258836.150, 125
Trd, 258836.167, 139
Trd, 258836.350, 134
Trd, 258836.550, 137
Trd, 258836.767, 129
Trd, 258836.783, 120
Trd, 258836.967, 99
Trd, 258837.233, 99
Trd, 258837.300, 103
Trd, 258837.333, 97
Trd, 258837.350, 104
Trd, 258837.433, 126
Trd, 258837.633, 63
Trd, 258837.833, 132
Trd, 258838.000, 124
Trd, 258838.300, 133
Trd, 258838.567, 135
Trd, 258838.583, 129
Trd, 258838.717, 140
Trd, 258839.767, 140
Trd, 258840.100, 135
Trd, 258840.150, 135
Trd, 258840.333, 132
Trd, 258841.150, 132
Trd, 258841.567, 129
Trd, 258841.717, 130
Trd, 258842.000, 128
Trd, 258842.083, 127
Trd, 258842.783, 126
Trd, 258842.850, 131
Trd, 258842.883, 132
Trd, 258843.183, 119
Trd, 258843.317, 133
Trd, 258843.500, 118
Trd, 258843.550, 118
Trd, 258843.900, 115
Trd, 258843.967, 107
Trd, 258844.217, 118
Trd, 258844.383, 140
Trd, 258845.200, 119
Trd, 258845.317, 117
Trd, 258845.567, 116
Trd, 258845.950, 133
Trd, 258846.267, 125
Trd, 258846.317, 124
Trd, 258846.333, 132
Trd, 258846.350, 113
Trd, 258846.717, 130
Trd, 258847.017, 124
Trd, 258847.200, 108
Trd, 258847.217, 130
Trd, 258847.400, 116
Trd, 258847.817, 129
Trd, 258848.700, 128
Trd, 258849.050, 130
Trd, 258849.167, 127
Trd, 258849.183, 133
Trd, 258849.733, 126
Trd, 258849.783, 108
Trd, 258849.800, 133
Trd, 258849.900, 106
Trd, 258849.917, 103
Trd, 258850.000, 103
Trd, 258850.383, 96
Trd, 258850.633, 122
Trd, 258851.550, 136
Trd, 258851.617, 131
Trd, 258851.733, 128
Trd, 258851.817, 126
Trd, 258852.767, 108
Trd, 258852.833, 130
Trd, 258853.050, 133
Trd, 258853.717, 132
Trd, 258853.883, 132
Trd, 258854.217, 134
Trd, 258854.617, 137
Trd, 258854.800, 134
Trd, 258855.183, 134
Trd, 258855.217, 133
Trd, 258856.267, 132
Trd, 258856.400, 129
Trd, 258856.417, 126
Trd, 258856.783, 131
Trd, 258857.083, 130
Trd, 258857.183, 131
Trd, 258857.883, 131
Trd, 258858.233, 130
Trd, 258858.450, 130
Trd, 258858.517, 131
Trd, 258858.833, 126
Trd, 258858.900, 118
Trd, 258859.050, 130
Trd, 258859.133, 118
Trd, 258859.250, 132
Trd, 258859.500, 116
Trd, 258859.767, 132
Trd, 258860.117, 118
Trd, 258860.450, 115
Trd, 258860.650, 116
Trd, 258860.717, 118
Trd, 258861.083, 115
Trd, 258861.317, 113
Trd, 258861.717, 116
Trd, 258861.950, 112
Trd, 258862.000, 104
Trd, 258862.083, 97
Trd, 258862.200, 115
Trd, 258862.800, 96
Trd, 258863.550, 113
Trd, 258863.600, 102
Trd, 258863.650, 122
Trd, 258863.750, 122
Trd, 258864.733, 133
Trd, 258864.917, 139
Trd, 258865.317, 131
Trd, 258865.683, 140
Trd, 258865.933, 137
Trd, 258866.333, 137
Trd, 258866.383, 133
Trd, 258866.750, 125
Trd, 258867.133, 130
Trd, 258867.183, 123
Trd, 258867.450, 134
Trd, 258867.550, 122
Trd, 258868.050, 132
Trd, 258868.217, 128
Trd, 258868.633, 114
Trd, 258869.067, 115
Trd, 258869.100, 113
Trd, 258869.217, 113
Trd, 258869.400, 110
Trd, 258869.517, 103
Trd, 258869.567, 102
Trd, 258869.767, 122
Trd, 258869.867, 101
Trd, 258869.933, 77
Trd, 258870.367, 112
Trd, 258870.633, 105
Trd, 258870.667, 104
Trd, 258870.700, 99
Trd, 258870.917, 108
Trd, 258871.000, 110
Trd, 258871.400, 105
Trd, 258871.500, 111
Trd, 258871.700, 137
Trd, 258871.750, 91
Trd, 258871.967, 140
Trd, 258872.400, 140
Trd, 258872.750, 139
Trd, 258873.500, 140
Trd, 258874.017, 130
Trd, 258874.267, 96
Trd, 258874.467, 126
Trd, 258875.017, 125
Trd, 258875.417, 124
Trd, 258875.533, 119
Trd, 258875.683, 118
Trd, 258875.900, 115
Trd, 258876.017, 127
Trd, 258876.183, 127
Trd, 258876.450, 116
Trd, 258876.967, 121
Trd, 258877.000, 128
Trd, 258877.083, 135
Trd, 258877.217, 120
Trd, 258877.900, 119
Trd, 258878.050, 121
Trd, 258878.067, 115
Trd, 258878.317, 117
Trd, 258879.217, 119
Trd, 258879.417, 113
Trd, 258879.483, 112
Trd, 258880.067, 135
Trd, 258880.383, 139
Trd, 258880.750, 139
Trd, 258881.133, 137
Trd, 258881.483, 118
Trd, 258881.517, 111
Trd, 258881.817, 133
Trd, 258881.850, 134
Trd, 258882.283, 129
Trd, 258882.450, 84
Trd, 258882.467, 76
Trd, 258882.633, 98
Trd, 258882.783, 129
Trd, 258882.900, 97
Trd, 258882.967, 76
Trd, 258883.350, 130
Trd, 258883.667, 133
Trd, 258883.717, 135
Trd, 258884.083, 131
Trd, 258884.250, 136
Trd, 258884.850, 130
Trd, 258885.383, 115
Trd, 258885.600, 109
Trd, 258886.000, 116
Trd, 258886.150, 114
Trd, 258886.450, 118
Trd, 258886.833, 118
Trd, 258886.900, 109
Trd, 258887.283, 108
Trd, 258887.533, 110
Trd, 258887.667, 116
Trd, 258887.867, 107
Trd, 258888.100, 116
Trd, 258888.233, 110
Trd, 258888.383, 114
Trd, 258888.500, 115
Trd, 258888.517, 109
Trd, 258889.200, 112
Trd, 258890.250, 114
Trd, 258890.383, 118
Trd, 258890.483, 113
Trd, 258890.517, 118
Trd, 258890.967, 119
Trd, 258891.050, 125
Trd, 258891.100, 114
Trd, 258891.867, 92
Trd, 258891.883, 123
Trd, 258891.983, 126
Trd, 258892.750, 126
Trd, 258892.783, 131
Trd, 258893.183, 140
Trd, 258893.483, 128
Trd, 258893.750, 126
Trd, 258893.883, 123
Trd, 258893.917, 122
Trd, 258894.100, 111
Trd, 258894.117, 125
Trd, 258894.350, 109
Trd, 258894.467, 124
Trd, 258894.483, 126
Trd, 258895.183, 139
Trd, 258895.633, 125
Trd, 258895.983, 126
Trd, 258896.350, 129
Trd, 258896.517, 127
Trd, 258896.800, 106
Trd, 258896.867, 103
Trd, 258897.100, 120
Trd, 258897.667, 133
Trd, 258897.833, 132
Trd, 258897.883, 133
Trd, 258897.917, 134
Trd, 258898.083, 129
Trd, 258898.667, 128
Trd, 258898.967, 123
Trd, 258898.983, 121
Trd, 258899.400, 111
Trd, 258899.800, 118
Trd, 258900.683, 133
Trd, 258901.300, 140
Trd, 258901.367, 139
Trd, 258902.150, 139
Trd, 258902.217, 139
Trd, 258902.233, 139
Trd, 258902.300, 119
Trd, 258903.267, 117
Trd, 258903.367, 114
Trd, 258903.950, 127
Trd, 258904.300, 131
Trd, 258904.417, 134
Trd, 258904.650, 128
Trd, 258904.850, 128
Trd, 258904.933, 129
Trd, 258905.067, 131
Trd, 258905.150, 129
Trd, 258905.517, 125
Trd, 258905.633, 123
Trd, 258905.717, 132
Trd, 258905.883, 130
Trd, 258906.217, 121
Trd, 258906.233, 120
Trd, 258906.250, 131
Trd, 258906.700, 138
Trd, 258906.883, 137
Trd, 258907.150, 132
Trd, 258907.317, 126
Trd, 258907.717, 120
Trd, 258907.767, 128
Trd, 258909.133, 131
Trd, 258909.433, 125
Trd, 258910.000, 115
Trd, 258910.767, 110
Trd, 258910.783, 132
Trd, 258910.983, 106
Trd, 258911.000, 103
Trd, 258911.183, 123
Trd, 258912.550, 127
Trd, 258912.617, 117
Trd, 258912.767, 117
Trd, 258912.883, 119
Trd, 258913.083, 104
Trd, 258913.317, 104
Trd, 258913.700, 104
Trd, 258913.733, 105
Trd, 258913.783, 106
Trd, 258913.917, 107
Trd, 258914.300, 106
Trd, 258914.367, 107
Trd, 258914.783, 119
Trd, 258915.483, 139
Trd, 258915.517, 114
Trd, 258915.633, 114
Trd, 258916.150, 130
Trd, 258917.133, 136
Trd, 258917.300, 139
Trd, 258917.567, 138
Trd, 258917.633, 134
Trd, 258917.883, 127
Trd, 258918.000, 125
Trd, 258918.850, 126
Trd, 258919.067, 123
Trd, 258919.483, 132
Trd, 258919.617, 132
Trd, 258919.767, 129
Trd, 258919.917, 108
Trd, 258920.017, 131
Trd, 258920.667, 124
Trd, 258920.783, 128
Trd, 258921.200, 115
Trd, 258921.367, 114
Trd, 258921.683, 110
Trd, 258921.983, 116
Trd, 258922.217, 119
Trd, 258922.433, 119
Trd, 258922.467, 118
Trd, 258922.683, 116
Trd, 258922.967, 118
Trd, 258923.100, 121
Trd, 258923.150, 123
Trd, 258923.183, 123
Trd, 258923.267, 140
Trd, 258923.400, 121
Trd, 258923.967, 138
Trd, 258924.133, 138
Trd, 258924.283, 119
Trd, 258924.400, 113
Trd, 258924.767, 118
Trd, 258925.083, 117
Trd, 258925.183, 119
Trd, 258925.433, 112
Trd, 258925.667, 109
Trd, 258925.817, 112
Trd, 258925.850, 113
Trd, 258926.400, 115
Trd, 258926.500, 109
Trd, 258926.700, 108
Trd, 258927.083, 116
Trd, 258927.600, 115
Trd, 258927.817, 102
Trd, 258928.100, 115
Trd, 258928.350, 116
Trd, 258928.750, 123
Trd, 258929.700, 127
Trd, 258929.717, 121
Trd, 258930.333, 135
Trd, 258930.450, 125
Trd, 258931.133, 139
Trd, 258931.267, 137
Trd, 258932.067, 140
Trd, 258932.500, 138
Trd, 258932.700, 137
Trd, 258932.717, 136
Trd, 258932.833, 130
Trd, 258932.900, 119
Trd, 258933.417, 136
Trd, 258933.683, 128
Trd, 258933.817, 134
Trd, 258933.850, 121
Trd, 258933.917, 119
Trd, 258934.533, 120
Trd, 258934.833, 139
Trd, 258935.133, 125
Trd, 258935.317, 138
Trd, 258935.533, 135
Trd, 258936.200, 127
Trd, 258936.450, 127
Trd, 258936.667, 125
Trd, 258937.100, 126
Trd, 258937.250, 129
Trd, 258937.600, 131
Trd, 258937.733, 128
Trd, 258937.817, 127
Trd, 258938.183, 133
Trd, 258938.250, 136
Trd, 258938.300, 127
Trd, 258938.333, 138
Trd, 258938.667, 134
Trd, 258938.850, 129
Trd, 258939.050, 125
Trd, 258939.333, 125
Trd, 258939.817, 132
Trd, 258939.917, 123
Trd, 258940.250, 126
Trd, 258940.383, 136
Trd, 258940.817, 122
Trd, 258941.183, 119
Trd, 258941.567, 128
Trd, 258942.383, 102
Trd, 258942.817, 110
Trd, 258942.950, 124
Trd, 258943.083, 126
Trd, 258943.183, 125
Trd, 258943.350, 125
Trd, 258943.500, 139
Trd, 258944.083, 126
Trd, 258944.133, 125
Trd, 258944.200, 120
Trd, 258944.383, 109
Trd, 258944.483, 119
Trd, 258944.583, 120
Trd, 258945.133, 114
Trd, 258945.300, 115
Trd, 258945.483, 134
Trd, 258945.600, 117
Trd, 258945.767, 128
Trd, 258945.833, 129
Trd, 258945.950, 114
Trd, 258946.667, 135
Trd, 258946.683, 136
Trd, 258946.833, 135
Trd, 258946.867, 131
Trd, 258946.950, 133
Trd, 258947.267, 118
Trd, 258947.283, 117
Trd, 258947.433, 137
Trd, 258947.883, 140
Trd, 258948.367, 106
Trd, 258948.767, 98
Trd, 258948.800, 94
Trd, 258948.883, 126
Trd, 258949.233, 125
Trd, 258949.333, 128
Trd, 258949.400, 122
Trd, 258949.717, 102
Trd, 258949.883, 115
Trd, 258951.067, 132
Trd, 258951.200, 130
Trd, 258951.600, 130
Trd, 258951.817, 130
Trd, 258952.033, 105
Trd, 258952.233, 108
Trd, 258952.517, 131
Trd, 258952.850, 131
Trd, 258952.950, 126
Trd, 258953.033, 116
Trd, 258953.133, 127
Trd, 258953.333, 127
Trd, 258953.533, 112
Trd, 258953.583, 103
Trd, 258953.600, 99
Trd, 258953.750, 104
Trd, 258954.000, 132
Trd, 258954.233, 135
Trd, 258954.700, 125
Trd, 258954.917, 133
Trd, 258954.933, 122
Trd, 258955.667, 135
Trd, 258956.150, 140
Trd, 258956.400, 140
Trd, 258956.567, 140
Trd, 258957.200, 140
Trd, 258957.550, 140
Trd, 258958.033, 139
Trd, 258958.350, 137
Trd, 258960.067, 136
Trd, 258960.467, 135
Trd, 258960.767, 135
Trd, 258960.883, 132
Trd, 258960.983, 121
Trd, 258961.583, 117
Trd, 258961.717, 118
Trd, 258961.850, 124
Trd, 258961.917, 115
Trd, 258961.967, 124
Trd, 258962.033, 125
Trd, 258962.250, 114
Trd, 258962.433, 112
Trd, 258962.583, 133
Trd, 258962.833, 123
Trd, 258963.200, 134
Trd, 258964.100, 129
Trd, 258964.367, 128
Trd, 258964.433, 114
Trd, 258964.633, 138
Trd, 258964.867, 137
Trd, 258965.300, 130
Trd, 258965.467, 124
Trd, 258965.900, 138
Trd, 258965.967, 136
Trd, 258966.133, 134
Trd, 258966.550, 138
Trd, 258966.850, 135
Trd, 258967.133, 133
Trd, 258967.283, 133
Trd, 258967.317, 132
Trd, 258967.400, 136
Trd, 258967.617, 137
Trd, 258967.867, 132
Trd, 258968.217, 123
Trd, 258968.700, 131
Trd, 258968.883, 132
Trd, 258969.050, 133
Trd, 258969.167, 130
Trd, 258969.233, 133
Trd, 258969.583, 129
Trd, 258969.600, 112
Trd, 258969.717, 122
Trd, 258969.750, 112
Trd, 258970.117, 109
Trd, 258970.750, 138
Trd, 258970.917, 117
Trd, 258971.117, 102
Trd, 258971.483, 80
Trd, 258971.567, 103
Trd, 258972.033, 99
Trd, 258972.483, 128
Trd, 258972.700, 111
Trd, 258972.717, 132
Trd, 258973.350, 98
Trd, 258973.633, 121
Trd, 258974.083, 140
Trd, 258974.250, 136
Trd, 258974.517, 120
Trd, 258974.567, 119
Trd, 258974.700, 140
Trd, 258975.150, 124
Trd, 258975.700, 118
Trd, 258975.733, 124
Trd, 258976.033, 108
Trd, 258976.083, 108
Trd, 258976.167, 87
Trd, 258976.200, 125
Trd, 258976.383, 124
Trd, 258976.767, 93
Trd, 258976.833, 123
Trd, 258976.900, 91
Trd, 258977.050, 113
Trd, 258977.333, 130
Trd, 258977.617, 127
Trd, 258978.283, 140
Trd, 258978.917, 133
Trd, 258979.783, 140
Trd, 258980.033, 139
Trd, 258980.100, 133
Trd, 258980.667, 140
Trd, 258980.833, 140
Trd, 258981.217, 140
Trd, 258981.233, 123
Trd, 258981.900, 131
Trd, 258982.067, 127
Trd, 258982.717, 134
Trd, 258982.767, 108
Trd, 258983.117, 117
Trd, 258983.150, 116
Trd, 258983.933, 130
Trd, 258984.067, 118
Trd, 258984.200, 129
Trd, 258984.233, 105
Trd, 258984.283, 105
Trd, 258984.400, 127
Trd, 258984.867, 123
Trd, 258985.017, 80
Trd, 258985.067, 87
Trd, 258985.267, 91
Trd, 258985.883, 120
Trd, 258986.017, 121
Trd, 258986.667, 120
Trd, 258987.400, 128
Trd, 258987.433, 120
Trd, 258987.583, 129
Trd, 258987.617, 130
Trd, 258987.667, 110
Trd, 258987.833, 125
Trd, 258988.283, 105
Trd, 258988.333, 135
Trd, 258988.500, 103
Trd, 258988.517, 101
Trd, 258988.767, 117
Trd, 258989.000, 136
Trd, 258989.317, 137
Trd, 258989.550, 131
Trd, 258989.567, 130
Trd, 258990.450, 139
Trd, 258990.517, 138
Trd, 258990.583, 135
Trd, 258990.750, 135
Trd, 258990.933, 140
Trd, 258991.667, 140
Trd, 258991.783, 140
Trd, 258992.317, 140
Trd, 258992.517, 139
Trd, 258992.700, 138
Trd, 258992.883, 135
Trd, 258993.150, 134
Trd, 258993.800, 129
Trd, 258994.350, 129
Trd, 258994.650, 133
Trd, 258994.950, 131
Trd, 258995.033, 128
Trd, 258995.183, 130
Trd, 258995.700, 121
Trd, 258996.100, 120
Trd, 258996.150, 118
Trd, 258996.200, 122
Trd, 258996.633, 115
Trd, 258996.817, 111
Trd, 258996.850, 125
Trd, 258996.867, 110
Trd, 258997.367, 125
Trd, 258997.433, 124
Trd, 258997.550, 124
Trd, 258997.633, 123
Trd, 258997.833, 125
Trd, 258998.100, 120
Trd, 258998.133, 128
Trd, 258998.517, 118
Trd, 258998.767, 131
Trd, 258999.317, 99
Trd, 258999.633, 96
Trd, 259000.367, 113
Trd, 259000.517, 112
Trd, 259001.000, 140
Trd, 259001.133, 138
Trd, 259001.617, 124
Trd, 259001.700, 137
Trd, 259002.483, 124
Trd, 259002.633, 111
Trd, 259002.683, 125
Trd, 259002.800, 132
Trd, 259003.000, 101
Trd, 259003.150, 131
Trd, 259003.733, 130
Trd, 259004.100, 136
Trd, 259004.767, 132
Trd, 259005.050, 128
Trd, 259005.233, 140
Trd, 259006.217, 137
Trd, 259006.633, 136
Trd, 259006.750, 135
Trd, 259006.850, 135
Trd, 259007.217, 122
Trd, 259007.333, 123
Trd, 259007.867, 124
Trd, 259008.183, 112
Trd, 259008.267, 111
Trd, 259008.317, 139
Trd, 259008.800, 130
Trd, 259009.250, 132
Trd, 259009.600, 118
Trd, 259009.817, 118
Trd, 259010.833, 132
Trd, 259011.250, 131
Trd, 259011.367, 128
Trd, 259011.883, 130
Trd, 259011.900, 120
Trd, 259011.933, 132
Trd, 259012.367, 131
Trd, 259012.517, 125
Trd, 259013.450, 139
Trd, 259013.800, 125
Trd, 259013.900, 139
Trd, 259014.400, 123
Trd, 259014.650, 134
Trd, 259014.817, 120
Trd, 259015.117, 137
Trd, 259015.283, 139
Trd, 259015.317, 138
Trd, 259015.383, 131
Trd, 259016.117, 123
Trd, 259016.300, 123
Trd, 259017.150, 125
Trd, 259017.267, 124
Trd, 259017.350, 124
Trd, 259017.467, 123
Trd, 259017.850, 134
Trd, 259017.950, 135
Trd, 259018.350, 132
Trd, 259018.533, 133
Trd, 259018.983, 129
Trd, 259019.217, 132
Trd, 259019.333, 127
Trd, 259020.050, 128
Trd, 259020.067, 128
Trd, 259020.217, 128
Trd, 259020.400, 127
Trd, 259020.533, 129
Trd, 259020.600, 125
Trd, 259020.683, 120
Trd, 259021.333, 102
Trd, 259021.417, 133
Trd, 259021.433, 138
Trd, 259021.467, 139
Trd, 259021.900, 140
Trd, 259022.600, 140
Trd, 259022.850, 140
Trd, 259023.117, 140
Trd, 259023.183, 139
Trd, 259023.250, 139
Trd, 259024.600, 135
Trd, 259025.183, 132
Trd, 259025.333, 136
Trd, 259025.867, 131
Trd, 259025.883, 129
Trd, 259026.567, 131
Trd, 259026.700, 123
Trd, 259026.883, 123
Trd, 259027.283, 129
Trd, 259027.483, 130
Trd, 259027.683, 127
Trd, 259027.700, 131
Trd, 259027.767, 125
Trd, 259027.900, 114
Trd, 259028.333, 126
Trd, 259028.417, 119
Trd, 259029.150, 135
Trd, 259029.283, 117
Trd, 259029.650, 123
Trd, 259029.667, 112
Trd, 259029.683, 111
Trd, 259030.067, 127
Trd, 259030.433, 131
Trd, 259030.800, 126
Trd, 259031.350, 126
Trd, 259031.800, 124
Trd, 259031.850, 126
Trd, 259031.917, 111
Trd, 259032.367, 112
Trd, 259032.500, 119
Trd, 259032.700, 116
Trd, 259033.533, 136
Trd, 259034.033, 135
Trd, 259034.117, 132
Trd, 259034.167, 131
Trd, 259034.300, 128
Trd, 259034.467, 109
Trd, 259035.017, 133
Trd, 259035.467, 131
Trd, 259035.683, 121
Trd, 259035.733, 133
Trd, 259036.783, 140
Trd, 259037.150, 140
Trd, 259038.550, 140
Trd, 259038.683, 139
Trd, 259038.850, 139
Trd, 259039.017, 140
Trd, 259039.067, 138
Trd, 259039.167, 131
Trd, 259039.517, 137
Trd, 259040.083, 136
Trd, 259040.100, 137
Trd, 259040.800, 133
Trd, 259041.283, 132
Trd, 259041.767, 118
Trd, 259041.867, 131
Trd, 259041.917, 114
Trd, 259042.217, 132
Trd, 259042.550, 117
Trd, 259043.150, 129
Trd, 259043.183, 132
Trd, 259043.300, 130
Trd, 259043.717, 124
Trd, 259044.117, 119
Trd, 259044.133, 118
Trd, 259044.167, 130
Trd, 259044.550, 116
Trd, 259044.700, 113
Trd, 259044.967, 106
Trd, 259045.117, 107
Trd, 259045.217, 110
Trd, 259045.233, 105
Trd, 259045.933, 104
Trd, 259046.133, 98
Trd, 259046.150, 105
Trd, 259046.300, 119
Trd, 259046.667, 113
Trd, 259047.017, 116
Trd, 259047.133, 108
Trd, 259047.533, 124
Trd, 259048.350, 119
Trd, 259048.800, 105
Trd, 259049.233, 107
Trd, 259049.300, 105
Trd, 259049.383, 120
Trd, 259049.417, 112
Trd, 259049.533, 123
Trd, 259049.567, 123
Trd, 259049.767, 115
Trd, 259049.850, 104
Trd, 259049.983, 102
Trd, 259050.417, 123
Trd, 259050.950, 140
Trd, 259051.117, 139
Trd, 259051.400, 102
Trd, 259051.867, 140
Trd, 259052.733, 140
Trd, 259053.350, 140
Trd, 259053.650, 140
Trd, 259053.733, 138
Trd, 259054.267, 138
Trd, 259054.833, 140
Trd, 259054.900, 124
Trd, 259055.250, 140
Trd, 259055.267, 140
Trd, 259055.367, 134
Trd, 259056.033, 136
Trd, 259056.350, 135
Trd, 259056.483, 134
Trd, 259056.683, 140
Trd, 259056.883, 139
Trd, 259057.317, 135
Trd, 259057.433, 131
Trd, 259057.717, 139
Trd, 259057.967, 112
Trd, 259058.333, 139
Trd, 259058.433, 138
Trd, 259058.600, 123
Trd, 259058.700, 138
Trd, 259059.283, 121
Trd, 259060.300, 121
Trd, 259060.450, 118
Trd, 259060.633, 118
Trd, 259060.983, 139
Trd, 259061.000, 111
Trd, 259061.100, 109
Trd, 259061.283, 139
Trd, 259061.633, 124
Trd, 259062.033, 127
Trd, 259062.217, 119
Trd, 259062.333, 117
Trd, 259063.150, 127
Trd, 259063.183, 125
Trd, 259063.250, 119
Trd, 259063.417, 127
Trd, 259063.467, 118
Trd, 259063.483, 128
Trd, 259063.950, 126
Trd, 259064.100, 113
Trd, 259065.117, 140
Trd, 259066.233, 139
Trd, 259066.383, 139
Trd, 259066.767, 139
Trd, 259066.783, 137
Trd, 259067.183, 140
Trd, 259067.717, 139
Trd, 259067.817, 131
Trd, 259067.833, 121
Trd, 259068.000, 118
Trd, 259068.050, 134
Trd, 259068.133, 135
Trd, 259068.233, 109
Trd, 259068.283, 108
Trd, 259068.483, 102
Trd, 259069.700, 137
Trd, 259070.117, 140
Trd, 259070.567, 140
Trd, 259070.583, 140
Trd, 259070.717, 137
Trd, 259070.783, 140
Trd, 259071.100, 140
Trd, 259072.200, 139
Trd, 259072.400, 137
Trd, 259072.883, 138
Trd, 259072.950, 117
Trd, 259073.183, 129
Trd, 259073.217, 140
Trd, 259073.467, 118
Trd, 259073.533, 116
Trd, 259073.550, 116
Trd, 259074.300, 140
Trd, 259074.650, 139
Trd, 259074.717, 138
Trd, 259074.733, 135
Trd, 259074.833, 119
Trd, 259075.333, 130
Trd, 259075.483, 116
Trd, 259075.767, 115
Trd, 259076.017, 127
Trd, 259076.200, 116
Trd, 259076.650, 114
Trd, 259076.683, 115
Trd, 259076.767, 100
Trd, 259077.217, 116
Trd, 259077.267, 119
Trd, 259077.533, 117
Trd, 259077.600, 130
Trd, 259077.933, 116
Trd, 259078.300, 109
Trd, 259078.433, 91
Trd, 259078.667, 105
Trd, 259078.933, 98
Trd, 259078.950, 105
Trd, 259079.117, 110
Trd, 259079.833, 100
Trd, 259080.000, 94
Trd, 259080.033, 94
Trd, 259080.467, 94
Trd, 259080.700, 98
Trd, 259081.017, 114
Trd, 259081.117, 116
Trd, 259081.200, 117
Trd, 259081.700, 119
Trd, 259081.767, 125
Trd, 259082.150, 94
Trd, 259082.900, 114
Trd, 259083.350, 112
Trd, 259083.750, 112
Trd, 259083.900, 110
Trd, 259084.150, 117
Trd, 259084.517, 127
Trd, 259084.900, 128
Trd, 259085.050, 110
Trd, 259085.150, 109
Trd, 259085.317, 115
Trd, 259085.333, 106
Trd, 259085.550, 130
Trd, 259085.917, 120
Trd, 259085.933, 108
Trd, 259086.600, 107
Trd, 259087.033, 101
Trd, 259087.117, 117
Trd, 259087.317, 122
Trd, 259087.450, 120
Trd, 259087.650, 96
Trd, 259087.717, 121
Trd, 259087.750, 122
Trd, 259087.883, 127
Trd, 259087.983, 108
Trd, 259088.017, 97
Trd, 259088.783, 101
Trd, 259089.167, 140
Trd, 259089.933, 140
Trd, 259090.200, 135
Trd, 259090.800, 130
Trd, 259090.817, 129
Trd, 259090.833, 119
Trd, 259091.150, 105
Trd, 259091.883, 135
Trd, 259091.967, 122
Trd, 259092.133, 140
Trd, 259092.800, 125
Trd, 259093.033, 137
Trd, 259093.633, 140
Trd, 259094.200, 140
Trd, 259094.700, 140
Trd, 259095.083, 139
Trd, 259095.133, 136
Trd, 259095.300, 135
Trd, 259095.333, 139
Trd, 259095.483, 125
Trd, 259096.017, 132
Trd, 259096.133, 126
Trd, 259096.850, 125
Trd, 259096.983, 123
Trd, 259097.017, 123
Trd, 259097.683, 129
Trd, 259097.700, 130
Trd, 259097.983, 127
Trd, 259098.150, 126
Trd, 259098.267, 125
Trd, 259098.733, 125
Trd, 259098.750, 126
Trd, 259099.017, 134
Trd, 259099.067, 121
Trd, 259099.517, 127
Trd, 259100.050, 123
Trd, 259100.067, 119
Trd, 259100.250, 134
Trd, 259100.417, 137
Trd, 259100.817, 132
Trd, 259101.133, 119
Trd, 259101.433, 126
Trd, 259101.733, 114
Trd, 259101.817, 125
Trd, 259101.867, 108
Trd, 259101.900, 127
Trd, 259102.417, 139
Trd, 259102.667, 130
Trd, 259102.717, 129
Trd, 259103.467, 134
Trd, 259103.650, 135
Trd, 259103.733, 128
Trd, 259103.767, 108
Trd, 259104.250, 134
Trd, 259104.333, 135
Trd, 259104.450, 127
Trd, 259104.767, 127
Trd, 259105.050, 115
Trd, 259106.167, 140
Trd, 259106.200, 140
Trd, 259106.883, 139
Trd, 259107.000, 139
Trd, 259107.300, 135
Trd, 259107.600, 134
Trd, 259107.867, 128
Trd, 259108.017, 128
Trd, 259108.100, 127
Trd, 259108.250, 129
Trd, 259108.383, 125
Trd, 259108.517, 134
Trd, 259108.650, 125
Trd, 259108.983, 109
Trd, 259109.050, 110
Trd, 259109.133, 108
Trd, 259109.167, 136
Trd, 259109.650, 105
Trd, 259109.683, 93
Trd, 259109.717, 140
Trd, 259109.817, 92
Trd, 259109.983, 119
Trd, 259110.000, 98
Trd, 259110.150, 128
Trd, 259110.200, 80
Trd, 259110.300, 112
Trd, 259110.583, 119
Trd, 259111.900, 112
Trd, 259112.333, 132
Trd, 259112.567, 130
Trd, 259112.583, 127
Trd, 259113.283, 119
Trd, 259114.300, 128
Trd, 259114.350, 119
Trd, 259115.167, 124
Trd, 259115.283, 119
Trd, 259115.433, 119
Trd, 259115.450, 119
Trd, 259115.900, 140
Trd, 259116.317, 139
Trd, 259116.583, 140
Trd, 259116.950, 139
Trd, 259117.050, 140
Trd, 259117.283, 140
Trd, 259117.467, 134
Trd, 259117.750, 131
Trd, 259117.783, 130
Trd, 259118.217, 119
Trd, 259118.533, 139
Trd, 259118.567, 118
Trd, 259118.883, 112
Trd, 259119.567, 112
Trd, 259119.700, 105
Trd, 259120.300, 102
Trd, 259120.317, 99
Trd, 259120.383, 104
Trd, 259120.733, 108
Trd, 259120.783, 115
Trd, 259120.983, 116
Trd, 259121.017, 107
Trd, 259121.350, 117
Trd, 259121.450, 118
Trd, 259122.233, 138
Trd, 259122.700, 138
Trd, 259122.917, 131
Trd, 259123.433, 140
Trd, 259123.767, 140
Trd, 259124.567, 140
Trd, 259124.917, 140
Trd, 259125.017, 140
Trd, 259125.400, 136
Trd, 259125.517, 135
Trd, 259125.917, 135
Trd, 259125.933, 125
Trd, 259126.200, 113
Trd, 259126.217, 137
Trd, 259126.917, 109
Trd, 259127.183, 111
Trd, 259127.317, 108
Trd, 259127.400, 106
Trd, 259127.667, 115
Trd, 259127.683, 114
Trd, 259128.100, 121
Trd, 259128.117, 107
Trd, 259128.167, 127
Trd, 259128.533, 140
Trd, 259128.683, 113
Trd, 259128.733, 105
Trd, 259128.900, 135
Trd, 259129.233, 104
Trd, 259129.383, 136
Trd, 259129.417, 122
Trd, 259129.467, 137
Trd, 259129.617, 104
Trd, 259130.083, 99
Trd, 259130.783, 132
Trd, 259131.517, 122
Trd, 259131.750, 136
Trd, 259131.967, 123
Trd, 259132.183, 122
Trd, 259132.350, 120
Trd, 259132.567, 122
Trd, 259132.600, 109
Trd, 259132.717, 110
Trd, 259133.117, 137
Trd, 259133.817, 130
Trd, 259133.850, 128
Trd, 259134.067, 131
Trd, 259134.433, 131
Trd, 259134.583, 112
Trd, 259134.917, 120
Trd, 259135.067, 111
Trd, 259135.317, 105
Trd, 259135.817, 139
Trd, 259136.217, 131
Trd, 259136.483, 129
Trd, 259136.567, 138
Trd, 259136.717, 110
Trd, 259136.850, 106
Trd, 259137.167, 117
Trd, 259137.317, 101
Trd, 259137.433, 116
Trd, 259137.483, 117
Trd, 259137.517, 119
Trd, 259137.600, 115
Trd, 259138.667, 140
Trd, 259138.967, 140
Trd, 259139.167, 118
Trd, 259139.483, 112
Trd, 259140.117, 130
Trd, 259140.133, 129
Trd, 259140.283, 130
Trd, 259140.317, 112
Trd, 259141.017, 119
Trd, 259141.117, 130
Trd, 259141.267, 119
Trd, 259141.600, 130
Trd, 259141.633, 122
Trd, 259141.750, 119
Trd, 259143.083, 127
Trd, 259143.117, 131
Trd, 259143.317, 121
Trd, 259143.833, 139
Trd, 259144.467, 139
Trd, 259144.833, 121
Trd, 259145.333, 118
Trd, 259145.350, 118
Trd, 259145.417, 118
Trd, 259145.717, 138
Trd, 259146.133, 115
Trd, 259146.383, 127
Trd, 259146.933, 137
Trd, 259147.133, 133
Trd, 259147.467, 138
Trd, 259147.550, 138
Trd, 259147.967, 137
Trd, 259148.450, 135
Trd, 259148.567, 133
Trd, 259148.700, 131
Trd, 259148.917, 135
Trd, 259149.117, 130
Trd, 259149.150, 129
Trd, 259149.433, 105
Trd, 259149.550, 135
Trd, 259149.683, 92
Trd, 259150.000, 132
Trd, 259150.100, 138
Trd, 259150.500, 94
Trd, 259150.600, 115
Trd, 259151.233, 134
Trd, 259151.467, 133
Trd, 259152.017, 119
Trd, 259152.033, 119
Trd, 259152.150, 103
Trd, 259152.233, 107
Trd, 259152.267, 104
Trd, 259152.517, 126
Trd, 259152.667, 90
Trd, 259152.917, 89
Trd, 259152.983, 79
Trd, 259153.417, 113
Trd, 259153.817, 102
Trd, 259153.900, 103
Trd, 259154.450, 108
Trd, 259154.800, 101
Trd, 259155.083, 112
Trd, 259155.383, 97
Trd, 259155.500, 118
Trd, 259156.033, 107
Trd, 259156.117, 118
Trd, 259156.300, 118
Trd, 259156.633, 118
Trd, 259157.233, 112
Trd, 259157.467, 123
Trd, 259157.917, 134
Trd, 259158.917, 130
Trd, 259158.983, 125
Trd, 259159.267, 125
Trd, 259159.550, 122
Trd, 259159.567, 118
Trd, 259159.733, 130
Trd, 259159.750, 114
Trd, 259160.217, 120
Trd, 259160.383, 112
Trd, 259160.817, 122
Trd, 259161.033, 114
Trd, 259161.150, 113
Trd, 259161.167, 111
Trd, 259161.467, 111
Trd, 259161.483, 114
Trd, 259161.783, 113
Trd, 259161.850, 109
Trd, 259161.900, 114
Trd, 259162.383, 110
Trd, 259162.483, 109
Trd, 259162.567, 111
Trd, 259162.983, 103
Trd, 259163.050, 114
Trd, 259163.817, 132
Trd, 259164.667, 118
Trd, 259164.750, 139
Trd, 259165.333, 136
Trd, 259165.400, 138
Trd, 259165.983, 140
Trd, 259166.083, 139
Trd, 259166.317, 140
Trd, 259168.000, 140
Trd, 259168.067, 140
Trd, 259168.100, 139
Trd, 259168.300, 138
Trd, 259168.333, 136
Trd, 259168.617, 138
Trd, 259168.883, 123
Trd, 259169.450, 137
Trd, 259169.483, 126
Trd, 259169.583, 122
Trd, 259169.733, 136
Trd, 259170.300, 125
Trd, 259170.833, 123
Trd, 259170.933, 137
Trd, 259171.067, 131
Trd, 259171.383, 137
Trd, 259171.583, 133
Trd, 259171.650, 135
Trd, 259172.117, 134
Trd, 259172.333, 133
Trd, 259172.867, 134
Trd, 259173.267, 123
Trd, 259173.450, 134
Trd, 259173.567, 120
Trd, 259173.717, 138
Trd, 259173.900, 130
Trd, 259174.000, 129
Trd, 259174.317, 122
Trd, 259174.433, 111
Trd, 259174.517, 104
Trd, 259174.667, 107
Trd, 259175.200, 94
Trd, 259175.483, 93
Trd, 259175.983, 115
Trd, 259176.183, 86
Trd, 259176.383, 114
Trd, 259176.433, 115
Trd, 259176.450, 117
Trd, 259176.750, 120
Trd, 259177.017, 116
Trd, 259177.200, 91
Trd, 259177.567, 137
Trd, 259177.667, 138
Trd, 259177.900, 140
Trd, 259178.633, 129
Trd, 259178.867, 128
Trd, 259178.933, 127
Trd, 259179.100, 127
Trd, 259179.217, 122
Trd, 259179.483, 111
Trd, 259180.717, 129
Trd, 259180.783, 139
Trd, 259181.700, 124
Trd, 259181.833, 135
Trd, 259182.100, 122
Trd, 259182.233, 120
Trd, 259182.367, 134
Trd, 259182.383, 121
Trd, 259182.933, 127
Trd, 259182.950, 123
Trd, 259183.617, 123
Trd, 259183.800, 122
Trd, 259183.817, 119
Trd, 259184.233, 119
Trd, 259184.350, 120
Trd, 259184.400, 112
Trd, 259184.450, 110
Trd, 259184.467, 124
Trd, 259184.883, 102
Trd, 259185.417, 107
Trd, 259185.617, 108
Trd, 259185.700, 119
Trd, 259185.850, 118
Trd, 259186.267, 119
Trd, 259186.367, 120
Trd, 259186.833, 140
Trd, 259186.983, 118
Trd, 259187.217, 103
Trd, 259187.467, 132
Trd, 259187.867, 127
Trd, 259187.917, 127
Trd, 259188.233, 104
Trd, 259188.417, 138
Trd, 259189.033, 139
Trd, 259189.633, 134
Trd, 259190.117, 139
Trd, 259190.450, 128
Trd, 259190.767, 138
Trd, 259190.917, 139
Trd, 259191.067, 125
Trd, 259191.217, 140
Trd, 259191.300, 119
Trd, 259191.700, 138
Trd, 259192.017, 129
Trd, 259193.200, 133
Trd, 259193.333, 132
Trd, 259193.533, 132
Trd, 259193.967, 127
Trd, 259194.000, 111
Trd, 259194.067, 110
Trd, 259194.083, 130
Trd, 259194.333, 110
Trd, 259194.400, 130
Trd, 259194.783, 133
Trd, 259194.817, 137
Trd, 259195.067, 138
Trd, 259195.600, 130
Trd, 259195.700, 122
Trd, 259196.167, 140
Trd, 259196.433, 139
Trd, 259196.517, 115
Trd, 259196.767, 123
Trd, 259196.867, 117
Trd, 259197.067, 134
Trd, 259197.233, 119
Trd, 259197.817, 140
Trd, 259197.983, 137
Trd, 259198.567, 118
Trd, 259198.933, 115
Trd, 259199.033, 126
Trd, 259199.283, 126
