Trd, 258557.867, 115
Trd, 258557.950, 112
Trd, 258558.000, 119
Trd, 258558.283, 115
Trd, 258558.483, 120
Trd, 258558.667, 125
Trd, 258558.883, 109
Trd, 258559.250, 123
Trd, 258559.333, 99
Trd, 258559.483, 140
Trd, 258560.217, 138
Trd, 258560.783, 140
Trd, 258560.867, 140
Trd, 258561.150, 115
Trd, 258561.183, 132
Trd, 258562.450, 140
Trd, 258562.500, 139
Trd, 258562.983, 134
Trd, 258563.533, 131
Trd, 258563.567, 129
Trd, 258563.950, 131
Trd, 258563.983, 126
Trd, 258564.250, 126
Trd, 258564.283, 132
Trd, 258564.433, 118
Trd, 258564.483, 135
Trd, 258564.683, 133
Trd, 258564.867, 116
Trd, 258565.050, 113
Trd, 258565.483, 119
Trd, 258565.667, 110
Trd, 258565.833, 137
Trd, 258566.367, 123
Trd, 258566.417, 114
Trd, 258566.933, 137
Trd, 258567.683, 140
Trd, 258568.300, 138
Trd, 258568.617, 134
Trd, 258569.133, 131
Trd, 258569.167, 120
Trd, 258569.383, 123
Trd, 258569.517, 119
Trd, 258570.033, 115
Trd, 258570.083, 106
Trd, 258570.450, 111
Trd, 258571.133, 132
Trd, 258571.400, 140
Trd, 258571.417, 129
Trd, 258571.817, 140
Trd, 258572.400, 140
Trd, 258572.517, 140
Trd, 258572.800, 134
Trd, 258573.000, 132
Trd, 258573.033, 123
Trd, 258573.550, 140
Trd, 258573.933, 139
Trd, 258574.200, 139
Trd, 258574.683, 124
Trd, 258574.850, 123
Trd, 258575.050, 120
Trd, 258575.283, 122
Trd, 258575.617, 112
Trd, 258575.683, 133
Trd, 258575.800, 121
Trd, 258576.450, 130
Trd, 258576.900, 140
Trd, 258576.983, 140
Trd, 258577.100, 139
Trd, 258577.800, 140
Trd, 258578.000, 140
Trd, 258578.250, 128
Trd, 258578.533, 140
Trd, 258578.650, 127
Trd, 258579.133, 134
Trd, 258579.617, 125
Trd, 258579.650, 124
Trd, 258579.967, 133
Trd, 258580.350, 137
Trd, 258580.600, 132
Trd, 258580.700, 119
Trd, 258581.167, 113
Trd, 258581.283, 126
Trd, 258581.550, 126
Trd, 258581.900, 125
Trd, 258582.067, 122
Trd, 258582.233, 122
Trd, 258582.867, 130
Trd, 258583.050, 139
Trd, 258583.350, 121
Trd, 258583.483, 110
Trd, 258583.500, 104
Trd, 258583.850, 139
Trd, 258584.267, 139
Trd, 258584.567, 110
Trd, 258584.667, 99
Trd, 258585.417, 125
Trd, 258585.433, 103
Trd, 258585.650, 99
Trd, 258586.833, 123
Trd, 258587.250, 133
Trd, 258587.367, 126
Trd, 258588.033, 122
Trd, 258588.233, 118
Trd, 258588.283, 123
Trd, 258588.417, 117
Trd, 258588.600, 114
Trd, 258588.800, 137
Trd, 258588.933, 130
Trd, 258589.217, 133
Trd, 258589.550, 119
Trd, 258589.983, 112
Trd, 258590.367, 131
Trd, 258590.500, 134
Trd, 258590.583, 130
Trd, 258590.700, 130
Trd, 258591.533, 137
Trd, 258591.850, 140
Trd, 258592.000, 140
Trd, 258592.900, 140
Trd, 258592.917, 139
Trd, 258592.967, 134
Trd, 258593.550, 134
Trd, 258594.083, 140
Trd, 258594.233, 133
Trd, 258594.433, 128
Trd, 258594.483, 123
Trd, 258594.817, 127
Trd, 258595.083, 140
Trd, 258595.367, 124
Trd, 258595.433, 115
Trd, 258596.000, 140
Trd, 258596.033, 128
Trd, 258597.583, 134
Trd, 258597.617, 132
Trd, 258597.650, 135
Trd, 258597.950, 129
Trd, 258597.983, 122
Trd, 258598.233, 135
Trd, 258598.583, 139
Trd, 258598.933, 139
Trd, 258599.367, 131
Trd, 258599.467, 131
Trd, 258599.583, 140
Trd, 258599.983, 121
Trd, 258600.950, 122
Trd, 258601.117, 123
Trd, 258601.217, 115
Trd, 258601.333, 123
Trd, 258601.550, 122
Trd, 258601.683, 121
Trd, 258601.717, 132
Trd, 258601.917, 140
Trd, 258602.100, 121
Trd, 258602.617, 122
Trd, 258602.767, 125
Trd, 258603.133, 113
Trd, 258603.200, 109
Trd, 258603.333, 106
Trd, 258603.350, 101
Trd, 258603.683, 86
Trd, 258603.883, 74
Trd, 258604.633, 120
Trd, 258604.917, 139
Trd, 258604.983, 134
Trd, 258605.383, 140
Trd, 258605.517, 125
Trd, 258605.533, 112
Trd, 258605.783, 115
Trd, 258605.800, 117
Trd, 258606.350, 118
Trd, 258606.383, 139
Trd, 258606.483, 117
Trd, 258606.667, 137
Trd, 258606.833, 134
Trd, 258607.150, 103
Trd, 258607.467, 138
Trd, 258607.700, 139
Trd, 258607.967, 139
Trd, 258608.067, 108
Trd, 258608.283, 136
Trd, 258608.300, 107
Trd, 258608.967, 139
Trd, 258609.417, 118
Trd, 258609.867, 119
Trd, 258609.883, 117
Trd, 258610.667, 127
Trd, 258610.900, 126
Trd, 258611.067, 125
Trd, 258611.150, 126
Trd, 258611.850, 125
Trd, 258612.150, 117
Trd, 258612.217, 117
Trd, 258612.683, 139
Trd, 258612.800, 139
Trd, 258613.067, 131
Trd, 258613.917, 139
Trd, 258614.183, 126
Trd, 258615.033, 128
Trd, 258615.183, 133
Trd, 258615.350, 132
Trd, 258615.500, 122
Trd, 258615.517, 119
Trd, 258615.717, 103
Trd, 258615.800, 91
Trd, 258615.817, 90
Trd, 258616.200, 139
Trd, 258616.333, 139
Trd, 258616.350, 140
Trd, 258616.483, 133
Trd, 258616.750, 126
Trd, 258617.133, 139
Trd, 258617.217, 108
Trd, 258617.433, 128
Trd, 258617.467, 116
Trd, 258617.600, 107
Trd, 258617.667, 127
Trd, 258617.967, 121
Trd, 258618.233, 128
Trd, 258618.283, 123
Trd, 258618.617, 137
Trd, 258618.650, 125
Trd, 258618.950, 121
Trd, 258619.267, 130
Trd, 258619.283, 113
Trd, 258619.350, 110
Trd, 258619.817, 139
Trd, 258620.783, 126
Trd, 258620.817, 113
Trd, 258620.833, 112
Trd, 258621.317, 131
Trd, 258621.500, 130
Trd, 258622.267, 140
Trd, 258622.567, 140
Trd, 258622.617, 139
Trd, 258623.683, 137
Trd, 258624.517, 135
Trd, 258624.633, 110
Trd, 258625.067, 115
Trd, 258625.133, 110
Trd, 258625.300, 137
Trd, 258625.633, 109
Trd, 258625.650, 95
Trd, 258625.867, 126
Trd, 258626.033, 125
Trd, 258626.350, 117
Trd, 258626.933, 122
Trd, 258627.417, 140
Trd, 258627.550, 110
Trd, 258627.617, 131
Trd, 258627.783, 136
Trd, 258627.867, 113
Trd, 258627.883, 109
Trd, 258628.250, 126
Trd, 258628.350, 93
Trd, 258629.200, 139
Trd, 258629.967, 139
Trd, 258630.867, 136
Trd, 258630.900, 134
Trd, 258631.183, 133
Trd, 258631.650, 137
Trd, 258631.683, 136
Trd, 258631.967, 136
Trd, 258632.283, 128
Trd, 258632.450, 124
Trd, 258632.533, 140
Trd, 258632.983, 139
Trd, 258633.083, 129
Trd, 258633.683, 108
Trd, 258634.050, 131
Trd, 258634.350, 139
Trd, 258634.700, 139
Trd, 258635.067, 137
Trd, 258635.200, 126
Trd, 258635.467, 125
Trd, 258635.483, 116
Trd, 258635.667, 128
Trd, 258636.067, 102
Trd, 258636.167, 101
Trd, 258636.250, 133
Trd, 258636.400, 92
Trd, 258636.767, 96
Trd, 258636.800, 87
Trd, 258636.950, 115
Trd, 258637.000, 116
Trd, 258637.583, 138
Trd, 258637.700, 132
Trd, 258638.417, 133
Trd, 258639.000, 132
Trd, 258639.467, 127
Trd, 258639.633, 124
Trd, 258639.950, 123
Trd, 258640.067, 124
Trd, 258640.233, 117
Trd, 258640.833, 115
Trd, 258640.983, 106
Trd, 258641.200, 103
Trd, 258641.217, 124
Trd, 258641.333, 98
Trd, 258641.400, 96
Trd, 258641.500, 79
Trd, 258641.633, 76
Trd, 258641.733, 69
Trd, 258641.750, 81
Trd, 258641.833, 82
Trd, 258642.033, 83
Trd, 258642.417, 108
Trd, 258642.567, 140
Trd, 258643.150, 124
Trd, 258643.267, 128
Trd, 258643.700, 140
Trd, 258644.433, 139
Trd, 258645.400, 140
Trd, 258645.733, 140
Trd, 258645.767, 139
Trd, 258646.033, 140
Trd, 258646.117, 139
Trd, 258646.167, 138
Trd, 258646.633, 135
Trd, 258646.917, 127
Trd, 258646.983, 122
Trd, 258647.050, 136
Trd, 258647.300, 127
Trd, 258647.383, 120
Trd, 258647.583, 137
Trd, 258647.700, 131
Trd, 258648.050, 113
Trd, 258649.067, 139
Trd, 258649.233, 138
Trd, 258649.300, 137
Trd, 258650.033, 140
Trd, 258650.067, 134
Trd, 258650.600, 134
Trd, 258650.883, 133
Trd, 258651.550, 140
Trd, 258652.633, 140
Trd, 258652.733, 140
Trd, 258652.833, 136
Trd, 258652.933, 130
Trd, 258653.133, 132
Trd, 258653.550, 119
Trd, 258653.683, 113
Trd, 258654.017, 129
Trd, 258654.117, 119
Trd, 258654.267, 137
Trd, 258654.533, 99
Trd, 258654.883, 109
Trd, 258654.950, 94
Trd, 258655.400, 129
Trd, 258655.533, 92
Trd, 258655.667, 92
Trd, 258655.733, 91
Trd, 258655.767, 109
Trd, 258656.383, 100
Trd, 258656.433, 107
Trd, 258656.450, 108
Trd, 258656.750, 114
Trd, 258657.150, 140
Trd, 258657.333, 85
Trd, 258657.400, 78
Trd, 258657.567, 77
Trd, 258657.750, 119
Trd, 258658.267, 129
Trd, 258658.283, 128
Trd, 258658.633, 139
Trd, 258658.717, 126
Trd, 258659.917, 112
Trd, 258660.183, 140
Trd, 258660.217, 140
Trd, 258660.933, 140
Trd, 258661.017, 139
Trd, 258661.433, 134
Trd, 258661.600, 126
Trd, 258661.817, 121
Trd, 258662.017, 118
Trd, 258662.150, 132
Trd, 258662.267, 118
Trd, 258662.617, 118
Trd, 258662.750, 114
Trd, 258662.933, 119
Trd, 258663.117, 123
Trd, 258663.467, 128
Trd, 258663.633, 131
Trd, 258663.717, 124
Trd, 258664.000, 123
Trd, 258664.317, 126
Trd, 258665.200, 134
Trd, 258665.800, 132
Trd, 258665.833, 131
Trd, 258666.167, 140
Trd, 258666.733, 126
Trd, 258667.033, 139
Trd, 258667.217, 114
Trd, 258667.733, 120
Trd, 258667.750, 112
Trd, 258667.850, 114
Trd, 258668.117, 137
Trd, 258668.133, 139
Trd, 258668.233, 136
Trd, 258668.267, 123
Trd, 258668.517, 103
Trd, 258668.833, 117
Trd, 258668.867, 106
Trd, 258669.000, 115
Trd, 258669.033, 127
Trd, 258669.717, 137
Trd, 258670.067, 125
Trd, 258670.383, 122
Trd, 258670.583, 125
Trd, 258670.600, 120
Trd, 258670.800, 138
Trd, 258670.817, 100
Trd, 258671.200, 131
Trd, 258671.283, 108
Trd, 258671.600, 111
Trd, 258671.617, 135
Trd, 258672.400, 123
Trd, 258673.117, 118
Trd, 258673.683, 133
Trd, 258673.817, 120
Trd, 258674.067, 118
Trd, 258674.200, 116
Trd, 258675.550, 134
Trd, 258675.667, 125
Trd, 258675.917, 122
Trd, 258676.083, 120
Trd, 258676.200, 134
Trd, 258676.400, 125
Trd, 258676.467, 120
Trd, 258676.567, 118
Trd, 258676.883, 117
Trd, 258677.383, 140
Trd, 258677.683, 140
Trd, 258678.083, 137
Trd, 258678.100, 132
Trd, 258678.267, 125
Trd, 258678.283, 124
Trd, 258678.550, 137
Trd, 258680.017, 140
Trd, 258680.300, 140
Trd, 258680.433, 140
Trd, 258680.683, 138
Trd, 258681.683, 140
Trd, 258681.800, 140
Trd, 258681.867, 139
Trd, 258681.967, 138
Trd, 258682.067, 138
Trd, 258682.233, 131
Trd, 258682.283, 121
Trd, 258682.400, 130
Trd, 258683.350, 121
Trd, 258683.550, 116
Trd, 258683.800, 115
Trd, 258683.967, 122
Trd, 258684.300, 121
Trd, 258685.083, 123
Trd, 258685.433, 122
Trd, 258685.533, 121
Trd, 258685.783, 126
Trd, 258685.933, 120
Trd, 258685.950, 118
Trd, 258686.317, 119
Trd, 258686.333, 115
Trd, 258686.417, 113
Trd, 258686.450, 122
Trd, 258686.467, 103
Trd, 258686.633, 85
Trd, 258686.683, 140
Trd, 258686.750, 121
Trd, 258687.367, 100
Trd, 258687.600, 101
Trd, 258687.800, 102
Trd, 258687.883, 100
Trd, 258688.267, 101
Trd, 258688.417, 114
Trd, 258688.817, 117
Trd, 258690.517, 140
Trd, 258691.017, 140
Trd, 258691.100, 140
Trd, 258691.317, 139
Trd, 258691.583, 134
Trd, 258692.033, 134
Trd, 258692.083, 133
Trd, 258692.350, 119
Trd, 258692.700, 119
Trd, 258692.800, 135
Trd, 258692.850, 114
Trd, 258692.883, 139
Trd, 258693.867, 140
Trd, 258693.917, 140
Trd, 258694.767, 128
Trd, 258694.950, 118
Trd, 258694.967, 129
Trd, 258695.150, 133
Trd, 258695.717, 119
Trd, 258695.817, 120
Trd, 258696.233, 119
Trd, 258696.300, 136
Trd, 258696.583, 118
Trd, 258697.083, 127
Trd, 258697.383, 140
Trd, 258697.617, 140
Trd, 258697.650, 139
Trd, 258697.967, 138
Trd, 258698.200, 140
Trd, 258698.617, 134
Trd, 258698.633, 129
Trd, 258698.650, 129
Trd, 258698.817, 136
Trd, 258698.833, 135
Trd, 258699.667, 140
Trd, 258699.850, 140
Trd, 258700.150, 140
Trd, 258700.300, 139
Trd, 258700.650, 130
Trd, 258700.867, 113
Trd, 258700.983, 129
Trd, 258701.183, 115
Trd, 258701.600, 111
Trd, 258701.700, 107
Trd, 258701.833, 123
Trd, 258702.000, 123
Trd, 258702.367, 124
Trd, 258702.717, 122
Trd, 258702.783, 139
Trd, 258702.933, 117
Trd, 258703.150, 129
Trd, 258703.267, 109
Trd, 258703.400, 108
Trd, 258703.600, 108
Trd, 258703.683, 106
Trd, 258703.717, 110
Trd, 258703.817, 102
Trd, 258703.883, 110
Trd, 258704.217, 134
Trd, 258704.800, 97
Trd, 258704.883, 140
Trd, 258705.067, 94
Trd, 258705.100, 103
Trd, 258705.350, 140
Trd, 258705.650, 114
Trd, 258706.083, 113
Trd, 258706.350, 90
Trd, 258706.450, 101
Trd, 258706.500, 100
Trd, 258707.617, 128
Trd, 258708.700, 124
Trd, 258708.800, 109
Trd, 258708.850, 127
Trd, 258709.567, 115
Trd, 258710.067, 134
Trd, 258710.133, 133
Trd, 258710.300, 128
Trd, 258710.917, 113
Trd, 258711.050, 122
Trd, 258711.217, 112
Trd, 258711.667, 110
Trd, 258711.917, 122
Trd, 258711.950, 123
Trd, 258712.417, 112
Trd, 258712.733, 114
Trd, 258712.950, 126
Trd, 258713.000, 117
Trd, 258713.367, 137
Trd, 258713.600, 116
Trd, 258713.900, 124
Trd, 258714.250, 110
Trd, 258714.583, 98
Trd, 258714.650, 115
Trd, 258714.767, 111
Trd, 258714.783, 98
Trd, 258714.883, 128
Trd, 258716.217, 140
Trd, 258716.417, 140
Trd, 258716.533, 140
Trd, 258717.117, 140
Trd, 258718.200, 140
Trd, 258718.250, 140
Trd, 258718.300, 139
Trd, 258718.767, 137
Trd, 258718.917, 139
Trd, 258719.300, 136
Trd, 258719.367, 140
Trd, 258719.567, 133
Trd, 258719.667, 133
Trd, 258720.283, 138
Trd, 258720.833, 137
Trd, 258721.333, 140
Trd, 258721.733, 140
Trd, 258721.783, 134
Trd, 258721.983, 123
Trd, 258722.133, 114
Trd, 258722.167, 115
Trd, 258722.583, 113
Trd, 258722.633, 110
Trd, 258722.733, 104
Trd, 258723.150, 137
Trd, 258723.400, 101
Trd, 258724.433, 117
Trd, 258724.783, 115
Trd, 258725.033, 114
Trd, 258725.217, 117
Trd, 258725.483, 102
Trd, 258725.517, 117
Trd, 258725.600, 96
Trd, 258725.650, 121
Trd, 258725.767, 115
Trd, 258726.000, 123
Trd, 258726.167, 133
Trd, 258726.450, 115
Trd, 258726.483, 86
Trd, 258726.817, 135
Trd, 258726.850, 83
Trd, 258727.533, 140
Trd, 258728.300, 140
Trd, 258728.417, 140
Trd, 258729.217, 140
Trd, 258729.350, 138
Trd, 258729.600, 140
Trd, 258730.000, 140
Trd, 258730.183, 140
Trd, 258730.533, 138
Trd, 258730.700, 133
Trd, 258730.883, 120
Trd, 258731.133, 125
Trd, 258731.183, 126
Trd, 258731.267, 124
Trd, 258731.383, 121
Trd, 258731.533, 127
Trd, 258731.783, 120
Trd, 258732.100, 119
Trd, 258732.567, 127
Trd, 258732.650, 115
Trd, 258733.333, 117
Trd, 258733.500, 137
Trd, 258733.767, 104
Trd, 258733.983, 116
Trd, 258734.150, 110
Trd, 258734.217, 108
Trd, 258734.433, 100
Trd, 258735.017, 134
Trd, 258735.100, 133
Trd, 258735.233, 136
Trd, 258735.400, 130
Trd, 258735.617, 137
Trd, 258736.100, 136
Trd, 258736.850, 133
Trd, 258736.983, 129
Trd, 258737.017, 122
Trd, 258737.217, 122
Trd, 258737.867, 127
Trd, 258738.600, 115
Trd, 258738.833, 102
Trd, 258739.283, 103
Trd, 258739.767, 126
Trd, 258739.833, 121
Trd, 258740.117, 124
Trd, 258740.183, 95
Trd, 258740.283, 127
Trd, 258740.533, 119
Trd, 258740.550, 120
Trd, 258740.833, 133
Trd, 258740.883, 139
Trd, 258741.100, 116
Trd, 258741.283, 117
Trd, 258742.267, 134
Trd, 258742.667, 140
Trd, 258742.917, 130
Trd, 258743.050, 129
Trd, 258743.133, 134
Trd, 258743.567, 130
Trd, 258743.933, 127
Trd, 258744.017, 126
Trd, 258744.883, 133
Trd, 258745.000, 140
Trd, 258745.200, 133
Trd, 258746.250, 134
Trd, 258746.417, 135
Trd, 258746.517, 128
Trd, 258746.550, 118
Trd, 258747.050, 112
Trd, 258747.450, 137
Trd, 258747.600, 111
Trd, 258747.717, 115
Trd, 258747.833, 101
Trd, 258747.933, 133
Trd, 258747.983, 100
Trd, 258748.317, 114
Trd, 258748.367, 132
Trd, 258748.383, 100
Trd, 258748.467, 133
Trd, 258748.533, 134
Trd, 258748.950, 102
Trd, 258749.250, 104
Trd, 258749.317, 95
Trd, 258749.400, 111
Trd, 258749.567, 136
Trd, 258750.500, 135
Trd, 258750.833, 131
Trd, 258750.883, 130
Trd, 258751.000, 129
Trd, 258752.250, 138
Trd, 258752.267, 137
Trd, 258752.583, 130
Trd, 258752.683, 129
Trd, 258752.733, 125
Trd, 258752.850, 121
Trd, 258753.450, 123
Trd, 258753.483, 120
Trd, 258753.683, 119
Trd, 258753.983, 120
Trd, 258754.050, 135
Trd, 258754.633, 138
Trd, 258754.750, 137
Trd, 258754.817, 117
Trd, 258755.350, 135
Trd, 258755.783, 130
Trd, 258756.267, 120
Trd, 258756.283, 139
Trd, 258756.533, 124
Trd, 258756.633, 125
Trd, 258756.733, 139
Trd, 258756.783, 119
Trd, 258756.967, 126
Trd, 258757.483, 138
Trd, 258757.667, 124
Trd, 258757.700, 113
Trd, 258758.267, 127
Trd, 258758.333, 126
Trd, 258758.667, 122
Trd, 258758.700, 139
Trd, 258758.800, 108
Trd, 258759.950, 139
Trd, 258760.167, 128
Trd, 258760.367, 129
Trd, 258760.500, 123
Trd, 258760.917, 137
Trd, 258761.200, 132
Trd, 258761.583, 114
Trd, 258761.717, 127
Trd, 258761.767, 113
Trd, 258762.017, 128
Trd, 258762.583, 139
Trd, 258763.000, 140
Trd, 258763.033, 140
Trd, 258763.283, 134
Trd, 258763.967, 126
Trd, 258764.283, 130
Trd, 258764.517, 129
Trd, 258764.900, 140
Trd, 258766.100, 130
Trd, 258766.167, 128
Trd, 258766.267, 122
Trd, 258766.833, 137
Trd, 258766.967, 131
Trd, 258767.083, 130
Trd, 258767.167, 138
Trd, 258767.383, 117
Trd, 258767.583, 112
Trd, 258767.667, 96
Trd, 258767.917, 96
Trd, 258768.267, 110
Trd, 258768.333, 97
Trd, 258768.467, 103
Trd, 258768.567, 125
Trd, 258768.700, 94
Trd, 258768.867, 115
Trd, 258769.067, 133
Trd, 258769.233, 118
Trd, 258769.583, 135
Trd, 258770.067, 121
Trd, 258770.333, 139
Trd, 258771.567, 112
Trd, 258771.967, 111
Trd, 258771.983, 110
Trd, 258772.067, 99
Trd, 258772.167, 99
Trd, 258772.217, 113
Trd, 258772.233, 92
Trd, 258773.133, 112
Trd, 258773.200, 110
Trd, 258773.517, 116
Trd, 258773.817, 115
Trd, 258773.833, 109
Trd, 258774.000, 110
Trd, 258774.200, 114
Trd, 258774.650, 109
Trd, 258774.800, 117
Trd, 258775.250, 118
Trd, 258775.717, 119
Trd, 258775.850, 125
Trd, 258775.933, 120
Trd, 258775.983, 119
Trd, 258776.133, 138
Trd, 258777.033, 140
Trd, 258777.083, 132
Trd, 258777.283, 128
Trd, 258777.300, 128
Trd, 258777.617, 119
Trd, 258778.167, 137
Trd, 258778.317, 115
Trd, 258778.467, 104
Trd, 258778.633, 95
Trd, 258778.800, 94
Trd, 258779.200, 97
Trd, 258779.367, 125
Trd, 258779.783, 125
Trd, 258780.300, 96
Trd, 258780.600, 95
Trd, 258780.783, 91
Trd, 258781.000, 129
Trd, 258781.150, 91
Trd, 258781.300, 121
Trd, 258781.567, 120
Trd, 258781.650, 122
Trd, 258782.117, 136
Trd, 258783.350, 138
Trd, 258783.467, 137
Trd, 258783.500, 135
Trd, 258783.700, 130
Trd, 258785.800, 140
Trd, 258786.000, 140
Trd, 258786.017, 140
Trd, 258786.333, 136
Trd, 258786.350, 122
Trd, 258786.517, 140
Trd, 258786.617, 140
Trd, 258786.633, 123
Trd, 258786.883, 122
Trd, 258788.067, 128
Trd, 258788.100, 127
Trd, 258788.150, 102
Trd, 258788.450, 122
Trd, 258788.533, 108
Trd, 258788.967, 113
Trd, 258789.033, 105
Trd, 258789.283, 104
Trd, 258789.783, 123
Trd, 258789.933, 97
Trd, 258790.117, 139
Trd, 258790.717, 117
Trd, 258791.017, 124
Trd, 258791.117, 104
Trd, 258791.633, 98
Trd, 258792.183, 94
Trd, 258792.267, 86
Trd, 258792.367, 122
Trd, 258792.450, 114
Trd, 258792.583, 124
Trd, 258792.867, 125
Trd, 258793.000, 112
Trd, 258793.217, 131
Trd, 258793.383, 132
Trd, 258793.533, 109
Trd, 258794.100, 120
Trd, 258794.183, 107
Trd, 258794.367, 133
Trd, 258794.383, 119
Trd, 258794.517, 131
Trd, 258794.683, 140
Trd, 258794.883, 118
Trd, 258794.967, 94
Trd, 258795.367, 88
Trd, 258795.450, 75
Trd, 258795.467, 89
Trd, 258795.733, 71
Trd, 258795.850, 136
Trd, 258795.917, 63
Trd, 258796.300, 81
Trd, 258796.833, 60
Trd, 258796.900, 60
Trd, 258797.133, 118
Trd, 258798.133, 104
Trd, 258798.233, 116
Trd, 258798.483, 120
Trd, 258798.750, 101
Trd, 258799.083, 122
Trd, 258799.450, 123
Trd, 258800.067, 140
Trd, 258800.117, 116
Trd, 258800.583, 116
Trd, 258800.733, 127
Trd, 258800.850, 140
Trd, 258801.133, 125
Trd, 258801.717, 126
Trd, 258801.800, 125
Trd, 258801.817, 122
Trd, 258801.983, 138
Trd, 258802.550, 114
Trd, 258802.750, 115
Trd, 258802.917, 116
Trd, 258803.267, 113
Trd, 258803.583, 115
Trd, 258803.983, 122
Trd, 258804.133, 123
Trd, 258804.233, 124
Trd, 258804.333, 110
Trd, 258804.500, 110
Trd, 258804.533, 103
Trd, 258805.067, 134
Trd, 258805.500, 130
Trd, 258805.683, 129
Trd, 258806.083, 136
Trd, 258806.150, 129
Trd, 258806.683, 138
Trd, 258806.833, 137
Trd, 258807.533, 140
Trd, 258807.633, 131
Trd, 258807.883, 134
Trd, 258807.967, 133
Trd, 258808.117, 140
Trd, 258808.350, 131
Trd, 258808.417, 124
Trd, 258808.550, 119
Trd, 258808.633, 128
Trd, 258808.833, 140
Trd, 258808.983, 116
Trd, 258809.333, 139
Trd, 258810.383, 140
Trd, 258810.917, 140
Trd, 258811.083, 133
Trd, 258811.233, 127
Trd, 258811.350, 124
Trd, 258811.650, 123
Trd, 258811.683, 116
Trd, 258811.767, 120
Trd, 258811.867, 119
Trd, 258811.950, 99
Trd, 258812.017, 112
Trd, 258812.083, 91
Trd, 258812.367, 87
Trd, 258812.517, 106
Trd, 258813.867, 140
Trd, 258813.950, 137
Trd, 258814.233, 137
Trd, 258814.500, 138
Trd, 258814.583, 139
Trd, 258815.350, 138
Trd, 258815.367, 133
Trd, 258815.433, 121
Trd, 258815.650, 116
Trd, 258815.817, 113
Trd, 258815.833, 104
Trd, 258816.067, 105
Trd, 258817.283, 109
Trd, 258817.317, 111
Trd, 258817.333, 112
Trd, 258817.483, 106
Trd, 258817.967, 138
Trd, 258818.117, 115
Trd, 258818.483, 126
Trd, 258818.650, 122
Trd, 258818.833, 121
Trd, 258819.117, 136
Trd, 258819.150, 134
Trd, 258819.483, 121
Trd, 258820.000, 140
Trd, 258820.017, 140
Trd, 258820.817, 130
Trd, 258820.950, 125
Trd, 258821.033, 118
Trd, 258822.217, 139
Trd, 258822.317, 140
Trd, 258822.450, 139
Trd, 258822.867, 140
Trd, 258823.367, 138
Trd, 258823.800, 140
Trd, 258824.017, 139
Trd, 258824.150, 140
Trd, 258824.650, 120
Trd, 258824.817, 113
Trd, 258824.917, 139
Trd, 258825.050, 135
Trd, 258825.483, 138
Trd, 258825.817, 139
Trd, 258826.100, 123
Trd, 258826.167, 111
Trd, 258826.617, 135
Trd, 258826.817, 123
Trd, 258827.283, 116
Trd, 258827.317, 113
Trd, 258827.333, 105
Trd, 258827.483, 102
Trd, 258827.950, 134
Trd, 258828.100, 102
Trd, 258828.183, 117
Trd, 258828.250, 98
Trd, 258828.367, 94
Trd, 258828.667, 133
Trd, 258829.233, 114
Trd, 258829.550, 136
Trd, 258830.217, 127
Trd, 258830.233, 116
Trd, 258830.433, 129
Trd, 258830.567, 116
Trd, 258830.633, 112
Trd, 258830.733, 111
Trd, 258831.300, 108
Trd, 258831.400, 125
Trd, 258831.783, 123
Trd, 258831.883, 107
Trd, 258831.933, 106
Trd, 258832.417, 119
Trd, 258832.717, 104
Trd, 258832.817, 103
Trd, 258832.867, 101
Trd, 258832.933, 105
Trd, 258833.000, 97
Trd, 258833.217, 113
Trd, 258833.400, 140
Trd, 258834.067, 140
Trd, 258834.467, 123
Trd, 258834.733, 121
Trd, 258835.100, 135
Trd, 258836.833, 139
Trd, 258837.017, 135
Trd, 258837.883, 140
Trd, 258837.917, 140
Trd, 258838.333, 140
Trd, 258838.483, 140
Trd, 258839.133, 140
Trd, 258839.200, 138
Trd, 258839.267, 134
Trd, 258839.617, 125
Trd, 258839.867, 135
Trd, 258840.467, 135
Trd, 258840.517, 125
Trd, 258840.550, 117
Trd, 258840.700, 120
Trd, 258840.917, 120
Trd, 258841.333, 119
Trd, 258841.467, 121
Trd, 258841.683, 135
Trd, 258842.267, 123
Trd, 258843.033, 138
Trd, 258843.350, 134
Trd, 258844.150, 138
Trd, 258844.417, 134
Trd, 258844.817, 131
Trd, 258844.850, 126
Trd, 258845.017, 121
Trd, 258845.100, 112
Trd, 258845.283, 140
Trd, 258845.383, 105
Trd, 258845.417, 108
Trd, 258845.583, 136
Trd, 258846.217, 138
Trd, 258846.400, 137
Trd, 258846.717, 138
Trd, 258846.767, 140
Trd, 258846.850, 123
Trd, 258848.150, 139
Trd, 258848.167, 129
Trd, 258848.283, 134
Trd, 258848.717, 129
Trd, 258849.000, 128
Trd, 258849.017, 124
Trd, 258849.550, 115
Trd, 258849.650, 113
Trd, 258849.667, 114
Trd, 258849.933, 107
Trd, 258850.067, 123
Trd, 258850.383, 124
Trd, 258850.750, 123
Trd, 258850.767, 83
Trd, 258851.617, 111
Trd, 258851.800, 106
Trd, 258852.150, 124
Trd, 258852.633, 95
Trd, 258852.650, 106
Trd, 258852.733, 108
Trd, 258852.817, 106
Trd, 258853.050, 140
Trd, 258853.350, 137
Trd, 258853.650, 139
Trd, 258853.750, 125
Trd, 258854.333, 136
Trd, 258854.433, 114
Trd, 258854.517, 108
Trd, 258854.917, 138
Trd, 258855.033, 134
Trd, 258855.067, 127
Trd, 258855.317, 124
Trd, 258855.350, 139
Trd, 258855.850, 94
Trd, 258856.633, 133
Trd, 258856.683, 131
Trd, 258856.933, 131
Trd, 258857.067, 130
Trd, 258857.250, 129
Trd, 258857.350, 128
Trd, 258857.550, 123
Trd, 258858.317, 140
Trd, 258858.900, 139
Trd, 258859.067, 138
Trd, 258859.683, 140
Trd, 258859.800, 138
Trd, 258860.333, 140
Trd, 258860.350, 140
Trd, 258861.017, 140
Trd, 258861.050, 125
Trd, 258861.667, 132
Trd, 258861.900, 121
Trd, 258861.967, 116
Trd, 258862.283, 110
Trd, 258863.150, 132
Trd, 258863.333, 126
Trd, 258863.350, 124
Trd, 258864.150, 132
Trd, 258864.267, 129
Trd, 258864.300, 127
Trd, 258864.517, 121
Trd, 258864.533, 120
Trd, 258864.667, 135
Trd, 258865.633, 140
Trd, 258866.067, 140
Trd, 258866.100, 138
Trd, 258866.383, 136
Trd, 258866.883, 135
Trd, 258867.233, 139
Trd, 258867.250, 137
Trd, 258867.267, 134
Trd, 258867.350, 120
Trd, 258868.017, 139
Trd, 258868.783, 129
Trd, 258868.817, 114
Trd, 258869.133, 129
Trd, 258869.383, 113
Trd, 258869.683, 112
Trd, 258869.900, 123
Trd, 258869.917, 104
Trd, 258869.967, 106
Trd, 258870.333, 104
Trd, 258870.367, 103
Trd, 258870.633, 125
Trd, 258870.900, 108
Trd, 258871.367, 114
Trd, 258871.733, 87
Trd, 258871.933, 110
Trd, 258871.983, 82
Trd, 258872.000, 77
Trd, 258872.033, 111
Trd, 258872.350, 106
Trd, 258872.800, 119
Trd, 258873.000, 125
Trd, 258873.050, 90
Trd, 258874.150, 140
Trd, 258874.233, 138
Trd, 258874.517, 138
Trd, 258874.600, 137
Trd, 258874.683, 137
Trd, 258875.133, 132
Trd, 258876.167, 133
Trd, 258876.467, 140
Trd, 258876.517, 140
Trd, 258877.200, 126
Trd, 258877.583, 134
Trd, 258877.733, 126
Trd, 258877.750, 113
Trd, 258877.850, 102
Trd, 258878.183, 131
Trd, 258878.400, 135
Trd, 258878.483, 136
Trd, 258878.667, 109
Trd, 258878.833, 137
Trd, 258878.967, 138
Trd, 258879.550, 140
Trd, 258880.350, 136
Trd, 258880.417, 130
Trd, 258880.667, 131
Trd, 258880.800, 130
Trd, 258881.283, 125
Trd, 258881.300, 116
Trd, 258881.433, 93
Trd, 258882.000, 96
Trd, 258882.300, 98
Trd, 258882.400, 93
Trd, 258882.467, 94
Trd, 258882.500, 88
Trd, 258882.850, 84
Trd, 258882.950, 133
Trd, 258883.317, 133
Trd, 258884.200, 136
Trd, 258884.750, 137
Trd, 258885.467, 140
Trd, 258885.683, 140
Trd, 258885.783, 138
Trd, 258886.200, 139
Trd, 258886.267, 137
Trd, 258886.383, 126
Trd, 258887.033, 140
Trd, 258887.267, 120
Trd, 258887.400, 106
Trd, 258887.767, 93
Trd, 258887.783, 91
Trd, 258887.950, 94
Trd, 258888.000, 125
Trd, 258888.633, 105
Trd, 258888.733, 103
Trd, 258889.033, 96
Trd, 258889.083, 94
Trd, 258889.283, 140
Trd, 258889.600, 140
Trd, 258889.900, 118
Trd, 258890.583, 132
Trd, 258890.750, 111
Trd, 258891.033, 103
Trd, 258892.433, 140
Trd, 258892.633, 140
Trd, 258892.650, 139
Trd, 258892.733, 140
Trd, 258892.883, 139
Trd, 258893.217, 122
Trd, 258893.500, 123
Trd, 258893.717, 119
Trd, 258893.767, 140
Trd, 258893.950, 139
Trd, 258894.150, 110
Trd, 258894.267, 109
Trd, 258894.683, 105
Trd, 258895.067, 138
Trd, 258895.317, 127
Trd, 258895.650, 139
Trd, 258895.717, 130
Trd, 258895.950, 132
Trd, 258896.267, 126
Trd, 258897.100, 140
Trd, 258897.250, 139
Trd, 258897.333, 126
Trd, 258897.900, 126
Trd, 258897.967, 124
Trd, 258898.167, 117
Trd, 258898.200, 107
Trd, 258898.317, 104
Trd, 258898.333, 103
Trd, 258899.017, 140
Trd, 258899.617, 139
Trd, 258899.933, 135
Trd, 258900.800, 140
Trd, 258900.933, 134
Trd, 258901.050, 138
Trd, 258901.200, 134
Trd, 258901.583, 140
Trd, 258901.717, 137
Trd, 258901.900, 133
Trd, 258902.017, 133
Trd, 258902.083, 120
Trd, 258902.317, 130
Trd, 258902.533, 96
Trd, 258902.683, 116
Trd, 258902.983, 129
Trd, 258903.233, 115
Trd, 258903.500, 90
Trd, 258903.600, 118
Trd, 258903.933, 106
Trd, 258904.600, 133
Trd, 258905.183, 133
Trd, 258905.367, 134
Trd, 258905.533, 134
Trd, 258905.650, 132
Trd, 258905.783, 126
Trd, 258905.933, 119
Trd, 258906.117, 107
Trd, 258906.867, 139
Trd, 258907.383, 139
Trd, 258907.683, 139
Trd, 258908.000, 138
Trd, 258908.033, 138
Trd, 258908.183, 138
Trd, 258908.233, 135
Trd, 258908.500, 138
Trd, 258908.683, 128
Trd, 258908.750, 116
Trd, 258908.900, 104
Trd, 258909.083, 133
Trd, 258909.617, 132
Trd, 258910.483, 116
Trd, 258910.967, 136
Trd, 258911.367, 137
Trd, 258911.833, 135
Trd, 258912.083, 136
Trd, 258912.233, 119
Trd, 258912.683, 114
Trd, 258913.033, 128
Trd, 258913.417, 122
Trd, 258913.450, 130
Trd, 258913.517, 111
Trd, 258913.533, 111
Trd, 258913.600, 110
Trd, 258914.017, 120
Trd, 258914.467, 133
Trd, 258914.700, 132
Trd, 258914.867, 132
Trd, 258915.233, 128
Trd, 258915.483, 125
Trd, 258915.783, 124
Trd, 258915.900, 114
Trd, 258915.983, 109
Trd, 258916.100, 108
Trd, 258916.767, 125
Trd, 258917.000, 121
Trd, 258917.100, 118
Trd, 258917.317, 115
Trd, 258917.667, 112
Trd, 258917.700, 111
Trd, 258917.833, 137
Trd, 258918.150, 116
Trd, 258918.183, 118
Trd, 258918.667, 120
Trd, 258919.250, 140
Trd, 258919.333, 140
Trd, 258919.367, 134
Trd, 258919.500, 118
Trd, 258919.550, 108
Trd, 258919.867, 109
Trd, 258919.900, 107
Trd, 258920.350, 139
Trd, 258920.817, 134
Trd, 258921.517, 140
Trd, 258921.617, 119
Trd, 258922.383, 118
Trd, 258922.483, 117
Trd, 258922.733, 117
Trd, 258922.800, 116
Trd, 258923.317, 129
Trd, 258924.050, 140
Trd, 258924.467, 139
Trd, 258924.500, 139
Trd, 258924.733, 138
Trd, 258924.767, 133
Trd, 258924.950, 128
Trd, 258925.017, 118
Trd, 258925.517, 113
Trd, 258925.533, 108
Trd, 258925.733, 102
Trd, 258925.867, 115
Trd, 258925.950, 123
Trd, 258926.317, 99
Trd, 258926.350, 94
Trd, 258926.517, 125
Trd, 258926.700, 92
Trd, 258926.900, 89
Trd, 258927.383, 111
Trd, 258927.550, 114
Trd, 258927.667, 95
Trd, 258927.817, 94
Trd, 258927.867, 114
Trd, 258929.250, 140
Trd, 258929.450, 140
Trd, 258929.483, 140
Trd, 258929.633, 139
Trd, 258930.150, 139
Trd, 258930.467, 138
Trd, 258930.817, 133
Trd, 258930.867, 122
Trd, 258931.017, 121
Trd, 258931.133, 103
Trd, 258931.183, 125
Trd, 258931.783, 115
Trd, 258932.417, 112
Trd, 258932.667, 114
Trd, 258932.700, 120
Trd, 258932.717, 101
Trd, 258932.733, 101
Trd, 258933.200, 108
Trd, 258933.217, 112
Trd, 258933.333, 122
Trd, 258933.783, 137
Trd, 258934.217, 124
Trd, 258934.467, 132
Trd, 258934.517, 131
Trd, 258934.550, 138
Trd, 258934.783, 123
Trd, 258935.033, 122
Trd, 258935.400, 119
Trd, 258935.650, 119
Trd, 258935.833, 125
Trd, 258935.867, 118
Trd, 258936.083, 115
Trd, 258936.133, 114
Trd, 258936.150, 128
Trd, 258936.617, 139
Trd, 258936.650, 97
Trd, 258937.433, 126
Trd, 258938.250, 140
Trd, 258938.317, 106
Trd, 258938.517, 139
Trd, 258938.817, 112
Trd, 258939.167, 121
Trd, 258939.867, 139
Trd, 258940.033, 120
Trd, 258940.150, 107
Trd, 258940.767, 140
Trd, 258941.317, 135
Trd, 258941.433, 126
Trd, 258941.967, 118
Trd, 258942.283, 123
Trd, 258942.433, 131
Trd, 258942.550, 122
Trd, 258942.850, 121
Trd, 258942.917, 128
Trd, 258943.717, 123
Trd, 258943.800, 128
Trd, 258943.967, 128
Trd, 258944.017, 116
Trd, 258944.083, 122
Trd, 258944.317, 129
Trd, 258944.350, 115
Trd, 258944.533, 114
Trd, 258944.600, 122
Trd, 258945.050, 118
Trd, 258945.933, 140
Trd, 258946.150, 133
Trd, 258946.300, 107
Trd, 258946.350, 102
Trd, 258946.883, 104
Trd, 258947.283, 102
Trd, 258947.300, 105
Trd, 258947.533, 101
Trd, 258947.833, 105
Trd, 258948.117, 101
Trd, 258948.217, 124
Trd, 258948.350, 111
Trd, 258948.367, 99
Trd, 258948.800, 117
Trd, 258948.833, 111
Trd, 258948.867, 110
Trd, 258948.950, 128
Trd, 258949.100, 121
Trd, 258949.383, 140
Trd, 258950.500, 140
Trd, 258950.550, 139
Trd, 258950.833, 139
Trd, 258951.083, 140
Trd, 258951.167, 140
Trd, 258951.300, 139
Trd, 258951.533, 134
Trd, 258951.583, 126
Trd, 258951.700, 121
Trd, 258951.817, 114
Trd, 258952.417, 131
Trd, 258952.500, 119
Trd, 258953.150, 125
Trd, 258953.750, 121
Trd, 258953.767, 118
Trd, 258954.067, 119
Trd, 258954.100, 115
Trd, 258954.367, 138
Trd, 258954.850, 139
Trd, 258955.217, 140
Trd, 258955.683, 139
Trd, 258956.300, 125
Trd, 258956.567, 121
Trd, 258957.500, 140
Trd, 258957.617, 109
Trd, 258957.633, 101
Trd, 258958.000, 136
Trd, 258958.033, 120
Trd, 258958.333, 135
Trd, 258958.667, 140
Trd, 258958.883, 140
Trd, 258959.000, 140
Trd, 258959.367, 140
Trd, 258959.517, 139
Trd, 258959.833, 130
Trd, 258960.967, 140
Trd, 258961.367, 136
Trd, 258961.483, 135
Trd, 258961.833, 136
Trd, 258962.150, 131
Trd, 258962.183, 131
Trd, 258962.417, 129
Trd, 258962.483, 124
Trd, 258962.750, 126
Trd, 258963.100, 122
Trd, 258963.550, 139
Trd, 258963.817, 121
Trd, 258964.100, 104
Trd, 258964.450, 134
Trd, 258964.733, 109
Trd, 258965.300, 126
Trd, 258965.567, 109
Trd, 258965.733, 108
Trd, 258965.800, 118
Trd, 258965.817, 109
Trd, 258965.950, 128
Trd, 258966.050, 134
Trd, 258966.150, 97
Trd, 258966.383, 88
Trd, 258966.500, 85
Trd, 258966.583, 133
Trd, 258966.650, 130
Trd, 258966.700, 84
Trd, 258967.433, 90
Trd, 258967.800, 117
Trd, 258968.050, 97
Trd, 258968.067, 116
Trd, 258969.183, 139
Trd, 258969.617, 134
Trd, 258969.633, 133
Trd, 258969.900, 134
Trd, 258970.300, 140
Trd, 258971.500, 137
Trd, 258972.000, 140
Trd, 258972.167, 140
Trd, 258972.300, 140
Trd, 258972.450, 137
Trd, 258973.167, 137
Trd, 258973.300, 136
Trd, 258973.667, 135
Trd, 258973.733, 134
Trd, 258973.767, 138
Trd, 258973.900, 134
Trd, 258974.000, 128
Trd, 258974.083, 122
Trd, 258974.817, 132
Trd, 258974.850, 127
Trd, 258974.883, 114
Trd, 258975.233, 109
Trd, 258975.833, 139
Trd, 258975.850, 132
Trd, 258975.867, 121
Trd, 258976.583, 115
Trd, 258976.717, 115
Trd, 258976.733, 102
Trd, 258976.917, 101
Trd, 258977.217, 115
Trd, 258977.300, 116
Trd, 258977.333, 117
Trd, 258978.233, 140
Trd, 258978.650, 140
Trd, 258978.717, 139
Trd, 258978.917, 138
Trd, 258978.950, 134
Trd, 258979.000, 134
Trd, 258979.333, 126
Trd, 258979.417, 113
Trd, 258979.450, 104
Trd, 258980.383, 140
Trd, 258980.683, 139
Trd, 258980.700, 133
Trd, 258981.100, 120
Trd, 258981.217, 103
Trd, 258981.233, 99
Trd, 258981.900, 107
Trd, 258982.133, 108
Trd, 258982.267, 138
Trd, 258983.533, 140
Trd, 258983.633, 140
Trd, 258983.883, 140
Trd, 258983.917, 140
Trd, 258984.000, 140
Trd, 258984.250, 140
Trd, 258984.650, 140
Trd, 258984.767, 130
Trd, 258984.917, 129
Trd, 258985.000, 135
Trd, 258985.900, 135
Trd, 258986.367, 131
Trd, 258986.383, 130
Trd, 258986.417, 130
Trd, 258986.450, 129
Trd, 258986.917, 117
Trd, 258986.967, 132
Trd, 258987.000, 135
Trd, 258987.417, 137
Trd, 258987.950, 117
Trd, 258988.317, 117
Trd, 258988.367, 113
Trd, 258988.733, 111
Trd, 258988.983, 97
Trd, 258989.133, 98
Trd, 258989.367, 95
Trd, 258989.667, 118
Trd, 258989.767, 105
Trd, 258989.817, 121
Trd, 258989.833, 89
Trd, 258989.933, 99
Trd, 258989.983, 125
Trd, 258990.433, 125
Trd, 258990.517, 133
Trd, 258990.600, 136
Trd, 258991.250, 117
Trd, 258991.617, 138
Trd, 258991.633, 137
Trd, 258991.717, 124
Trd, 258992.033, 108
Trd, 258992.483, 140
Trd, 258992.750, 140
Trd, 258992.917, 137
Trd, 258992.967, 137
Trd, 258993.000, 123
Trd, 258993.083, 122
Trd, 258993.650, 112
Trd, 258994.167, 128
Trd, 258994.200, 113
Trd, 258994.400, 113
Trd, 258994.600, 128
Trd, 258994.717, 113
Trd, 258994.800, 98
Trd, 258994.833, 103
Trd, 258994.900, 137
Trd, 258995.733, 140
Trd, 258995.833, 140
Trd, 258996.517, 131
Trd, 258996.683, 113
Trd, 258997.017, 127
Trd, 258997.683, 121
Trd, 258998.050, 110
Trd, 258998.300, 100
Trd, 258998.367, 98
Trd, 258998.683, 138
Trd, 258999.017, 135
Trd, 258999.100, 130
Trd, 258999.533, 133
Trd, 258999.833, 125
Trd, 258999.933, 135
Trd, 259000.267, 135
Trd, 259000.283, 136
Trd, 259000.800, 120
Trd, 259001.117, 112
Trd, 259001.183, 113
Trd, 259001.250, 107
Trd, 259001.517, 110
Trd, 259001.600, 86
Trd, 259001.850, 131
Trd, 259002.967, 125
Trd, 259003.233, 124
Trd, 259003.317, 124
Trd, 259003.583, 124
Trd, 259003.967, 124
Trd, 259004.033, 133
Trd, 259004.533, 140
Trd, 259004.600, 121
Trd, 259004.650, 109
Trd, 259005.133, 132
Trd, 259005.417, 122
Trd, 259005.517, 120
Trd, 259005.750, 111
Trd, 259005.767, 108
Trd, 259005.883, 108
Trd, 259005.950, 107
Trd, 259006.867, 140
Trd, 259006.967, 137
Trd, 259007.867, 120
Trd, 259007.983, 118
Trd, 259008.083, 130
Trd, 259008.667, 125
Trd, 259008.683, 121
Trd, 259009.517, 126
Trd, 259009.983, 132
Trd, 259010.050, 133
Trd, 259010.067, 123
Trd, 259010.400, 119
Trd, 259010.483, 118
Trd, 259010.567, 131
Trd, 259010.583, 113
Trd, 259010.600, 109
Trd, 259011.033, 98
Trd, 259011.417, 126
Trd, 259011.550, 131
Trd, 259011.583, 92
Trd, 259011.800, 140
Trd, 259012.283, 140
Trd, 259012.750, 139
Trd, 259012.817, 128
Trd, 259013.083, 117
Trd, 259013.417, 137
Trd, 259013.800, 119
Trd, 259014.683, 139
Trd, 259014.700, 136
Trd, 259014.983, 126
Trd, 259015.117, 140
Trd, 259015.317, 125
Trd, 259015.367, 98
Trd, 259015.517, 95
Trd, 259015.867, 140
Trd, 259016.217, 132
Trd, 259016.650, 126
Trd, 259016.800, 131
Trd, 259017.100, 129
Trd, 259017.250, 126
Trd, 259017.383, 125
Trd, 259017.417, 136
Trd, 259017.500, 120
Trd, 259017.733, 117
Trd, 259018.433, 125
Trd, 259018.483, 116
Trd, 259018.717, 117
Trd, 259019.633, 136
Trd, 259019.650, 134
Trd, 259020.033, 129
Trd, 259020.183, 131
Trd, 259020.583, 138
Trd, 259020.617, 127
Trd, 259021.133, 132
Trd, 259021.433, 122
Trd, 259021.900, 122
Trd, 259022.017, 121
Trd, 259022.617, 120
Trd, 259022.850, 113
Trd, 259023.217, 139
Trd, 259023.317, 111
Trd, 259024.083, 139
Trd, 259024.350, 135
Trd, 259024.383, 134
Trd, 259024.467, 123
Trd, 259024.717, 122
Trd, 259025.083, 122
Trd, 259025.233, 140
Trd, 259025.283, 120
Trd, 259025.317, 119
Trd, 259025.583, 139
Trd, 259026.183, 113
Trd, 259026.233, 138
Trd, 259026.450, 140
Trd, 259026.917, 103
Trd, 259027.033, 139
Trd, 259027.267, 116
Trd, 259027.333, 110
Trd, 259027.467, 137
Trd, 259027.533, 123
Trd, 259028.650, 126
Trd, 259029.500, 125
Trd, 259029.567, 111
Trd, 259030.050, 140
Trd, 259030.183, 140
Trd, 259030.367, 140
Trd, 259030.433, 133
Trd, 259031.233, 139
Trd, 259031.900, 139
Trd, 259032.067, 137
Trd, 259032.317, 124
Trd, 259032.667, 138
Trd, 259033.233, 120
Trd, 259033.833, 136
Trd, 259034.533, 133
Trd, 259034.667, 132
Trd, 259035.083, 139
Trd, 259035.100, 127
Trd, 259035.467, 135
Trd, 259035.550, 130
Trd, 259035.783, 128
Trd, 259035.833, 127
Trd, 259035.883, 122
Trd, 259036.167, 135
Trd, 259036.183, 113
Trd, 259036.217, 111
Trd, 259036.317, 106
Trd, 259036.883, 140
Trd, 259036.917, 140
Trd, 259037.017, 140
Trd, 259037.100, 129
Trd, 259037.300, 121
Trd, 259037.350, 116
Trd, 259037.367, 106
Trd, 259038.200, 97
Trd, 259038.417, 93
Trd, 259038.550, 92
Trd, 259038.650, 86
Trd, 259038.850, 103
Trd, 259039.633, 102
Trd, 259040.233, 140
Trd, 259040.250, 140
Trd, 259040.433, 140
Trd, 259040.717, 139
Trd, 259040.833, 124
Trd, 259041.333, 140
Trd, 259041.350, 140
Trd, 259041.883, 140
Trd, 259042.250, 140
Trd, 259042.767, 137
Trd, 259043.167, 121
Trd, 259043.217, 118
Trd, 259043.767, 120
Trd, 259043.833, 110
Trd, 259044.550, 136
Trd, 259044.567, 135
Trd, 259044.700, 136
Trd, 259044.783, 128
Trd, 259044.850, 127
Trd, 259045.100, 132
Trd, 259045.117, 138
Trd, 259045.133, 118
Trd, 259045.300, 110
Trd, 259045.900, 100
Trd, 259046.233, 135
Trd, 259046.500, 133
Trd, 259046.550, 118
Trd, 259046.717, 108
Trd, 259047.267, 134
Trd, 259047.500, 134
Trd, 259047.700, 116
Trd, 259047.767, 100
Trd, 259048.317, 114
Trd, 259048.367, 107
Trd, 259048.400, 94
Trd, 259048.633, 123
Trd, 259048.817, 115
Trd, 259048.950, 133
Trd, 259049.650, 139
Trd, 259050.083, 114
Trd, 259050.250, 111
Trd, 259050.383, 139
Trd, 259050.583, 139
Trd, 259051.133, 140
Trd, 259051.800, 138
Trd, 259051.950, 137
Trd, 259052.417, 139
Trd, 259052.683, 140
Trd, 259052.900, 140
Trd, 259052.967, 139
Trd, 259053.500, 138
Trd, 259053.533, 129
Trd, 259053.733, 139
Trd, 259054.400, 132
Trd, 259055.017, 132
Trd, 259055.083, 118
Trd, 259055.433, 125
Trd, 259055.483, 112
Trd, 259055.667, 138
Trd, 259056.217, 115
Trd, 259056.300, 114
Trd, 259056.800, 129
Trd, 259057.217, 129
Trd, 259057.267, 124
Trd, 259057.383, 137
Trd, 259057.717, 140
Trd, 259057.767, 126
Trd, 259057.867, 119
Trd, 259058.217, 115
Trd, 259058.683, 136
Trd, 259059.050, 140
Trd, 259059.717, 134
Trd, 259059.850, 129
Trd, 259060.533, 125
Trd, 259060.617, 120
Trd, 259060.767, 140
Trd, 259060.933, 134
Trd, 259061.950, 124
Trd, 259061.967, 121
Trd, 259062.000, 118
Trd, 259062.617, 138
Trd, 259062.800, 139
Trd, 259063.217, 135
Trd, 259063.300, 134
Trd, 259063.583, 125
Trd, 259063.850, 130
Trd, 259064.050, 116
Trd, 259064.167, 114
Trd, 259064.750, 116
Trd, 259064.883, 133
Trd, 259065.067, 134
Trd, 259065.083, 123
Trd, 259065.617, 137
Trd, 259065.750, 131
Trd, 259065.933, 127
Trd, 259066.033, 126
Trd, 259066.433, 137
Trd, 259066.517, 137
Trd, 259067.200, 132
Trd, 259067.500, 121
Trd, 259067.633, 132
Trd, 259068.167, 123
Trd, 259068.333, 118
Trd, 259068.417, 112
Trd, 259068.450, 106
Trd, 259068.583, 130
Trd, 259068.617, 103
Trd, 259069.300, 122
Trd, 259069.450, 138
Trd, 259069.467, 118
Trd, 259070.000, 140
Trd, 259070.083, 100
Trd, 259070.450, 140
Trd, 259070.867, 113
Trd, 259071.333, 139
Trd, 259071.767, 140
Trd, 259071.783, 140
Trd, 259071.950, 138
Trd, 259072.983, 111
Trd, 259073.233, 140
Trd, 259073.400, 140
Trd, 259073.567, 107
Trd, 259073.850, 138
Trd, 259074.400, 139
Trd, 259075.250, 140
Trd, 259075.350, 140
Trd, 259075.500, 140
Trd, 259075.667, 129
Trd, 259075.850, 125
Trd, 259075.900, 124
Trd, 259076.050, 116
Trd, 259076.133, 107
Trd, 259076.283, 121
Trd, 259076.583, 137
Trd, 259076.783, 99
Trd, 259077.200, 114
Trd, 259077.300, 135
Trd, 259077.583, 119
Trd, 259078.200, 125
Trd, 259078.733, 121
Trd, 259079.233, 122
Trd, 259079.467, 121
Trd, 259079.550, 122
Trd, 259079.567, 115
Trd, 259079.600, 123
Trd, 259079.883, 120
Trd, 259080.033, 115
Trd, 259080.117, 114
Trd, 259080.250, 112
Trd, 259080.300, 134
Trd, 259080.333, 122
Trd, 259080.817, 140
Trd, 259081.383, 117
Trd, 259081.400, 116
Trd, 259081.767, 140
Trd, 259081.867, 130
Trd, 259082.150, 106
Trd, 259082.800, 105
Trd, 259083.000, 101
Trd, 259083.183, 104
Trd, 259083.200, 94
Trd, 259083.967, 138
Trd, 259084.933, 137
Trd, 259084.950, 134
Trd, 259085.000, 129
Trd, 259085.200, 121
Trd, 259085.567, 120
Trd, 259085.867, 119
Trd, 259086.067, 125
Trd, 259086.733, 140
Trd, 259087.167, 140
Trd, 259087.233, 140
Trd, 259087.250, 140
Trd, 259087.350, 134
Trd, 259087.400, 129
Trd, 259087.467, 122
Trd, 259087.750, 136
Trd, 259088.083, 129
Trd, 259088.300, 130
Trd, 259088.417, 106
Trd, 259088.450, 105
Trd, 259088.717, 138
Trd, 259088.883, 104
Trd, 259089.417, 140
Trd, 259090.517, 108
Trd, 259090.750, 108
Trd, 259090.967, 138
Trd, 259091.233, 140
Trd, 259091.400, 139
Trd, 259091.600, 139
Trd, 259091.650, 138
Trd, 259091.833, 122
Trd, 259092.217, 134
Trd, 259092.300, 117
Trd, 259092.400, 113
Trd, 259092.567, 133
Trd, 259093.017, 113
Trd, 259094.283, 114
Trd, 259094.400, 99
Trd, 259094.800, 119
Trd, 259095.117, 121
Trd, 259095.200, 113
Trd, 259095.533, 128
Trd, 259096.250, 138
Trd, 259096.267, 127
Trd, 259096.483, 112
Trd, 259096.517, 110
Trd, 259097.167, 114
Trd, 259097.217, 119
Trd, 259097.300, 131
Trd, 259097.450, 110
Trd, 259097.467, 102
Trd, 259098.167, 124
Trd, 259098.183, 123
Trd, 259098.500, 110
Trd, 259098.617, 135
Trd, 259098.717, 109
Trd, 259098.883, 109
Trd, 259098.983, 132
Trd, 259099.467, 140
Trd, 259099.567, 99
Trd, 259100.350, 117
Trd, 259100.533, 136
Trd, 259100.717, 139
Trd, 259101.133, 138
Trd, 259101.233, 135
Trd, 259102.300, 119
Trd, 259102.333, 118
Trd, 259102.417, 138
Trd, 259103.050, 108
Trd, 259103.083, 106
Trd, 259103.200, 117
Trd, 259103.717, 126
Trd, 259103.850, 130
Trd, 259104.867, 127
Trd, 259104.950, 122
Trd, 259105.017, 121
Trd, 259105.067, 118
Trd, 259105.083, 130
Trd, 259105.433, 112
Trd, 259106.317, 129
Trd, 259106.433, 108
Trd, 259106.733, 133
Trd, 259107.083, 122
Trd, 259107.200, 118
Trd, 259107.567, 121
Trd, 259107.833, 136
Trd, 259108.017, 114
Trd, 259108.083, 112
Trd, 259108.200, 106
Trd, 259108.400, 140
Trd, 259109.467, 140
Trd, 259110.133, 140
Trd, 259110.583, 140
Trd, 259111.050, 140
Trd, 259111.200, 140
Trd, 259111.283, 138
Trd, 259111.767, 127
Trd, 259112.050, 125
Trd, 259112.217, 117
Trd, 259112.433, 115
Trd, 259112.583, 113
Trd, 259113.100, 119
Trd, 259113.233, 120
Trd, 259113.300, 121
Trd, 259113.400, 129
Trd, 259114.083, 132
Trd, 259114.133, 131
Trd, 259114.417, 133
Trd, 259114.600, 134
Trd, 259114.700, 120
Trd, 259115.350, 140
Trd, 259115.383, 120
Trd, 259115.800, 140
Trd, 259115.883, 124
Trd, 259116.467, 124
Trd, 259116.600, 129
Trd, 259116.733, 128
Trd, 259116.750, 130
Trd, 259116.833, 139
Trd, 259117.683, 120
Trd, 259118.450, 136
Trd, 259118.567, 121
Trd, 259118.833, 118
Trd, 259119.567, 112
Trd, 259119.750, 113
Trd, 259119.817, 135
Trd, 259120.333, 140
Trd, 259120.433, 140
Trd, 259120.667, 140
Trd, 259120.850, 134
Trd, 259120.933, 140
Trd, 259121.167, 132
Trd, 259121.183, 127
Trd, 259121.417, 131
Trd, 259121.700, 130
Trd, 259122.517, 129
Trd, 259122.683, 130
Trd, 259122.783, 125
Trd, 259123.117, 131
Trd, 259123.133, 129
Trd, 259123.417, 119
Trd, 259123.617, 127
Trd, 259123.817, 118
Trd, 259125.050, 140
Trd, 259125.333, 140
Trd, 259125.417, 134
Trd, 259125.467, 128
Trd, 259125.483, 119
Trd, 259125.633, 139
Trd, 259125.700, 112
Trd, 259126.200, 137
Trd, 259126.450, 139
Trd, 259126.783, 140
Trd, 259126.833, 115
Trd, 259126.900, 100
Trd, 259127.033, 116
Trd, 259127.083, 104
Trd, 259127.417, 126
Trd, 259127.950, 140
Trd, 259128.467, 140
Trd, 259128.517, 126
Trd, 259128.850, 124
Trd, 259129.300, 134
Trd, 259129.483, 122
Trd, 259129.517, 122
Trd, 259129.667, 123
Trd, 259130.033, 111
Trd, 259130.317, 114
Trd, 259130.783, 135
Trd, 259130.850, 108
Trd, 259131.133, 135
Trd, 259131.183, 136
Trd, 259131.733, 118
Trd, 259131.767, 126
Trd, 259132.083, 138
Trd, 259132.150, 107
Trd, 259132.417, 138
Trd, 259132.483, 103
Trd, 259132.917, 116
Trd, 259133.150, 137
Trd, 259133.167, 101
Trd, 259133.233, 100
Trd, 259134.000, 109
Trd, 259134.150, 109
Trd, 259134.567, 102
Trd, 259134.700, 102
Trd, 259134.750, 101
Trd, 259134.883, 100
Trd, 259134.967, 116
Trd, 259135.750, 102
Trd, 259135.900, 100
Trd, 259136.017, 94
Trd, 259136.567, 125
Trd, 259136.617, 110
Trd, 259137.683, 123
Trd, 259137.700, 128
Trd, 259137.733, 116
Trd, 259137.983, 103
Trd, 259138.183, 125
Trd, 259138.617, 127
Trd, 259139.117, 136
Trd, 259139.167, 137
Trd, 259139.250, 127
Trd, 259140.017, 140
Trd, 259140.400, 139
Trd, 259140.433, 137
Trd, 259141.417, 140
Trd, 259141.433, 138
Trd, 259142.033, 137
Trd, 259142.200, 138
Trd, 259142.950, 135
Trd, 259142.967, 134
Trd, 259143.167, 123
Trd, 259143.233, 108
Trd, 259143.367, 136
Trd, 259143.617, 120
Trd, 259143.883, 114
Trd, 259144.133, 105
Trd, 259144.233, 130
Trd, 259144.733, 107
Trd, 259145.083, 115
Trd, 259145.133, 134
Trd, 259145.417, 109
Trd, 259146.150, 139
Trd, 259146.567, 140
Trd, 259146.750, 140
Trd, 259147.033, 139
Trd, 259147.133, 140
Trd, 259147.533, 138
Trd, 259148.200, 138
Trd, 259148.700, 137
Trd, 259149.233, 139
Trd, 259149.300, 140
Trd, 259149.350, 138
Trd, 259149.733, 124
Trd, 259150.500, 128
Trd, 259150.667, 132
Trd, 259150.767, 126
Trd, 259150.883, 123
Trd, 259151.233, 122
Trd, 259151.300, 107
Trd, 259151.433, 122
Trd, 259151.567, 106
Trd, 259151.750, 122
Trd, 259151.783, 115
Trd, 259151.967, 116
Trd, 259152.133, 122
Trd, 259152.367, 124
Trd, 259152.400, 124
Trd, 259152.983, 122
Trd, 259153.383, 133
Trd, 259153.433, 117
Trd, 259153.883, 138
Trd, 259154.133, 132
Trd, 259154.550, 140
Trd, 259154.717, 140
Trd, 259155.033, 140
Trd, 259155.250, 140
Trd, 259155.600, 139
Trd, 259155.933, 126
Trd, 259156.017, 125
Trd, 259156.133, 124
Trd, 259156.683, 123
Trd, 259156.783, 122
Trd, 259157.133, 119
Trd, 259157.333, 121
Trd, 259157.483, 111
Trd, 259157.650, 111
Trd, 259157.700, 104
Trd, 259157.733, 99
Trd, 259157.767, 94
Trd, 259157.800, 94
Trd, 259158.033, 77
Trd, 259158.533, 97
Trd, 259158.783, 101
Trd, 259159.050, 96
Trd, 259159.133, 127
Trd, 259159.267, 88
Trd, 259160.683, 140
Trd, 259161.017, 140
Trd, 259161.433, 138
Trd, 259161.550, 133
Trd, 259161.833, 126
Trd, 259162.183, 124
Trd, 259162.517, 118
Trd, 259163.233, 139
Trd, 259163.267, 139
Trd, 259163.433, 113
Trd, 259163.650, 128
Trd, 259163.767, 126
Trd, 259164.200, 113
Trd, 259164.233, 90
Trd, 259164.600, 131
Trd, 259164.667, 135
Trd, 259165.583, 137
Trd, 259166.167, 140
Trd, 259166.433, 140
Trd, 259166.500, 140
Trd, 259166.550, 136
Trd, 259167.017, 140
Trd, 259167.300, 138
Trd, 259167.450, 137
Trd, 259167.500, 134
Trd, 259167.933, 137
Trd, 259167.967, 137
Trd, 259168.367, 136
Trd, 259168.583, 133
Trd, 259168.850, 127
Trd, 259169.433, 140
Trd, 259169.517, 138
Trd, 259169.733, 131
Trd, 259169.750, 127
Trd, 259170.300, 126
Trd, 259170.983, 119
Trd, 259171.200, 118
Trd, 259171.683, 118
Trd, 259171.750, 117
Trd, 259172.033, 119
Trd, 259172.167, 137
Trd, 259172.533, 118
Trd, 259172.800, 116
Trd, 259172.983, 135
Trd, 259173.067, 136
Trd, 259173.250, 117
Trd, 259173.433, 133
Trd, 259173.467, 112
Trd, 259173.717, 133
Trd, 259173.967, 120
Trd, 259174.017, 118
Trd, 259174.050, 111
Trd, 259174.083, 108
Trd, 259174.667, 138
Trd, 259175.283, 129
Trd, 259175.550, 137
Trd, 259175.633, 134
Trd, 259175.650, 128
Trd, 259175.717, 121
Trd, 259175.933, 104
Trd, 259176.117, 98
Trd, 259176.200, 94
Trd, 259176.350, 97
Trd, 259177.133, 134
Trd, 259177.367, 132
Trd, 259177.533, 131
Trd, 259178.417, 130
Trd, 259178.467, 131
Trd, 259178.917, 115
Trd, 259178.933, 113
Trd, 259179.717, 140
Trd, 259179.867, 140
Trd, 259179.983, 136
Trd, 259180.100, 137
Trd, 259180.367, 124
Trd, 259180.517, 139
Trd, 259180.733, 129
Trd, 259180.933, 131
Trd, 259181.083, 130
Trd, 259181.117, 127
Trd, 259181.133, 124
Trd, 259181.700, 139
Trd, 259181.900, 126
Trd, 259182.500, 131
Trd, 259182.717, 119
Trd, 259183.217, 135
Trd, 259183.533, 115
Trd, 259183.683, 97
Trd, 259183.800, 135
Trd, 259184.417, 132
Trd, 259184.500, 129
Trd, 259184.533, 135
Trd, 259184.617, 121
Trd, 259184.800, 106
Trd, 259184.833, 121
Trd, 259184.950, 105
Trd, 259184.983, 103
Trd, 259185.517, 136
Trd, 259185.733, 140
Trd, 259185.883, 137
Trd, 259186.450, 140
Trd, 259186.517, 140
Trd, 259186.600, 139
Trd, 259186.650, 133
Trd, 259186.900, 121
Trd, 259187.167, 114
Trd, 259187.533, 116
Trd, 259188.817, 123
Trd, 259188.850, 122
Trd, 259188.983, 128
Trd, 259189.350, 124
Trd, 259189.850, 140
Trd, 259189.983, 139
Trd, 259190.317, 116
Trd, 259190.517, 108
Trd, 259190.583, 108
Trd, 259190.617, 106
Trd, 259191.050, 135
Trd, 259191.233, 112
Trd, 259191.567, 106
Trd, 259191.733, 101
Trd, 259191.983, 100
Trd, 259192.000, 118
Trd, 259192.217, 100
Trd, 259192.433, 127
Trd, 259192.800, 137
Trd, 259193.233, 124
Trd, 259193.417, 132
Trd, 259194.417, 124
Trd, 259194.500, 117
Trd, 259194.767, 138
Trd, 259195.350, 135
Trd, 259195.600, 134
Trd, 259195.750, 133
Trd, 259195.817, 140
Trd, 259196.083, 132
Trd, 259196.600, 140
Trd, 259197.200, 123
Trd, 259197.650, 136
Trd, 259198.350, 135
Trd, 259198.483, 132
Trd, 259199.717, 140
Trd, 259199.917, 140
