Trd, 258602.750, 140
Trd, 258602.917, 140
Trd, 258603.817, 140
Trd, 258603.883, 140
Trd, 258604.250, 140
Trd, 258604.300, 140
Trd, 258604.483, 140
Trd, 258604.933, 140
Trd, 258605.117, 140
Trd, 258605.233, 139
Trd, 258605.317, 136
Trd, 258605.550, 135
Trd, 258605.617, 130
Trd, 258605.667, 121
Trd, 258605.800, 119
Trd, 258605.983, 119
Trd, 258606.500, 140
Trd, 258606.550, 140
Trd, 258606.833, 140
Trd, 258606.867, 126
Trd, 258606.983, 134
Trd, 258607.200, 140
Trd, 258608.250, 140
Trd, 258608.317, 140
Trd, 258608.917, 140
Trd, 258608.933, 140
Trd, 258609.017, 140
Trd, 258609.367, 138
Trd, 258609.400, 135
Trd, 258609.433, 140
Trd, 258609.617, 132
Trd, 258609.867, 137
Trd, 258609.883, 131
Trd, 258609.900, 138
Trd, 258610.150, 137
Trd, 258610.200, 131
Trd, 258610.483, 132
Trd, 258610.500, 131
Trd, 258610.683, 130
Trd, 258610.883, 130
Trd, 258610.900, 135
Trd, 258611.200, 123
Trd, 258611.400, 116
Trd, 258611.800, 116
Trd, 258612.200, 123
Trd, 258612.333, 134
Trd, 258612.850, 134
Trd, 258612.917, 135
Trd, 258613.267, 133
Trd, 258613.450, 137
Trd, 258613.583, 126
Trd, 258613.633, 107
Trd, 258614.117, 139
Trd, 258614.200, 103
Trd, 258614.583, 104
Trd, 258615.517, 140
Trd, 258615.533, 140
Trd, 258615.567, 140
Trd, 258615.917, 140
Trd, 258616.000, 140
Trd, 258616.167, 140
Trd, 258616.333, 140
Trd, 258616.383, 139
Trd, 258616.500, 139
Trd, 258616.817, 135
Trd, 258616.850, 134
Trd, 258616.917, 140
Trd, 258617.083, 140
Trd, 258617.333, 134
Trd, 258617.583, 134
Trd, 258617.717, 133
Trd, 258617.750, 113
Trd, 258618.000, 112
Trd, 258618.300, 100
Trd, 258618.367, 100
Trd, 258618.483, 135
Trd, 258618.633, 97
Trd, 258618.717, 104
Trd, 258619.300, 92
Trd, 258619.467, 88
Trd, 258619.550, 82
Trd, 258619.900, 62
Trd, 258619.983, 130
Trd, 258620.083, 129
Trd, 258620.250, 75
Trd, 258620.450, 79
Trd, 258620.567, 81
Trd, 258620.617, 118
Trd, 258620.783, 130
Trd, 258620.900, 131
Trd, 258621.500, 140
Trd, 258621.633, 138
Trd, 258622.550, 136
Trd, 258622.700, 139
Trd, 258622.783, 136
Trd, 258622.883, 136
Trd, 258623.333, 140
Trd, 258624.333, 140
Trd, 258624.800, 140
Trd, 258625.350, 140
Trd, 258625.550, 140
Trd, 258625.933, 140
Trd, 258625.950, 140
Trd, 258626.033, 140
Trd, 258626.083, 140
Trd, 258626.233, 140
Trd, 258626.433, 140
Trd, 258626.600, 140
Trd, 258626.700, 139
Trd, 258626.883, 139
Trd, 258626.917, 138
Trd, 258627.267, 137
Trd, 258627.283, 139
Trd, 258627.483, 133
Trd, 258627.850, 131
Trd, 258628.117, 129
Trd, 258628.200, 135
Trd, 258628.433, 129
Trd, 258628.583, 129
Trd, 258628.617, 128
Trd, 258628.633, 120
Trd, 258628.667, 130
Trd, 258628.800, 128
Trd, 258628.867, 121
Trd, 258628.983, 121
Trd, 258629.250, 120
Trd, 258629.367, 123
Trd, 258629.400, 121
Trd, 258629.433, 126
Trd, 258630.250, 118
Trd, 258630.583, 137
Trd, 258631.033, 140
Trd, 258631.050, 140
Trd, 258631.167, 140
Trd, 258631.217, 140
Trd, 258631.300, 133
Trd, 258632.067, 140
Trd, 258632.350, 128
Trd, 258632.450, 125
Trd, 258632.550, 127
Trd, 258632.817, 127
Trd, 258633.000, 114
Trd, 258633.550, 139
Trd, 258633.783, 138
Trd, 258633.967, 140
Trd, 258634.033, 120
Trd, 258634.450, 138
Trd, 258634.683, 124
Trd, 258634.833, 137
Trd, 258635.000, 123
Trd, 258635.200, 135
Trd, 258635.967, 115
Trd, 258636.067, 127
Trd, 258636.267, 115
Trd, 258636.350, 119
Trd, 258636.483, 118
Trd, 258636.617, 120
Trd, 258636.767, 127
Trd, 258636.833, 107
Trd, 258637.100, 131
Trd, 258637.217, 110
Trd, 258637.233, 93
Trd, 258637.533, 93
Trd, 258637.767, 115
Trd, 258637.933, 114
Trd, 258638.017, 128
Trd, 258638.133, 129
Trd, 258638.467, 104
Trd, 258638.833, 101
Trd, 258638.950, 127
Trd, 258639.067, 100
Trd, 258639.083, 133
Trd, 258639.117, 95
Trd, 258639.133, 84
Trd, 258639.317, 66
Trd, 258639.750, 67
Trd, 258639.933, 98
Trd, 258640.150, 100
Trd, 258640.267, 123
Trd, 258640.567, 69
Trd, 258640.667, 69
Trd, 258640.767, 67
Trd, 258641.133, 131
Trd, 258641.433, 140
Trd, 258641.450, 69
Trd, 258642.150, 138
Trd, 258642.233, 119
Trd, 258642.383, 118
Trd, 258642.533, 121
Trd, 258642.783, 122
Trd, 258643.133, 123
Trd, 258643.183, 122
Trd, 258643.233, 121
Trd, 258643.717, 139
Trd, 258643.983, 138
Trd, 258644.467, 140
Trd, 258644.617, 104
Trd, 258644.717, 107
Trd, 258645.017, 130
Trd, 258645.367, 129
Trd, 258645.517, 126
Trd, 258645.650, 139
Trd, 258646.683, 140
Trd, 258646.783, 140
Trd, 258646.967, 140
Trd, 258647.767, 140
Trd, 258647.917, 140
Trd, 258648.000, 140
Trd, 258648.133, 140
Trd, 258648.383, 140
Trd, 258648.533, 139
Trd, 258648.600, 139
Trd, 258648.633, 137
Trd, 258648.750, 139
Trd, 258649.150, 127
Trd, 258649.300, 116
Trd, 258649.583, 135
Trd, 258649.617, 131
Trd, 258649.700, 130
Trd, 258649.817, 112
Trd, 258650.067, 113
Trd, 258650.133, 133
Trd, 258650.150, 134
Trd, 258650.400, 135
Trd, 258650.417, 116
Trd, 258650.933, 140
Trd, 258651.200, 140
Trd, 258651.233, 140
Trd, 258651.717, 140
Trd, 258651.833, 140
Trd, 258652.000, 139
Trd, 258652.150, 136
Trd, 258652.250, 139
Trd, 258652.350, 135
Trd, 258652.367, 124
Trd, 258652.617, 139
Trd, 258652.967, 120
Trd, 258653.300, 133
Trd, 258653.517, 127
Trd, 258653.617, 119
Trd, 258653.733, 131
Trd, 258653.767, 113
Trd, 258654.067, 93
Trd, 258654.267, 104
Trd, 258654.350, 93
Trd, 258654.550, 129
Trd, 258654.583, 124
Trd, 258654.800, 128
Trd, 258655.067, 140
Trd, 258655.100, 136
Trd, 258655.817, 103
Trd, 258655.983, 84
Trd, 258656.517, 118
Trd, 258656.533, 85
Trd, 258656.783, 83
Trd, 258656.967, 117
Trd, 258657.033, 80
Trd, 258657.050, 119
Trd, 258657.067, 119
Trd, 258657.483, 116
Trd, 258657.583, 89
Trd, 258657.733, 95
Trd, 258657.867, 115
Trd, 258658.183, 115
Trd, 258658.200, 116
Trd, 258658.367, 120
Trd, 258658.550, 109
Trd, 258659.167, 107
Trd, 258659.250, 107
Trd, 258659.383, 139
Trd, 258659.517, 106
Trd, 258659.717, 106
Trd, 258660.000, 97
Trd, 258660.083, 94
Trd, 258660.350, 134
Trd, 258660.400, 81
Trd, 258660.683, 140
Trd, 258660.967, 140
Trd, 258661.350, 140
Trd, 258661.867, 140
Trd, 258661.933, 139
Trd, 258662.033, 122
Trd, 258662.600, 136
Trd, 258662.683, 140
Trd, 258662.817, 103
Trd, 258662.983, 121
Trd, 258663.067, 106
Trd, 258663.700, 140
Trd, 258663.817, 136
Trd, 258664.017, 133
Trd, 258664.517, 134
Trd, 258665.250, 134
Trd, 258665.450, 134
Trd, 258665.550, 133
Trd, 258665.667, 127
Trd, 258665.733, 131
Trd, 258665.767, 133
Trd, 258665.817, 126
Trd, 258666.133, 132
Trd, 258666.150, 123
Trd, 258666.867, 129
Trd, 258667.100, 127
Trd, 258667.117, 125
Trd, 258667.217, 129
Trd, 258667.517, 125
Trd, 258667.667, 132
Trd, 258667.733, 126
Trd, 258667.800, 125
Trd, 258667.933, 122
Trd, 258668.233, 140
Trd, 258668.367, 140
Trd, 258668.417, 139
Trd, 258668.667, 127
Trd, 258669.050, 139
Trd, 258669.167, 137
Trd, 258669.700, 140
Trd, 258670.150, 134
Trd, 258670.167, 127
Trd, 258671.017, 140
Trd, 258671.167, 140
Trd, 258671.200, 140
Trd, 258671.667, 140
Trd, 258671.800, 140
Trd, 258671.833, 140
Trd, 258672.667, 140
Trd, 258672.933, 140
Trd, 258672.950, 140
Trd, 258673.167, 139
Trd, 258673.500, 124
Trd, 258673.650, 135
Trd, 258673.667, 119
Trd, 258673.883, 111
Trd, 258674.217, 105
Trd, 258674.367, 108
Trd, 258674.383, 102
Trd, 258674.450, 98
Trd, 258674.767, 118
Trd, 258675.050, 100
Trd, 258675.400, 98
Trd, 258675.733, 77
Trd, 258675.950, 75
Trd, 258676.017, 72
Trd, 258676.167, 77
Trd, 258676.250, 78
Trd, 258676.267, 99
Trd, 258676.467, 98
Trd, 258676.617, 100
Trd, 258676.700, 101
Trd, 258676.767, 74
Trd, 258676.850, 71
Trd, 258677.217, 69
Trd, 258678.050, 130
Trd, 258678.583, 138
Trd, 258678.633, 115
Trd, 258678.933, 140
Trd, 258678.967, 139
Trd, 258679.050, 140
Trd, 258679.150, 139
Trd, 258679.433, 140
Trd, 258679.800, 140
Trd, 258679.867, 140
Trd, 258680.083, 140
Trd, 258680.317, 139
Trd, 258680.383, 139
Trd, 258681.133, 140
Trd, 258681.350, 140
Trd, 258681.550, 140
Trd, 258681.717, 139
Trd, 258681.867, 138
Trd, 258682.050, 138
Trd, 258682.383, 139
Trd, 258682.550, 139
Trd, 258682.583, 138
Trd, 258682.650, 139
Trd, 258682.667, 137
Trd, 258682.783, 136
Trd, 258682.817, 138
Trd, 258682.833, 128
Trd, 258683.000, 116
Trd, 258683.350, 114
Trd, 258683.650, 102
Trd, 258683.800, 107
Trd, 258684.117, 140
Trd, 258684.133, 117
Trd, 258684.300, 127
Trd, 258684.667, 139
Trd, 258684.800, 128
Trd, 258684.883, 122
Trd, 258685.317, 109
Trd, 258685.383, 110
Trd, 258685.417, 94
Trd, 258685.483, 111
Trd, 258685.817, 111
Trd, 258685.933, 97
Trd, 258686.133, 111
Trd, 258686.283, 97
Trd, 258686.317, 112
Trd, 258686.350, 114
Trd, 258686.583, 114
Trd, 258686.667, 106
Trd, 258686.967, 120
Trd, 258687.617, 140
Trd, 258687.683, 140
Trd, 258687.950, 102
Trd, 258688.383, 137
Trd, 258688.567, 128
Trd, 258688.900, 129
Trd, 258689.367, 140
Trd, 258689.433, 140
Trd, 258689.533, 139
Trd, 258689.567, 139
Trd, 258689.983, 139
Trd, 258691.483, 140
Trd, 258691.833, 140
Trd, 258691.850, 140
Trd, 258692.333, 140
Trd, 258692.517, 140
Trd, 258692.550, 140
Trd, 258692.633, 139
Trd, 258692.700, 139
Trd, 258692.717, 123
Trd, 258692.767, 122
Trd, 258692.983, 135
Trd, 258693.083, 134
Trd, 258693.350, 136
Trd, 258693.483, 130
Trd, 258693.800, 138
Trd, 258694.033, 120
Trd, 258694.167, 133
Trd, 258694.200, 120
Trd, 258694.233, 119
Trd, 258694.550, 122
Trd, 258694.700, 121
Trd, 258694.867, 112
Trd, 258694.967, 111
Trd, 258695.367, 133
Trd, 258695.417, 115
Trd, 258695.667, 135
Trd, 258695.767, 130
Trd, 258695.850, 140
Trd, 258695.883, 129
Trd, 258696.083, 128
Trd, 258696.233, 111
Trd, 258696.267, 98
Trd, 258696.333, 82
Trd, 258696.733, 108
Trd, 258697.067, 131
Trd, 258697.517, 140
Trd, 258697.900, 128
Trd, 258697.967, 139
Trd, 258698.367, 140
Trd, 258698.600, 139
Trd, 258698.867, 138
Trd, 258699.133, 123
Trd, 258699.317, 139
Trd, 258699.467, 138
Trd, 258699.800, 129
Trd, 258699.917, 133
Trd, 258699.983, 136
Trd, 258700.000, 129
Trd, 258700.183, 127
Trd, 258700.667, 123
Trd, 258700.717, 120
Trd, 258700.800, 110
Trd, 258701.467, 111
Trd, 258701.667, 109
Trd, 258701.700, 98
Trd, 258701.783, 90
Trd, 258701.883, 127
Trd, 258701.900, 84
Trd, 258702.167, 100
Trd, 258702.433, 101
Trd, 258702.717, 79
Trd, 258702.883, 127
Trd, 258703.017, 126
Trd, 258703.033, 127
Trd, 258703.317, 77
Trd, 258703.417, 127
Trd, 258703.600, 62
Trd, 258704.050, 68
Trd, 258704.117, 68
Trd, 258704.300, 90
Trd, 258704.333, 88
Trd, 258704.633, 119
Trd, 258704.683, 129
Trd, 258704.783, 118
Trd, 258704.983, 60
Trd, 258705.483, 82
Trd, 258705.667, 61
Trd, 258706.083, 101
Trd, 258706.233, 120
Trd, 258706.250, 100
Trd, 258706.400, 120
Trd, 258706.850, 124
Trd, 258707.317, 127
Trd, 258707.350, 129
Trd, 258707.483, 125
Trd, 258707.917, 114
Trd, 258708.050, 125
Trd, 258708.100, 106
Trd, 258708.200, 133
Trd, 258708.383, 106
Trd, 258708.400, 105
Trd, 258708.483, 94
Trd, 258708.600, 72
Trd, 258708.767, 70
Trd, 258709.183, 140
Trd, 258709.417, 137
Trd, 258710.300, 140
Trd, 258710.467, 140
Trd, 258710.750, 140
Trd, 258710.783, 140
Trd, 258711.317, 140
Trd, 258711.467, 140
Trd, 258711.533, 140
Trd, 258711.550, 140
Trd, 258711.667, 140
Trd, 258711.683, 140
Trd, 258711.733, 139
Trd, 258711.833, 132
Trd, 258712.167, 133
Trd, 258712.350, 132
Trd, 258712.550, 123
Trd, 258712.750, 135
Trd, 258712.800, 136
Trd, 258712.833, 109
Trd, 258713.067, 100
Trd, 258713.300, 136
Trd, 258713.550, 135
Trd, 258713.767, 122
Trd, 258714.133, 121
Trd, 258714.350, 118
Trd, 258714.983, 118
Trd, 258715.183, 101
Trd, 258715.550, 124
Trd, 258715.600, 106
Trd, 258715.883, 114
Trd, 258716.083, 106
Trd, 258716.117, 116
Trd, 258716.167, 105
Trd, 258716.500, 80
Trd, 258716.833, 116
Trd, 258716.950, 60
Trd, 258717.033, 66
Trd, 258717.533, 60
Trd, 258718.200, 60
Trd, 258718.283, 60
Trd, 258718.333, 60
Trd, 258718.483, 60
Trd, 258718.550, 60
Trd, 258718.650, 60
Trd, 258718.750, 60
Trd, 258718.950, 60
Trd, 258719.217, 63
Trd, 258719.383, 64
Trd, 258719.433, 71
Trd, 258719.667, 61
Trd, 258720.300, 60
Trd, 258720.517, 61
Trd, 258720.567, 65
Trd, 258720.583, 77
Trd, 258720.767, 60
Trd, 258720.867, 61
Trd, 258720.967, 60
Trd, 258721.017, 62
Trd, 258721.067, 69
Trd, 258721.217, 94
Trd, 258721.333, 118
Trd, 258721.367, 117
Trd, 258721.600, 115
Trd, 258723.083, 140
Trd, 258723.417, 140
Trd, 258723.650, 140
Trd, 258723.683, 140
Trd, 258723.817, 140
Trd, 258724.000, 140
Trd, 258724.200, 140
Trd, 258724.533, 140
Trd, 258724.550, 140
Trd, 258724.767, 138
Trd, 258724.817, 133
Trd, 258724.967, 122
Trd, 258725.033, 138
Trd, 258725.383, 127
Trd, 258725.450, 117
Trd, 258726.000, 139
Trd, 258726.083, 129
Trd, 258726.200, 116
Trd, 258726.583, 135
Trd, 258727.100, 124
Trd, 258727.117, 122
Trd, 258727.417, 118
Trd, 258727.450, 117
Trd, 258727.467, 115
Trd, 258727.600, 118
Trd, 258727.700, 67
Trd, 258727.850, 74
Trd, 258728.183, 107
Trd, 258728.283, 115
Trd, 258728.600, 61
Trd, 258728.750, 61
Trd, 258728.850, 62
Trd, 258728.867, 61
Trd, 258728.883, 66
Trd, 258729.450, 61
Trd, 258729.650, 62
Trd, 258729.900, 60
Trd, 258730.200, 61
Trd, 258730.233, 61
Trd, 258730.250, 60
Trd, 258730.317, 61
Trd, 258730.500, 60
Trd, 258730.567, 63
Trd, 258730.667, 68
Trd, 258730.717, 68
Trd, 258730.917, 62
Trd, 258731.117, 121
Trd, 258731.433, 116
Trd, 258731.667, 125
Trd, 258732.033, 122
Trd, 258732.817, 110
Trd, 258733.400, 114
Trd, 258733.483, 111
Trd, 258733.683, 115
Trd, 258733.717, 111
Trd, 258733.733, 116
Trd, 258733.833, 116
Trd, 258734.317, 127
Trd, 258734.900, 140
Trd, 258735.533, 133
Trd, 258735.683, 134
Trd, 258736.350, 140
Trd, 258736.417, 140
Trd, 258736.567, 137
Trd, 258736.667, 136
Trd, 258736.817, 135
Trd, 258737.067, 135
Trd, 258737.200, 138
Trd, 258737.283, 129
Trd, 258737.417, 133
Trd, 258737.433, 129
Trd, 258737.517, 131
Trd, 258737.533, 128
Trd, 258737.667, 122
Trd, 258737.983, 138
Trd, 258738.033, 125
Trd, 258738.183, 139
Trd, 258738.200, 138
Trd, 258738.267, 110
Trd, 258738.417, 90
Trd, 258738.517, 71
Trd, 258738.850, 116
Trd, 258739.067, 103
Trd, 258739.683, 97
Trd, 258740.233, 65
Trd, 258740.333, 66
Trd, 258740.400, 67
Trd, 258740.433, 69
Trd, 258740.450, 72
Trd, 258740.617, 77
Trd, 258740.633, 75
Trd, 258741.033, 67
Trd, 258741.217, 68
Trd, 258741.867, 124
Trd, 258741.917, 70
Trd, 258742.033, 126
Trd, 258742.117, 85
Trd, 258742.617, 138
Trd, 258742.850, 131
Trd, 258743.083, 118
Trd, 258743.167, 118
Trd, 258743.467, 140
Trd, 258743.550, 139
Trd, 258743.567, 139
Trd, 258743.733, 134
Trd, 258744.033, 118
Trd, 258744.717, 114
Trd, 258745.333, 122
Trd, 258745.350, 110
Trd, 258746.183, 121
Trd, 258746.217, 125
Trd, 258746.250, 127
Trd, 258746.350, 127
Trd, 258746.567, 127
Trd, 258746.633, 126
Trd, 258747.033, 126
Trd, 258747.150, 126
Trd, 258747.350, 125
Trd, 258747.417, 115
Trd, 258747.700, 107
Trd, 258747.733, 84
Trd, 258747.950, 127
Trd, 258747.967, 81
Trd, 258748.200, 129
Trd, 258748.283, 129
Trd, 258748.300, 130
Trd, 258748.317, 132
Trd, 258748.417, 68
Trd, 258748.633, 69
Trd, 258749.067, 67
Trd, 258749.117, 73
Trd, 258749.333, 73
Trd, 258749.367, 74
Trd, 258749.567, 72
Trd, 258749.750, 71
Trd, 258749.917, 61
Trd, 258750.067, 85
Trd, 258750.400, 85
Trd, 258750.483, 65
Trd, 258750.717, 83
Trd, 258750.783, 84
Trd, 258750.900, 86
Trd, 258751.033, 88
Trd, 258751.667, 140
Trd, 258751.917, 111
Trd, 258752.033, 106
Trd, 258752.083, 114
Trd, 258752.233, 106
Trd, 258752.267, 105
Trd, 258752.317, 140
Trd, 258752.367, 112
Trd, 258752.883, 106
Trd, 258753.017, 105
Trd, 258753.467, 140
Trd, 258753.667, 125
Trd, 258754.133, 129
Trd, 258754.167, 127
Trd, 258754.283, 138
Trd, 258754.400, 126
Trd, 258754.417, 117
Trd, 258754.650, 116
Trd, 258755.083, 117
Trd, 258755.133, 113
Trd, 258755.167, 134
Trd, 258755.417, 105
Trd, 258755.633, 117
Trd, 258755.717, 131
Trd, 258755.733, 133
Trd, 258755.800, 100
Trd, 258755.933, 62
Trd, 258756.483, 128
Trd, 258756.500, 109
Trd, 258756.717, 109
Trd, 258756.733, 132
Trd, 258757.183, 140
Trd, 258757.750, 102
Trd, 258757.933, 101
Trd, 258758.633, 129
Trd, 258758.700, 129
Trd, 258758.933, 133
Trd, 258759.100, 127
Trd, 258759.167, 133
Trd, 258759.350, 127
Trd, 258759.367, 126
Trd, 258759.617, 110
Trd, 258759.850, 129
Trd, 258759.883, 109
Trd, 258759.933, 100
Trd, 258759.983, 129
Trd, 258760.033, 130
Trd, 258760.083, 131
Trd, 258760.533, 140
Trd, 258760.667, 140
Trd, 258760.733, 140
Trd, 258761.150, 140
Trd, 258761.600, 140
Trd, 258762.183, 140
Trd, 258762.833, 140
Trd, 258763.017, 140
Trd, 258763.133, 140
Trd, 258763.267, 135
Trd, 258763.850, 140
Trd, 258764.333, 140
Trd, 258764.400, 140
Trd, 258764.533, 132
Trd, 258764.883, 140
Trd, 258765.083, 139
Trd, 258765.433, 140
Trd, 258765.550, 140
Trd, 258765.600, 137
Trd, 258765.650, 130
Trd, 258766.033, 139
Trd, 258766.850, 134
Trd, 258767.117, 83
Trd, 258767.150, 76
Trd, 258767.383, 75
Trd, 258767.500, 73
Trd, 258767.550, 73
Trd, 258767.633, 130
Trd, 258767.667, 136
Trd, 258767.800, 93
Trd, 258768.050, 79
Trd, 258768.117, 138
Trd, 258768.600, 89
Trd, 258768.733, 132
Trd, 258769.083, 125
Trd, 258769.400, 126
Trd, 258769.517, 128
Trd, 258769.567, 123
Trd, 258769.917, 127
Trd, 258770.050, 122
Trd, 258770.300, 91
Trd, 258770.350, 89
Trd, 258770.750, 122
Trd, 258770.833, 102
Trd, 258770.900, 123
Trd, 258770.917, 86
Trd, 258771.400, 86
Trd, 258771.433, 104
Trd, 258772.217, 121
Trd, 258772.367, 120
Trd, 258772.417, 121
Trd, 258772.717, 106
Trd, 258773.217, 140
Trd, 258773.300, 110
Trd, 258773.317, 107
Trd, 258773.367, 106
Trd, 258773.533, 104
Trd, 258773.883, 109
Trd, 258774.117, 112
Trd, 258774.133, 104
Trd, 258774.250, 95
Trd, 258774.350, 61
Trd, 258775.100, 61
Trd, 258775.200, 62
Trd, 258775.250, 62
Trd, 258775.283, 63
Trd, 258775.300, 64
Trd, 258775.567, 60
Trd, 258775.967, 63
Trd, 258776.000, 63
Trd, 258776.033, 65
Trd, 258776.050, 68
Trd, 258776.267, 77
Trd, 258776.450, 68
Trd, 258776.650, 64
Trd, 258777.067, 67
Trd, 258777.200, 66
Trd, 258777.267, 69
Trd, 258777.500, 95
Trd, 258777.600, 93
Trd, 258777.800, 94
Trd, 258777.833, 93
Trd, 258778.083, 116
Trd, 258778.317, 94
Trd, 258778.533, 95
Trd, 258778.917, 140
Trd, 258779.450, 140
Trd, 258779.600, 140
Trd, 258779.867, 140
Trd, 258779.967, 140
Trd, 258780.000, 140
Trd, 258780.183, 136
Trd, 258780.317, 130
Trd, 258780.650, 127
Trd, 258780.750, 118
Trd, 258781.783, 111
Trd, 258781.933, 127
Trd, 258781.950, 98
Trd, 258782.000, 93
Trd, 258782.067, 89
Trd, 258782.117, 130
Trd, 258782.433, 96
Trd, 258782.533, 130
Trd, 258782.683, 129
Trd, 258782.700, 134
Trd, 258782.800, 110
Trd, 258782.817, 87
Trd, 258782.900, 86
Trd, 258783.150, 72
Trd, 258783.350, 93
Trd, 258783.383, 137
Trd, 258783.483, 70
Trd, 258783.750, 126
Trd, 258784.083, 126
Trd, 258784.600, 134
Trd, 258784.833, 129
Trd, 258784.850, 128
Trd, 258785.450, 140
Trd, 258785.617, 140
Trd, 258785.883, 140
Trd, 258786.367, 140
Trd, 258786.517, 140
Trd, 258786.600, 136
Trd, 258786.650, 135
Trd, 258787.017, 131
Trd, 258787.150, 128
Trd, 258787.217, 138
Trd, 258787.350, 113
Trd, 258787.383, 128
Trd, 258787.683, 112
Trd, 258787.733, 105
Trd, 258787.800, 105
Trd, 258789.167, 128
Trd, 258789.267, 124
Trd, 258789.433, 128
Trd, 258789.483, 106
Trd, 258789.783, 125
Trd, 258789.850, 106
Trd, 258789.900, 127
Trd, 258790.000, 103
Trd, 258790.083, 129
Trd, 258790.283, 129
Trd, 258790.350, 130
Trd, 258790.400, 109
Trd, 258790.467, 92
Trd, 258790.750, 117
Trd, 258791.000, 95
Trd, 258791.383, 125
Trd, 258791.517, 126
Trd, 258791.533, 125
Trd, 258791.917, 126
Trd, 258791.967, 125
Trd, 258792.700, 140
Trd, 258792.817, 140
Trd, 258792.967, 140
Trd, 258793.050, 140
Trd, 258793.333, 140
Trd, 258793.483, 139
Trd, 258793.550, 124
Trd, 258793.567, 123
Trd, 258793.650, 116
Trd, 258794.133, 124
Trd, 258794.200, 126
Trd, 258794.817, 121
Trd, 258794.967, 122
Trd, 258795.033, 118
Trd, 258795.150, 123
Trd, 258795.267, 109
Trd, 258795.333, 104
Trd, 258795.367, 98
Trd, 258795.467, 124
Trd, 258795.867, 125
Trd, 258796.383, 66
Trd, 258796.417, 82
Trd, 258796.483, 63
Trd, 258796.550, 126
Trd, 258796.600, 131
Trd, 258796.900, 126
Trd, 258796.917, 125
Trd, 258797.267, 135
Trd, 258797.400, 82
Trd, 258798.317, 61
Trd, 258798.600, 62
Trd, 258798.883, 62
Trd, 258798.950, 64
Trd, 258799.067, 64
Trd, 258799.183, 66
Trd, 258799.317, 64
Trd, 258799.367, 61
Trd, 258799.567, 64
Trd, 258799.883, 63
Trd, 258799.933, 96
Trd, 258800.467, 70
Trd, 258800.950, 69
Trd, 258801.067, 69
Trd, 258801.233, 68
Trd, 258801.350, 63
Trd, 258801.600, 65
Trd, 258801.650, 66
Trd, 258801.717, 81
Trd, 258801.783, 63
Trd, 258801.867, 64
Trd, 258802.100, 116
Trd, 258802.250, 65
Trd, 258802.467, 65
Trd, 258802.700, 127
Trd, 258803.050, 131
Trd, 258803.133, 112
Trd, 258803.333, 110
Trd, 258803.600, 97
Trd, 258803.617, 78
Trd, 258803.783, 98
Trd, 258804.150, 106
Trd, 258804.350, 132
Trd, 258805.017, 129
Trd, 258805.217, 132
Trd, 258805.733, 131
Trd, 258806.033, 136
Trd, 258806.300, 138
Trd, 258806.400, 125
Trd, 258806.750, 110
Trd, 258806.783, 108
Trd, 258807.133, 69
Trd, 258807.450, 101
Trd, 258807.767, 126
Trd, 258808.383, 114
Trd, 258808.667, 110
Trd, 258808.700, 114
Trd, 258808.767, 115
Trd, 258808.817, 116
Trd, 258808.867, 109
Trd, 258808.917, 108
Trd, 258809.100, 135
Trd, 258809.167, 116
Trd, 258809.317, 117
Trd, 258809.383, 107
Trd, 258809.667, 97
Trd, 258809.817, 114
Trd, 258810.317, 140
Trd, 258810.583, 140
Trd, 258810.700, 140
Trd, 258810.783, 140
Trd, 258811.483, 140
Trd, 258811.517, 140
Trd, 258811.650, 140
Trd, 258811.700, 138
Trd, 258811.900, 129
Trd, 258811.917, 125
Trd, 258812.017, 124
Trd, 258812.050, 124
Trd, 258812.267, 138
Trd, 258813.083, 140
Trd, 258813.100, 140
Trd, 258813.217, 140
Trd, 258813.267, 139
Trd, 258813.533, 139
Trd, 258813.700, 139
Trd, 258813.767, 138
Trd, 258813.850, 137
Trd, 258814.167, 137
Trd, 258814.283, 131
Trd, 258814.333, 140
Trd, 258814.500, 130
Trd, 258814.750, 118
Trd, 258814.933, 138
Trd, 258815.117, 113
Trd, 258815.483, 139
Trd, 258815.700, 139
Trd, 258815.750, 138
Trd, 258815.833, 130
Trd, 258816.083, 112
Trd, 258816.233, 122
Trd, 258816.250, 78
Trd, 258816.283, 137
Trd, 258816.417, 106
Trd, 258816.433, 99
Trd, 258816.700, 136
Trd, 258817.017, 119
Trd, 258817.317, 136
Trd, 258817.850, 112
Trd, 258817.983, 111
Trd, 258818.150, 110
Trd, 258818.433, 95
Trd, 258818.567, 89
Trd, 258818.717, 80
Trd, 258818.733, 129
Trd, 258818.850, 105
Trd, 258818.950, 65
Trd, 258820.233, 117
Trd, 258820.967, 111
Trd, 258821.000, 100
Trd, 258821.217, 98
Trd, 258821.417, 63
Trd, 258821.533, 63
Trd, 258821.550, 61
Trd, 258821.717, 63
Trd, 258822.233, 60
Trd, 258822.250, 60
Trd, 258822.267, 64
Trd, 258822.300, 67
Trd, 258822.550, 60
Trd, 258822.617, 60
Trd, 258822.683, 61
Trd, 258822.733, 63
Trd, 258822.983, 60
Trd, 258823.050, 61
Trd, 258823.183, 63
Trd, 258823.550, 114
Trd, 258823.583, 67
Trd, 258823.667, 81
Trd, 258823.733, 66
Trd, 258823.967, 126
Trd, 258824.683, 71
Trd, 258824.767, 70
Trd, 258824.783, 137
Trd, 258824.967, 69
Trd, 258825.000, 67
Trd, 258825.233, 64
Trd, 258825.550, 65
Trd, 258825.800, 122
Trd, 258826.017, 63
Trd, 258826.067, 64
Trd, 258826.417, 112
Trd, 258826.700, 92
Trd, 258826.967, 111
Trd, 258827.100, 118
Trd, 258827.417, 105
Trd, 258827.783, 117
Trd, 258827.867, 120
Trd, 258827.917, 122
Trd, 258828.117, 117
Trd, 258828.233, 133
Trd, 258828.400, 123
Trd, 258828.650, 140
Trd, 258829.067, 140
Trd, 258829.383, 140
Trd, 258829.700, 140
Trd, 258829.933, 140
Trd, 258830.050, 140
Trd, 258830.100, 140
Trd, 258830.400, 140
Trd, 258830.583, 140
Trd, 258830.767, 140
Trd, 258831.067, 140
Trd, 258831.133, 139
Trd, 258831.167, 138
Trd, 258831.450, 134
Trd, 258831.600, 140
Trd, 258832.233, 129
Trd, 258833.017, 131
Trd, 258833.067, 130
Trd, 258833.383, 128
Trd, 258833.583, 138
Trd, 258833.733, 138
Trd, 258834.033, 140
Trd, 258834.383, 137
Trd, 258834.650, 136
Trd, 258834.817, 136
Trd, 258834.933, 136
Trd, 258835.333, 135
Trd, 258835.517, 136
Trd, 258835.883, 133
Trd, 258835.950, 129
Trd, 258836.267, 117
Trd, 258836.433, 113
Trd, 258836.667, 131
Trd, 258836.733, 136
Trd, 258836.783, 99
Trd, 258836.933, 123
Trd, 258837.117, 98
Trd, 258837.200, 85
Trd, 258837.217, 84
Trd, 258837.450, 113
Trd, 258837.500, 140
Trd, 258837.667, 140
Trd, 258837.917, 114
Trd, 258837.967, 113
Trd, 258838.417, 131
Trd, 258838.517, 134
Trd, 258838.800, 100
Trd, 258838.850, 99
Trd, 258838.983, 68
Trd, 258839.117, 127
Trd, 258839.383, 85
Trd, 258839.550, 113
Trd, 258839.700, 72
Trd, 258840.083, 73
Trd, 258840.250, 116
Trd, 258840.267, 130
Trd, 258840.333, 140
Trd, 258840.400, 68
Trd, 258840.733, 115
Trd, 258840.750, 85
Trd, 258840.817, 71
Trd, 258841.300, 100
Trd, 258841.667, 111
Trd, 258842.083, 134
Trd, 258842.183, 135
Trd, 258842.950, 77
Trd, 258843.150, 89
Trd, 258843.283, 130
Trd, 258843.300, 76
Trd, 258843.383, 75
Trd, 258843.483, 131
Trd, 258843.717, 88
Trd, 258843.817, 86
Trd, 258843.917, 74
Trd, 258844.167, 63
Trd, 258844.183, 64
Trd, 258844.417, 89
Trd, 258844.983, 60
Trd, 258845.467, 60
Trd, 258845.650, 60
Trd, 258845.700, 60
Trd, 258845.733, 63
Trd, 258845.900, 60
Trd, 258845.933, 60
Trd, 258846.233, 60
Trd, 258846.417, 60
Trd, 258846.950, 60
Trd, 258847.283, 60
Trd, 258847.300, 61
Trd, 258847.333, 61
Trd, 258847.350, 63
Trd, 258847.683, 61
Trd, 258847.817, 61
Trd, 258847.967, 64
Trd, 258848.150, 62
Trd, 258848.283, 61
Trd, 258848.333, 62
Trd, 258848.383, 60
Trd, 258848.800, 62
Trd, 258849.367, 60
Trd, 258849.567, 61
Trd, 258849.683, 61
Trd, 258849.800, 61
Trd, 258849.950, 60
Trd, 258850.000, 62
Trd, 258850.167, 61
Trd, 258850.300, 62
Trd, 258850.633, 63
Trd, 258850.883, 64
Trd, 258851.167, 64
Trd, 258851.233, 68
Trd, 258851.400, 71
Trd, 258851.900, 66
Trd, 258852.550, 140
Trd, 258852.800, 140
Trd, 258853.333, 100
Trd, 258853.450, 99
Trd, 258853.750, 66
Trd, 258853.833, 73
Trd, 258854.033, 98
Trd, 258854.133, 85
Trd, 258854.150, 66
Trd, 258854.233, 100
Trd, 258854.533, 102
Trd, 258854.750, 85
Trd, 258854.850, 67
Trd, 258855.150, 99
Trd, 258855.417, 92
Trd, 258855.583, 67
Trd, 258855.600, 101
Trd, 258855.800, 67
Trd, 258855.933, 66
Trd, 258855.967, 62
Trd, 258856.567, 77
Trd, 258856.633, 78
Trd, 258856.867, 99
Trd, 258857.100, 60
Trd, 258857.167, 62
Trd, 258857.600, 60
Trd, 258857.767, 91
Trd, 258858.383, 65
Trd, 258858.417, 93
Trd, 258858.517, 63
Trd, 258858.583, 100
Trd, 258858.683, 68
Trd, 258858.783, 137
Trd, 258858.883, 66
Trd, 258859.133, 140
Trd, 258859.317, 140
Trd, 258859.350, 140
Trd, 258859.817, 114
Trd, 258859.917, 114
Trd, 258859.933, 113
Trd, 258860.000, 112
Trd, 258860.300, 116
Trd, 258860.383, 112
Trd, 258860.883, 140
Trd, 258861.550, 140
Trd, 258861.667, 119
Trd, 258862.133, 140
Trd, 258862.267, 140
Trd, 258862.417, 96
Trd, 258862.700, 68
Trd, 258862.883, 70
Trd, 258862.967, 66
Trd, 258863.517, 139
Trd, 258863.800, 140
Trd, 258864.150, 140
Trd, 258864.283, 138
Trd, 258864.400, 138
Trd, 258864.567, 122
Trd, 258864.683, 122
Trd, 258864.750, 121
Trd, 258864.917, 122
Trd, 258865.333, 119
Trd, 258865.567, 119
Trd, 258865.600, 120
Trd, 258865.833, 122
Trd, 258866.600, 135
Trd, 258866.667, 137
Trd, 258866.800, 132
Trd, 258866.883, 139
Trd, 258866.917, 131
Trd, 258867.450, 133
Trd, 258867.700, 132
Trd, 258868.017, 133
Trd, 258868.267, 120
Trd, 258868.400, 132
Trd, 258868.417, 134
Trd, 258868.683, 114
Trd, 258868.850, 136
Trd, 258868.900, 113
Trd, 258869.117, 105
Trd, 258869.150, 138
Trd, 258869.217, 104
Trd, 258869.367, 112
Trd, 258869.450, 138
Trd, 258869.550, 139
Trd, 258870.033, 112
Trd, 258870.450, 101
Trd, 258870.500, 100
Trd, 258870.667, 109
Trd, 258870.717, 96
Trd, 258870.767, 88
Trd, 258871.450, 103
Trd, 258871.983, 76
Trd, 258872.117, 120
Trd, 258872.150, 77
Trd, 258872.317, 96
Trd, 258872.617, 119
Trd, 258872.633, 121
Trd, 258872.750, 129
Trd, 258872.833, 80
Trd, 258872.933, 75
Trd, 258872.967, 71
Trd, 258873.517, 68
Trd, 258873.817, 69
Trd, 258873.933, 127
Trd, 258874.083, 85
Trd, 258874.200, 128
Trd, 258874.700, 135
Trd, 258875.100, 139
Trd, 258875.117, 140
Trd, 258875.383, 140
Trd, 258875.617, 140
Trd, 258875.933, 139
Trd, 258876.167, 140
Trd, 258876.533, 140
Trd, 258876.717, 140
Trd, 258876.783, 140
Trd, 258876.983, 139
Trd, 258877.033, 139
Trd, 258877.117, 125
Trd, 258877.183, 105
Trd, 258877.233, 96
Trd, 258877.350, 93
Trd, 258877.833, 137
Trd, 258878.000, 135
Trd, 258878.333, 139
Trd, 258878.517, 120
Trd, 258878.717, 121
Trd, 258878.817, 137
Trd, 258878.917, 135
Trd, 258879.033, 125
Trd, 258879.133, 121
Trd, 258879.250, 137
Trd, 258879.367, 126
Trd, 258879.517, 125
Trd, 258879.533, 120
Trd, 258879.750, 117
Trd, 258880.567, 129
Trd, 258880.633, 128
Trd, 258880.667, 119
Trd, 258880.967, 132
Trd, 258881.300, 116
Trd, 258881.950, 115
Trd, 258882.367, 120
Trd, 258882.550, 89
Trd, 258882.700, 90
Trd, 258882.767, 119
Trd, 258883.017, 140
Trd, 258883.033, 82
Trd, 258883.400, 140
Trd, 258883.450, 140
Trd, 258883.983, 140
Trd, 258884.033, 140
Trd, 258884.383, 140
Trd, 258884.600, 140
Trd, 258884.833, 140
Trd, 258885.067, 140
Trd, 258885.150, 140
Trd, 258885.233, 120
Trd, 258885.383, 130
Trd, 258885.400, 112
Trd, 258885.467, 101
Trd, 258885.700, 91
Trd, 258885.717, 90
Trd, 258885.917, 75
Trd, 258886.300, 113
Trd, 258886.317, 116
Trd, 258886.517, 136
Trd, 258886.667, 139
Trd, 258887.000, 105
Trd, 258887.150, 94
Trd, 258887.333, 74
Trd, 258887.467, 132
Trd, 258887.717, 78
Trd, 258888.033, 105
Trd, 258888.650, 126
Trd, 258888.767, 113
Trd, 258889.017, 123
Trd, 258889.333, 119
Trd, 258889.550, 119
Trd, 258889.583, 120
Trd, 258889.600, 115
Trd, 258889.700, 121
Trd, 258889.750, 122
Trd, 258890.167, 116
Trd, 258890.383, 117
Trd, 258890.617, 116
Trd, 258890.633, 99
Trd, 258891.167, 124
Trd, 258891.183, 122
Trd, 258891.317, 124
Trd, 258891.717, 109
Trd, 258891.833, 108
Trd, 258892.033, 125
Trd, 258892.117, 100
Trd, 258892.300, 81
Trd, 258892.467, 113
Trd, 258892.700, 60
Trd, 258892.750, 61
Trd, 258892.767, 62
Trd, 258893.100, 62
Trd, 258893.200, 64
Trd, 258893.250, 66
Trd, 258893.650, 60
Trd, 258893.667, 71
Trd, 258894.167, 61
Trd, 258894.367, 63
Trd, 258894.567, 60
Trd, 258895.050, 62
Trd, 258895.250, 63
Trd, 258895.517, 63
Trd, 258895.667, 64
Trd, 258895.683, 66
Trd, 258896.017, 72
Trd, 258896.100, 73
Trd, 258896.417, 140
Trd, 258896.483, 140
Trd, 258896.550, 139
Trd, 258896.767, 92
Trd, 258897.083, 118
Trd, 258897.517, 125
Trd, 258897.800, 107
Trd, 258897.833, 106
Trd, 258898.450, 124
Trd, 258898.700, 130
Trd, 258898.967, 125
Trd, 258899.717, 129
Trd, 258899.733, 127
Trd, 258899.817, 132
Trd, 258900.033, 139
Trd, 258900.217, 138
Trd, 258900.233, 126
Trd, 258901.117, 130
Trd, 258901.333, 131
Trd, 258901.350, 126
Trd, 258901.383, 125
Trd, 258901.433, 109
Trd, 258901.583, 108
Trd, 258901.750, 129
Trd, 258902.183, 123
Trd, 258902.367, 125
Trd, 258902.550, 124
Trd, 258902.600, 86
Trd, 258903.017, 122
Trd, 258903.067, 126
Trd, 258903.517, 119
Trd, 258903.667, 118
Trd, 258903.917, 117
Trd, 258903.967, 102
Trd, 258904.100, 90
Trd, 258904.383, 96
Trd, 258904.600, 90
Trd, 258904.617, 105
Trd, 258904.717, 90
Trd, 258905.217, 107
Trd, 258905.400, 100
Trd, 258905.550, 89
Trd, 258905.917, 68
Trd, 258905.983, 69
Trd, 258906.217, 60
Trd, 258906.350, 60
Trd, 258906.650, 60
Trd, 258907.017, 60
Trd, 258907.100, 60
Trd, 258907.183, 60
Trd, 258907.217, 62
Trd, 258907.417, 60
Trd, 258907.817, 140
Trd, 258908.250, 140
Trd, 258908.367, 140
Trd, 258908.767, 140
Trd, 258909.100, 140
Trd, 258909.450, 140
Trd, 258909.650, 140
Trd, 258909.867, 140
Trd, 258909.983, 140
Trd, 258910.133, 139
Trd, 258910.883, 140
Trd, 258911.183, 140
Trd, 258911.550, 140
Trd, 258912.417, 140
Trd, 258912.483, 140
Trd, 258912.600, 140
Trd, 258912.683, 140
Trd, 258912.717, 135
Trd, 258912.733, 134
Trd, 258912.833, 128
Trd, 258913.067, 123
Trd, 258913.400, 136
Trd, 258913.833, 130
Trd, 258913.950, 129
Trd, 258914.067, 118
Trd, 258914.317, 127
Trd, 258914.350, 130
Trd, 258914.450, 127
Trd, 258914.517, 130
Trd, 258914.583, 115
Trd, 258914.850, 122
Trd, 258914.967, 127
Trd, 258915.050, 117
Trd, 258915.083, 117
Trd, 258915.383, 116
Trd, 258915.750, 116
Trd, 258915.767, 122
Trd, 258916.017, 106
Trd, 258916.050, 123
Trd, 258916.367, 118
Trd, 258916.400, 101
Trd, 258916.533, 97
Trd, 258916.667, 101
Trd, 258916.700, 121
Trd, 258917.267, 93
Trd, 258917.783, 122
Trd, 258917.833, 125
Trd, 258917.950, 122
Trd, 258918.600, 140
Trd, 258919.150, 140
Trd, 258919.250, 140
Trd, 258919.500, 140
Trd, 258920.050, 140
Trd, 258920.433, 140
Trd, 258920.533, 140
Trd, 258920.583, 140
Trd, 258920.733, 140
Trd, 258920.767, 139
Trd, 258920.817, 136
Trd, 258921.100, 140
Trd, 258921.267, 137
Trd, 258921.433, 130
Trd, 258921.483, 125
Trd, 258921.600, 122
Trd, 258922.100, 134
Trd, 258922.167, 133
Trd, 258922.567, 127
Trd, 258922.850, 122
Trd, 258922.900, 124
Trd, 258923.383, 117
Trd, 258923.450, 120
Trd, 258923.633, 120
Trd, 258923.700, 117
Trd, 258923.817, 121
Trd, 258924.067, 118
Trd, 258924.183, 118
Trd, 258924.283, 117
Trd, 258924.317, 107
Trd, 258924.717, 70
Trd, 258925.300, 60
Trd, 258925.500, 61
Trd, 258925.583, 61
Trd, 258925.617, 66
Trd, 258925.750, 71
Trd, 258925.883, 72
Trd, 258925.983, 101
Trd, 258926.250, 102
Trd, 258926.283, 91
Trd, 258926.417, 140
Trd, 258927.300, 137
Trd, 258927.367, 129
Trd, 258927.417, 127
Trd, 258927.450, 120
Trd, 258927.967, 132
Trd, 258928.017, 132
Trd, 258928.217, 118
Trd, 258929.117, 140
Trd, 258929.483, 140
Trd, 258929.600, 140
Trd, 258929.767, 140
Trd, 258929.850, 140
Trd, 258929.917, 140
Trd, 258930.083, 139
Trd, 258930.200, 136
Trd, 258930.583, 135
Trd, 258930.867, 126
Trd, 258931.117, 116
Trd, 258931.267, 134
Trd, 258932.467, 127
Trd, 258932.517, 125
Trd, 258932.567, 123
Trd, 258932.667, 125
Trd, 258932.700, 121
Trd, 258932.867, 124
Trd, 258933.167, 113
Trd, 258933.200, 125
Trd, 258933.250, 100
Trd, 258933.333, 126
Trd, 258933.950, 127
Trd, 258934.200, 137
Trd, 258934.250, 137
Trd, 258934.767, 135
Trd, 258934.817, 116
Trd, 258934.950, 115
Trd, 258935.083, 131
Trd, 258935.150, 132
Trd, 258935.300, 113
Trd, 258935.333, 99
Trd, 258935.400, 128
Trd, 258935.550, 99
Trd, 258935.617, 98
Trd, 258935.750, 129
Trd, 258936.000, 115
Trd, 258936.133, 103
Trd, 258936.150, 102
Trd, 258936.167, 86
Trd, 258936.967, 125
Trd, 258937.217, 140
Trd, 258937.583, 140
Trd, 258937.883, 139
Trd, 258937.950, 133
Trd, 258938.200, 125
Trd, 258938.433, 136
Trd, 258938.517, 125
Trd, 258938.667, 108
Trd, 258938.783, 96
Trd, 258938.817, 95
Trd, 258938.900, 129
Trd, 258939.500, 126
Trd, 258939.583, 83
Trd, 258939.700, 83
Trd, 258940.483, 101
Trd, 258940.733, 105
Trd, 258941.000, 114
Trd, 258941.117, 98
Trd, 258941.133, 100
Trd, 258941.233, 77
Trd, 258941.883, 73
Trd, 258942.267, 106
Trd, 258942.283, 79
Trd, 258942.317, 107
Trd, 258942.533, 74
Trd, 258942.633, 67
Trd, 258942.650, 66
Trd, 258942.717, 102
Trd, 258942.850, 105
Trd, 258942.867, 65
Trd, 258942.983, 104
Trd, 258943.417, 60
Trd, 258943.517, 60
Trd, 258943.717, 104
Trd, 258943.733, 106
Trd, 258943.850, 68
Trd, 258944.850, 134
Trd, 258944.950, 116
Trd, 258944.967, 115
Trd, 258945.400, 140
Trd, 258945.417, 140
Trd, 258945.833, 139
Trd, 258945.917, 138
Trd, 258946.550, 137
Trd, 258947.350, 139
Trd, 258947.600, 139
Trd, 258947.650, 138
Trd, 258947.833, 135
Trd, 258947.850, 134
Trd, 258947.950, 133
Trd, 258947.967, 128
Trd, 258948.100, 140
Trd, 258948.317, 140
Trd, 258948.433, 123
Trd, 258948.533, 120
Trd, 258948.583, 107
Trd, 258948.933, 140
Trd, 258949.133, 140
Trd, 258949.150, 122
Trd, 258949.783, 137
Trd, 258949.967, 136
Trd, 258950.133, 136
Trd, 258950.167, 139
Trd, 258950.567, 135
Trd, 258950.583, 131
Trd, 258951.100, 129
Trd, 258951.317, 121
Trd, 258951.500, 113
Trd, 258951.967, 127
Trd, 258952.167, 129
Trd, 258952.350, 114
Trd, 258952.600, 113
Trd, 258952.733, 123
Trd, 258953.283, 120
Trd, 258953.417, 123
Trd, 258953.483, 99
Trd, 258953.500, 91
Trd, 258953.550, 122
Trd, 258954.050, 88
Trd, 258954.400, 98
Trd, 258954.433, 112
Trd, 258954.550, 113
Trd, 258954.617, 89
Trd, 258955.133, 112
Trd, 258955.250, 90
Trd, 258955.333, 101
Trd, 258955.567, 103
Trd, 258956.183, 112
Trd, 258956.350, 102
Trd, 258956.650, 93
Trd, 258956.717, 92
Trd, 258956.767, 110
Trd, 258956.817, 111
Trd, 258956.967, 114
Trd, 258956.983, 77
Trd, 258957.017, 134
Trd, 258957.083, 76
Trd, 258957.300, 78
Trd, 258957.400, 76
Trd, 258957.583, 91
Trd, 258958.183, 138
Trd, 258958.233, 130
Trd, 258958.517, 112
Trd, 258958.850, 125
Trd, 258958.867, 124
Trd, 258959.267, 101
Trd, 258959.417, 140
Trd, 258959.767, 140
Trd, 258959.883, 139
Trd, 258960.033, 137
Trd, 258960.150, 137
Trd, 258960.200, 136
Trd, 258960.250, 140
Trd, 258960.333, 117
Trd, 258960.400, 93
Trd, 258960.667, 134
Trd, 258960.850, 134
Trd, 258961.000, 133
Trd, 258961.350, 140
Trd, 258962.200, 140
Trd, 258962.483, 140
Trd, 258962.733, 140
Trd, 258962.750, 140
Trd, 258962.783, 140
Trd, 258962.833, 140
Trd, 258962.867, 140
Trd, 258963.400, 135
Trd, 258963.500, 132
Trd, 258963.683, 138
Trd, 258963.717, 118
Trd, 258963.883, 138
Trd, 258963.950, 140
Trd, 258964.550, 123
Trd, 258964.633, 120
Trd, 258964.667, 109
Trd, 258964.800, 133
Trd, 258965.000, 90
Trd, 258965.517, 78
Trd, 258965.617, 66
Trd, 258966.333, 134
Trd, 258966.700, 130
Trd, 258966.867, 82
Trd, 258967.100, 122
Trd, 258967.367, 117
Trd, 258967.750, 129
Trd, 258967.783, 126
Trd, 258967.867, 126
Trd, 258968.200, 130
Trd, 258968.250, 131
Trd, 258968.517, 140
Trd, 258968.733, 138
Trd, 258969.067, 122
Trd, 258969.550, 135
Trd, 258969.633, 126
Trd, 258969.717, 123
Trd, 258969.850, 120
Trd, 258969.933, 108
Trd, 258970.117, 126
Trd, 258970.183, 103
Trd, 258970.400, 127
Trd, 258970.667, 92
Trd, 258970.850, 93
Trd, 258970.950, 92
Trd, 258970.967, 126
Trd, 258971.183, 128
Trd, 258971.400, 96
Trd, 258971.450, 118
Trd, 258971.633, 131
Trd, 258971.700, 96
Trd, 258972.133, 98
Trd, 258972.150, 98
Trd, 258972.267, 71
Trd, 258972.550, 71
Trd, 258972.600, 69
Trd, 258972.650, 77
Trd, 258972.717, 77
Trd, 258972.933, 124
Trd, 258973.167, 63
Trd, 258973.483, 67
Trd, 258973.533, 68
Trd, 258973.733, 129
Trd, 258973.800, 113
Trd, 258974.067, 128
Trd, 258974.350, 129
Trd, 258974.817, 140
Trd, 258975.350, 140
Trd, 258975.383, 140
Trd, 258975.750, 140
Trd, 258975.917, 140
Trd, 258975.950, 140
Trd, 258975.983, 140
Trd, 258976.050, 140
Trd, 258976.200, 134
Trd, 258976.633, 140
Trd, 258976.867, 138
Trd, 258977.650, 139
Trd, 258977.917, 136
Trd, 258978.183, 125
Trd, 258978.450, 124
Trd, 258978.567, 120
Trd, 258979.167, 130
Trd, 258979.317, 129
Trd, 258979.567, 127
Trd, 258979.850, 140
Trd, 258979.867, 139
Trd, 258980.100, 140
Trd, 258980.517, 140
Trd, 258980.583, 140
Trd, 258980.800, 136
Trd, 258980.917, 133
Trd, 258980.933, 125
Trd, 258981.250, 133
Trd, 258981.333, 133
Trd, 258981.433, 134
Trd, 258981.667, 132
Trd, 258981.767, 131
Trd, 258981.917, 132
Trd, 258981.933, 135
Trd, 258982.233, 131
Trd, 258982.500, 130
Trd, 258982.783, 116
Trd, 258982.933, 115
Trd, 258982.950, 103
Trd, 258983.033, 126
Trd, 258983.533, 121
Trd, 258983.550, 117
Trd, 258983.917, 127
Trd, 258984.267, 114
Trd, 258984.600, 116
Trd, 258984.717, 117
Trd, 258984.783, 115
Trd, 258984.800, 114
Trd, 258984.817, 113
Trd, 258984.850, 125
Trd, 258984.917, 112
Trd, 258985.333, 102
Trd, 258985.433, 81
Trd, 258985.683, 62
Trd, 258986.133, 65
Trd, 258986.167, 66
Trd, 258986.233, 75
Trd, 258986.400, 62
Trd, 258986.567, 75
Trd, 258987.017, 65
Trd, 258987.217, 139
Trd, 258988.067, 140
Trd, 258988.433, 140
Trd, 258988.767, 140
Trd, 258989.050, 124
Trd, 258989.583, 130
Trd, 258989.750, 123
Trd, 258989.883, 126
Trd, 258989.933, 123
Trd, 258990.117, 128
Trd, 258990.383, 130
Trd, 258990.467, 130
Trd, 258990.650, 131
Trd, 258990.683, 130
Trd, 258990.933, 124
Trd, 258990.950, 129
Trd, 258990.983, 116
Trd, 258991.000, 130
Trd, 258991.017, 111
Trd, 258991.367, 109
Trd, 258991.417, 130
Trd, 258991.550, 109
Trd, 258991.633, 94
Trd, 258992.133, 60
Trd, 258992.267, 119
Trd, 258992.533, 132
Trd, 258992.650, 111
Trd, 258993.167, 134
Trd, 258993.200, 134
Trd, 258993.350, 134
Trd, 258993.550, 135
Trd, 258993.883, 140
Trd, 258993.933, 140
Trd, 258993.950, 138
Trd, 258993.983, 128
Trd, 258994.467, 127
Trd, 258994.583, 140
Trd, 258994.833, 139
Trd, 258995.000, 126
Trd, 258995.383, 139
Trd, 258995.667, 140
Trd, 258995.817, 140
Trd, 258996.467, 140
Trd, 258997.117, 140
Trd, 258997.433, 140
Trd, 258997.450, 139
Trd, 258997.600, 135
Trd, 258997.733, 132
Trd, 258997.917, 129
Trd, 258998.067, 125
Trd, 258998.133, 124
Trd, 258998.650, 139
Trd, 258998.717, 134
Trd, 258998.733, 124
Trd, 258999.600, 140
Trd, 259000.217, 140
Trd, 259000.600, 140
Trd, 259000.817, 140
Trd, 259000.967, 140
Trd, 259001.000, 140
Trd, 259001.033, 140
Trd, 259001.100, 140
Trd, 259001.150, 139
Trd, 259001.983, 139
Trd, 259002.000, 138
Trd, 259002.017, 138
Trd, 259002.217, 139
Trd, 259002.400, 138
Trd, 259002.517, 135
Trd, 259002.533, 140
Trd, 259002.633, 139
Trd, 259002.683, 126
Trd, 259002.783, 124
Trd, 259002.967, 120
Trd, 259003.383, 131
Trd, 259003.483, 131
Trd, 259003.617, 131
Trd, 259003.650, 109
Trd, 259003.767, 101
Trd, 259003.850, 132
Trd, 259004.200, 131
Trd, 259004.467, 130
Trd, 259004.517, 98
Trd, 259004.800, 78
Trd, 259004.933, 64
Trd, 259005.150, 65
Trd, 259005.233, 90
Trd, 259005.600, 71
Trd, 259005.733, 66
Trd, 259005.750, 70
Trd, 259005.883, 71
Trd, 259006.383, 61
Trd, 259006.400, 62
Trd, 259006.450, 129
Trd, 259006.617, 64
Trd, 259006.950, 98
Trd, 259007.233, 98
Trd, 259007.250, 97
Trd, 259007.617, 96
Trd, 259007.900, 108
Trd, 259008.000, 108
Trd, 259008.083, 109
Trd, 259008.167, 112
Trd, 259008.183, 99
Trd, 259008.333, 84
Trd, 259008.483, 136
Trd, 259009.300, 139
Trd, 259009.500, 139
Trd, 259009.700, 138
Trd, 259009.783, 135
Trd, 259009.800, 134
Trd, 259009.833, 123
Trd, 259010.150, 139
Trd, 259010.333, 121
Trd, 259010.617, 115
Trd, 259011.017, 135
Trd, 259011.117, 135
Trd, 259011.650, 103
Trd, 259011.667, 102
Trd, 259011.883, 102
Trd, 259012.333, 116
Trd, 259012.450, 100
Trd, 259012.483, 117
Trd, 259012.517, 118
Trd, 259012.650, 133
Trd, 259012.783, 94
Trd, 259013.017, 91
Trd, 259013.317, 83
Trd, 259013.717, 119
Trd, 259013.733, 108
Trd, 259013.750, 120
Trd, 259013.933, 102
Trd, 259013.983, 101
Trd, 259014.783, 140
Trd, 259014.833, 140
Trd, 259014.950, 140
Trd, 259014.983, 140
Trd, 259015.100, 105
Trd, 259015.950, 125
Trd, 259016.117, 108
Trd, 259016.200, 83
Trd, 259016.383, 82
Trd, 259016.683, 126
Trd, 259017.167, 121
Trd, 259017.183, 120
Trd, 259017.217, 119
Trd, 259017.617, 136
Trd, 259017.633, 133
Trd, 259017.700, 123
Trd, 259017.983, 123
Trd, 259018.233, 134
Trd, 259018.483, 121
Trd, 259018.700, 120
Trd, 259019.033, 119
Trd, 259019.067, 132
Trd, 259019.200, 117
Trd, 259019.233, 116
Trd, 259019.417, 126
Trd, 259019.567, 102
Trd, 259019.767, 92
Trd, 259019.850, 92
Trd, 259019.867, 125
Trd, 259020.167, 108
Trd, 259020.383, 125
Trd, 259020.650, 125
Trd, 259020.850, 120
Trd, 259021.150, 110
Trd, 259021.267, 124
Trd, 259021.333, 106
Trd, 259021.367, 120
Trd, 259021.517, 106
Trd, 259021.667, 105
Trd, 259021.817, 104
Trd, 259021.850, 83
Trd, 259022.233, 73
Trd, 259022.250, 117
Trd, 259022.367, 120
Trd, 259022.833, 130
Trd, 259022.933, 73
Trd, 259022.983, 60
Trd, 259023.383, 60
Trd, 259023.400, 64
Trd, 259024.050, 68
Trd, 259024.250, 70
Trd, 259024.667, 92
Trd, 259024.750, 94
Trd, 259024.783, 96
Trd, 259024.800, 97
Trd, 259025.000, 139
Trd, 259026.250, 140
Trd, 259026.350, 140
Trd, 259026.517, 140
Trd, 259026.783, 140
Trd, 259026.817, 140
Trd, 259026.917, 140
Trd, 259026.967, 137
Trd, 259027.783, 140
Trd, 259027.983, 140
Trd, 259028.283, 137
Trd, 259028.300, 137
Trd, 259028.567, 140
Trd, 259028.600, 140
Trd, 259029.233, 139
Trd, 259029.417, 139
Trd, 259029.783, 140
Trd, 259029.817, 139
Trd, 259030.000, 139
Trd, 259030.017, 137
Trd, 259030.600, 140
Trd, 259030.800, 106
Trd, 259030.933, 106
Trd, 259031.017, 105
Trd, 259031.483, 128
Trd, 259031.567, 128
Trd, 259031.583, 129
Trd, 259031.700, 132
Trd, 259031.717, 105
Trd, 259031.850, 103
Trd, 259031.983, 98
Trd, 259032.000, 97
Trd, 259032.067, 91
Trd, 259032.133, 70
Trd, 259032.933, 61
Trd, 259033.017, 61
Trd, 259033.033, 62
Trd, 259033.150, 60
Trd, 259033.200, 60
Trd, 259033.283, 69
Trd, 259033.300, 88
Trd, 259033.800, 89
Trd, 259034.500, 75
Trd, 259034.950, 124
Trd, 259035.000, 110
Trd, 259035.117, 111
Trd, 259035.367, 111
Trd, 259035.383, 125
Trd, 259035.617, 123
Trd, 259035.933, 114
Trd, 259037.017, 140
Trd, 259037.783, 140
Trd, 259037.933, 140
Trd, 259038.033, 140
Trd, 259038.167, 140
Trd, 259038.500, 140
Trd, 259038.533, 140
Trd, 259038.850, 140
Trd, 259038.967, 140
Trd, 259039.133, 139
Trd, 259039.733, 140
Trd, 259040.050, 140
Trd, 259040.133, 140
Trd, 259040.250, 139
Trd, 259040.667, 140
Trd, 259040.900, 139
Trd, 259040.917, 139
Trd, 259041.167, 129
Trd, 259041.183, 127
Trd, 259041.300, 138
Trd, 259041.417, 126
Trd, 259041.533, 124
Trd, 259041.683, 132
Trd, 259041.717, 136
Trd, 259041.783, 136
Trd, 259042.200, 134
Trd, 259042.350, 135
Trd, 259042.850, 135
Trd, 259042.933, 134
Trd, 259043.083, 134
Trd, 259043.333, 128
Trd, 259043.400, 126
Trd, 259043.417, 135
Trd, 259043.500, 136
Trd, 259043.817, 139
Trd, 259043.850, 138
Trd, 259044.150, 106
Trd, 259044.650, 128
Trd, 259044.683, 104
Trd, 259044.967, 128
Trd, 259045.050, 91
Trd, 259045.117, 90
Trd, 259045.383, 75
Trd, 259045.817, 139
Trd, 259045.917, 86
Trd, 259046.183, 81
Trd, 259046.850, 115
Trd, 259046.983, 100
Trd, 259047.050, 84
Trd, 259047.167, 79
Trd, 259047.567, 60
Trd, 259047.733, 60
Trd, 259048.017, 60
Trd, 259048.483, 60
Trd, 259048.683, 60
Trd, 259048.750, 60
Trd, 259048.800, 60
Trd, 259048.967, 61
Trd, 259048.983, 60
Trd, 259049.083, 61
Trd, 259049.183, 119
Trd, 259049.850, 63
Trd, 259049.883, 62
Trd, 259049.950, 64
Trd, 259050.100, 64
Trd, 259050.117, 65
Trd, 259050.383, 63
Trd, 259050.517, 64
Trd, 259050.717, 100
Trd, 259050.733, 99
Trd, 259051.067, 140
Trd, 259051.383, 140
Trd, 259051.900, 140
Trd, 259052.033, 140
Trd, 259052.383, 140
Trd, 259052.950, 140
Trd, 259053.050, 140
Trd, 259053.333, 140
Trd, 259053.483, 140
Trd, 259053.617, 140
Trd, 259053.717, 120
Trd, 259054.200, 138
Trd, 259054.650, 137
Trd, 259054.850, 121
Trd, 259054.917, 119
Trd, 259055.067, 138
Trd, 259055.283, 125
Trd, 259055.450, 97
Trd, 259055.467, 96
Trd, 259055.800, 140
Trd, 259056.300, 133
Trd, 259056.317, 123
Trd, 259056.617, 110
Trd, 259056.683, 127
Trd, 259057.383, 124
Trd, 259057.533, 112
Trd, 259057.583, 112
Trd, 259057.683, 123
Trd, 259057.817, 112
Trd, 259057.917, 123
Trd, 259058.317, 112
Trd, 259058.367, 110
Trd, 259058.450, 108
Trd, 259058.567, 100
Trd, 259058.650, 99
Trd, 259058.767, 102
Trd, 259059.050, 78
Trd, 259059.300, 78
Trd, 259059.367, 78
Trd, 259059.683, 119
Trd, 259059.783, 119
Trd, 259059.833, 120
Trd, 259059.950, 109
Trd, 259060.083, 122
Trd, 259060.117, 115
Trd, 259060.167, 86
Trd, 259060.250, 84
Trd, 259060.467, 70
Trd, 259060.517, 65
Trd, 259060.833, 105
Trd, 259061.683, 140
Trd, 259062.617, 140
Trd, 259062.817, 140
Trd, 259062.917, 140
Trd, 259063.450, 140
Trd, 259063.550, 140
Trd, 259064.417, 140
Trd, 259064.583, 140
Trd, 259064.733, 140
Trd, 259064.850, 140
Trd, 259064.917, 140
Trd, 259065.267, 140
Trd, 259065.300, 140
Trd, 259065.433, 139
Trd, 259065.550, 138
Trd, 259065.567, 138
Trd, 259065.700, 137
Trd, 259065.933, 126
Trd, 259066.417, 124
Trd, 259066.433, 123
Trd, 259066.567, 120
Trd, 259066.683, 129
Trd, 259066.850, 127
Trd, 259066.933, 127
Trd, 259067.167, 128
Trd, 259067.183, 125
Trd, 259067.283, 124
Trd, 259067.417, 120
Trd, 259067.583, 119
Trd, 259067.733, 124
Trd, 259067.900, 115
Trd, 259068.233, 127
Trd, 259068.267, 102
Trd, 259068.733, 140
Trd, 259069.033, 140
Trd, 259069.117, 117
Trd, 259069.900, 137
Trd, 259069.917, 117
Trd, 259070.350, 140
Trd, 259070.400, 140
Trd, 259070.500, 140
Trd, 259070.633, 140
Trd, 259070.900, 140
Trd, 259070.917, 140
Trd, 259070.983, 139
Trd, 259071.383, 121
Trd, 259071.783, 139
Trd, 259071.933, 137
Trd, 259072.400, 138
Trd, 259072.417, 138
Trd, 259072.883, 136
Trd, 259072.917, 137
Trd, 259073.033, 120
Trd, 259073.067, 112
Trd, 259073.350, 111
Trd, 259073.600, 124
Trd, 259073.667, 137
Trd, 259073.733, 125
Trd, 259073.767, 124
Trd, 259074.083, 138
Trd, 259074.233, 124
Trd, 259074.250, 123
Trd, 259074.367, 139
Trd, 259075.683, 118
Trd, 259075.883, 119
Trd, 259075.950, 118
Trd, 259076.400, 126
Trd, 259076.633, 131
Trd, 259076.700, 133
Trd, 259076.783, 134
Trd, 259076.900, 122
Trd, 259077.000, 133
Trd, 259077.433, 98
Trd, 259077.567, 97
Trd, 259077.583, 133
Trd, 259077.933, 122
Trd, 259078.050, 134
Trd, 259078.100, 121
Trd, 259078.467, 109
Trd, 259078.483, 108
Trd, 259078.583, 139
Trd, 259078.933, 138
Trd, 259078.967, 135
Trd, 259079.217, 119
Trd, 259079.750, 135
Trd, 259079.817, 134
Trd, 259079.933, 132
Trd, 259080.083, 120
Trd, 259080.317, 119
Trd, 259080.800, 132
Trd, 259080.867, 113
Trd, 259081.150, 114
Trd, 259081.233, 130
Trd, 259081.383, 114
Trd, 259082.400, 118
Trd, 259082.450, 97
Trd, 259082.983, 118
Trd, 259083.050, 115
Trd, 259083.233, 90
Trd, 259083.550, 97
Trd, 259083.833, 114
Trd, 259083.900, 115
Trd, 259084.083, 100
Trd, 259084.150, 114
Trd, 259084.167, 85
Trd, 259084.267, 115
Trd, 259084.300, 82
Trd, 259084.317, 79
Trd, 259085.417, 104
Trd, 259085.883, 114
Trd, 259086.000, 132
Trd, 259086.117, 114
Trd, 259086.683, 128
Trd, 259086.700, 133
Trd, 259086.750, 134
Trd, 259087.200, 133
Trd, 259087.617, 138
Trd, 259087.750, 137
Trd, 259087.917, 134
Trd, 259088.050, 134
Trd, 259088.117, 133
Trd, 259088.300, 135
Trd, 259088.367, 136
Trd, 259089.267, 140
Trd, 259089.350, 140
Trd, 259089.367, 140
Trd, 259089.617, 137
Trd, 259089.800, 139
Trd, 259089.867, 138
Trd, 259090.100, 137
Trd, 259090.633, 140
Trd, 259090.800, 136
Trd, 259090.983, 138
Trd, 259091.267, 135
Trd, 259091.283, 118
Trd, 259091.933, 131
Trd, 259092.350, 121
Trd, 259092.517, 118
Trd, 259092.533, 124
Trd, 259092.617, 109
Trd, 259093.083, 107
Trd, 259093.200, 122
Trd, 259093.267, 126
Trd, 259093.467, 132
Trd, 259093.650, 109
Trd, 259093.733, 107
Trd, 259094.017, 128
Trd, 259094.100, 131
Trd, 259094.283, 131
Trd, 259094.733, 140
Trd, 259094.917, 140
Trd, 259094.950, 137
Trd, 259095.083, 121
Trd, 259095.200, 108
Trd, 259095.883, 140
Trd, 259096.083, 140
Trd, 259096.250, 140
Trd, 259096.267, 140
Trd, 259096.417, 140
Trd, 259096.550, 128
Trd, 259096.700, 139
Trd, 259096.817, 140
Trd, 259096.900, 140
Trd, 259096.917, 139
Trd, 259097.133, 134
Trd, 259097.400, 112
Trd, 259097.433, 127
Trd, 259097.583, 105
Trd, 259097.600, 139
Trd, 259097.817, 115
Trd, 259097.833, 111
Trd, 259097.900, 131
Trd, 259097.917, 109
Trd, 259098.183, 136
Trd, 259098.950, 137
Trd, 259099.283, 140
Trd, 259099.333, 129
Trd, 259099.583, 122
Trd, 259099.833, 122
Trd, 259100.083, 109
Trd, 259100.667, 127
Trd, 259100.783, 126
Trd, 259101.050, 136
Trd, 259101.300, 122
Trd, 259101.383, 123
Trd, 259101.450, 122
Trd, 259101.550, 105
Trd, 259101.700, 133
Trd, 259101.883, 105
Trd, 259101.967, 133
Trd, 259102.033, 104
Trd, 259102.650, 131
Trd, 259102.700, 132
Trd, 259102.750, 115
Trd, 259102.767, 112
Trd, 259102.783, 133
Trd, 259103.033, 134
Trd, 259103.100, 95
Trd, 259103.250, 111
Trd, 259103.700, 130
Trd, 259104.133, 140
Trd, 259104.300, 135
Trd, 259104.383, 131
Trd, 259104.667, 140
Trd, 259104.933, 140
Trd, 259105.117, 140
Trd, 259105.183, 140
Trd, 259105.367, 130
Trd, 259106.067, 131
Trd, 259106.717, 138
Trd, 259106.883, 135
Trd, 259106.983, 133
Trd, 259107.217, 131
Trd, 259107.367, 132
Trd, 259107.900, 132
Trd, 259108.000, 131
Trd, 259108.017, 130
Trd, 259108.600, 130
Trd, 259108.667, 131
Trd, 259108.817, 132
Trd, 259108.967, 129
Trd, 259109.350, 128
Trd, 259109.450, 128
Trd, 259109.500, 114
Trd, 259109.567, 130
Trd, 259109.900, 114
Trd, 259109.983, 93
Trd, 259110.050, 114
Trd, 259110.100, 68
Trd, 259110.117, 130
Trd, 259110.883, 60
Trd, 259110.917, 61
Trd, 259111.200, 62
Trd, 259111.283, 61
Trd, 259111.583, 60
Trd, 259111.817, 60
Trd, 259112.050, 60
Trd, 259112.350, 61
Trd, 259112.583, 63
Trd, 259112.983, 67
Trd, 259113.150, 65
Trd, 259113.350, 69
Trd, 259113.550, 76
Trd, 259113.633, 66
Trd, 259113.750, 64
Trd, 259113.767, 64
Trd, 259114.117, 81
Trd, 259114.267, 63
Trd, 259114.383, 100
Trd, 259114.767, 120
Trd, 259114.817, 104
Trd, 259115.033, 140
Trd, 259115.100, 115
Trd, 259115.300, 140
Trd, 259116.050, 140
Trd, 259116.183, 139
Trd, 259116.433, 122
Trd, 259116.617, 137
Trd, 259116.700, 120
Trd, 259117.317, 138
Trd, 259117.517, 130
Trd, 259117.717, 136
Trd, 259117.833, 128
Trd, 259117.900, 138
Trd, 259117.983, 114
Trd, 259118.183, 138
Trd, 259118.300, 122
Trd, 259118.433, 106
Trd, 259119.383, 140
Trd, 259119.467, 139
Trd, 259119.483, 130
Trd, 259119.817, 114
Trd, 259119.850, 113
Trd, 259119.867, 84
Trd, 259121.217, 140
Trd, 259121.283, 140
Trd, 259121.300, 140
Trd, 259121.317, 140
Trd, 259121.433, 140
Trd, 259121.550, 140
Trd, 259121.883, 140
Trd, 259122.083, 126
Trd, 259122.433, 139
Trd, 259122.500, 138
Trd, 259122.583, 137
Trd, 259122.617, 126
Trd, 259122.767, 139
Trd, 259122.783, 116
Trd, 259122.850, 115
Trd, 259123.050, 139
Trd, 259123.150, 134
Trd, 259123.300, 139
Trd, 259123.650, 128
Trd, 259123.933, 128
Trd, 259124.400, 129
Trd, 259124.817, 128
Trd, 259124.883, 124
Trd, 259124.917, 100
Trd, 259125.283, 121
Trd, 259125.600, 124
Trd, 259125.783, 112
Trd, 259125.967, 82
Trd, 259126.133, 62
Trd, 259126.367, 62
Trd, 259126.383, 63
Trd, 259126.667, 61
Trd, 259126.717, 60
Trd, 259126.883, 60
Trd, 259127.050, 60
Trd, 259127.100, 60
Trd, 259127.450, 60
Trd, 259127.717, 61
Trd, 259127.800, 62
Trd, 259127.917, 63
Trd, 259127.983, 62
Trd, 259128.000, 65
Trd, 259128.183, 61
Trd, 259128.400, 61
Trd, 259128.417, 62
Trd, 259128.617, 88
Trd, 259128.817, 66
Trd, 259129.150, 61
Trd, 259129.383, 62
Trd, 259129.417, 64
Trd, 259129.583, 63
Trd, 259129.617, 65
Trd, 259130.150, 62
Trd, 259130.333, 61
Trd, 259130.350, 62
Trd, 259130.700, 77
Trd, 259131.133, 60
Trd, 259131.300, 60
Trd, 259131.417, 78
Trd, 259131.750, 60
Trd, 259132.000, 61
Trd, 259132.100, 63
Trd, 259132.367, 62
Trd, 259132.667, 62
Trd, 259132.767, 61
Trd, 259133.033, 60
Trd, 259133.233, 60
Trd, 259133.500, 61
Trd, 259133.933, 63
Trd, 259134.067, 60
Trd, 259134.083, 63
Trd, 259134.567, 62
Trd, 259134.583, 60
Trd, 259135.217, 61
Trd, 259135.367, 61
Trd, 259135.400, 62
Trd, 259135.517, 60
Trd, 259135.583, 61
Trd, 259135.633, 95
Trd, 259136.033, 139
Trd, 259136.117, 140
Trd, 259136.283, 139
Trd, 259136.467, 140
Trd, 259136.967, 140
Trd, 259137.000, 139
Trd, 259137.033, 127
Trd, 259137.417, 132
Trd, 259138.167, 140
Trd, 259138.200, 140
Trd, 259138.700, 140
Trd, 259139.117, 140
Trd, 259139.267, 140
Trd, 259139.283, 139
Trd, 259139.367, 132
Trd, 259139.667, 135
Trd, 259140.083, 132
Trd, 259140.167, 134
Trd, 259140.267, 132
Trd, 259140.300, 129
Trd, 259140.333, 124
Trd, 259140.533, 134
Trd, 259140.583, 119
Trd, 259140.667, 108
Trd, 259140.833, 122
Trd, 259141.167, 107
Trd, 259141.217, 105
Trd, 259141.733, 120
Trd, 259142.017, 122
Trd, 259142.100, 105
Trd, 259142.133, 102
Trd, 259142.217, 125
Trd, 259142.233, 93
Trd, 259142.267, 93
Trd, 259142.517, 91
Trd, 259142.767, 104
Trd, 259142.783, 63
Trd, 259143.533, 63
Trd, 259143.717, 62
Trd, 259143.917, 64
Trd, 259144.067, 66
Trd, 259144.350, 66
Trd, 259144.500, 66
Trd, 259144.800, 140
Trd, 259145.117, 133
Trd, 259145.300, 126
Trd, 259145.750, 140
Trd, 259145.767, 138
Trd, 259146.067, 140
Trd, 259146.417, 140
Trd, 259146.833, 140
Trd, 259147.433, 140
Trd, 259147.550, 140
Trd, 259147.967, 140
Trd, 259148.117, 140
Trd, 259148.150, 140
Trd, 259148.183, 138
Trd, 259148.317, 115
Trd, 259148.583, 140
Trd, 259148.717, 140
Trd, 259149.267, 139
Trd, 259149.633, 140
Trd, 259149.917, 139
Trd, 259150.333, 140
Trd, 259150.383, 140
Trd, 259150.450, 140
Trd, 259150.533, 139
Trd, 259150.567, 135
Trd, 259150.583, 121
Trd, 259150.883, 140
Trd, 259150.983, 140
Trd, 259151.383, 121
Trd, 259151.650, 131
Trd, 259151.767, 128
Trd, 259151.833, 119
Trd, 259151.883, 111
Trd, 259151.950, 137
Trd, 259152.017, 105
Trd, 259152.300, 136
Trd, 259152.317, 135
Trd, 259152.450, 134
Trd, 259153.217, 135
Trd, 259153.483, 135
Trd, 259153.800, 127
Trd, 259153.833, 122
Trd, 259153.900, 119
Trd, 259154.150, 117
Trd, 259154.633, 115
Trd, 259154.650, 114
Trd, 259154.883, 127
Trd, 259154.983, 105
Trd, 259155.000, 128
Trd, 259155.050, 129
Trd, 259155.433, 126
Trd, 259155.483, 103
Trd, 259155.650, 99
Trd, 259155.867, 120
Trd, 259156.067, 130
Trd, 259156.217, 122
Trd, 259156.483, 120
Trd, 259156.550, 125
Trd, 259156.883, 125
Trd, 259157.017, 90
Trd, 259157.050, 128
Trd, 259157.133, 123
Trd, 259157.250, 103
Trd, 259157.383, 93
Trd, 259157.417, 92
Trd, 259157.500, 139
Trd, 259157.700, 124
Trd, 259158.067, 136
Trd, 259158.300, 139
Trd, 259159.100, 140
Trd, 259159.350, 140
Trd, 259159.367, 129
Trd, 259160.050, 139
Trd, 259160.100, 136
Trd, 259160.350, 135
Trd, 259160.483, 134
Trd, 259160.683, 136
Trd, 259160.833, 135
Trd, 259161.050, 124
Trd, 259161.567, 134
Trd, 259161.867, 140
Trd, 259162.117, 139
Trd, 259162.150, 134
Trd, 259162.233, 139
Trd, 259162.383, 123
Trd, 259162.883, 114
Trd, 259163.183, 130
Trd, 259163.267, 117
Trd, 259163.317, 114
Trd, 259163.600, 123
Trd, 259163.633, 110
Trd, 259163.650, 108
Trd, 259163.683, 95
Trd, 259163.900, 129
Trd, 259164.133, 93
Trd, 259164.217, 129
Trd, 259164.467, 131
Trd, 259164.700, 126
Trd, 259164.967, 120
Trd, 259165.133, 131
Trd, 259165.533, 130
Trd, 259165.817, 118
Trd, 259165.883, 130
Trd, 259166.250, 116
Trd, 259166.317, 129
Trd, 259166.383, 113
Trd, 259166.633, 114
Trd, 259167.183, 119
Trd, 259167.250, 118
Trd, 259167.350, 115
Trd, 259167.417, 101
Trd, 259167.633, 102
Trd, 259167.700, 93
Trd, 259167.950, 78
Trd, 259168.017, 98
Trd, 259168.200, 99
Trd, 259168.517, 100
Trd, 259169.283, 140
Trd, 259170.167, 140
Trd, 259170.467, 140
Trd, 259170.550, 140
Trd, 259170.733, 140
Trd, 259170.783, 140
Trd, 259171.067, 140
Trd, 259171.133, 139
Trd, 259171.300, 130
Trd, 259171.550, 129
Trd, 259171.817, 137
Trd, 259172.267, 128
Trd, 259172.300, 137
Trd, 259172.317, 127
Trd, 259172.400, 124
Trd, 259172.533, 122
Trd, 259172.617, 119
Trd, 259172.800, 120
Trd, 259173.000, 120
Trd, 259173.033, 119
Trd, 259173.583, 97
Trd, 259173.667, 96
Trd, 259173.767, 94
Trd, 259173.817, 77
Trd, 259173.900, 85
Trd, 259173.950, 75
Trd, 259174.150, 119
Trd, 259174.783, 60
Trd, 259174.833, 61
Trd, 259175.117, 62
Trd, 259175.350, 65
Trd, 259175.433, 96
Trd, 259175.567, 117
Trd, 259175.767, 65
Trd, 259175.817, 118
Trd, 259176.067, 63
Trd, 259176.383, 63
Trd, 259176.417, 61
Trd, 259176.633, 62
Trd, 259176.683, 104
Trd, 259176.933, 133
Trd, 259177.050, 84
Trd, 259177.117, 129
Trd, 259177.667, 125
Trd, 259177.917, 124
Trd, 259178.000, 123
Trd, 259178.067, 121
Trd, 259178.667, 140
Trd, 259178.717, 140
Trd, 259178.733, 140
Trd, 259179.117, 140
Trd, 259179.400, 140
Trd, 259179.867, 140
Trd, 259180.000, 140
Trd, 259180.250, 140
Trd, 259180.417, 140
Trd, 259180.733, 140
Trd, 259181.500, 140
Trd, 259182.283, 140
Trd, 259182.300, 136
Trd, 259182.350, 128
Trd, 259182.400, 124
Trd, 259182.433, 120
Trd, 259182.517, 138
Trd, 259182.883, 134
Trd, 259183.383, 140
Trd, 259183.483, 139
Trd, 259184.233, 139
Trd, 259184.367, 138
Trd, 259184.433, 137
Trd, 259185.250, 139
Trd, 259185.450, 138
Trd, 259185.583, 138
Trd, 259185.617, 137
Trd, 259185.800, 134
Trd, 259186.117, 132
Trd, 259186.150, 126
Trd, 259186.533, 125
Trd, 259186.650, 131
Trd, 259186.850, 124
Trd, 259186.867, 123
Trd, 259186.983, 118
Trd, 259187.283, 128
Trd, 259187.500, 129
Trd, 259187.733, 129
Trd, 259188.050, 127
Trd, 259188.233, 127
Trd, 259188.333, 126
Trd, 259188.367, 124
Trd, 259188.483, 108
Trd, 259188.633, 128
Trd, 259188.817, 110
Trd, 259189.050, 109
Trd, 259189.100, 128
Trd, 259189.133, 129
Trd, 259189.333, 94
Trd, 259189.417, 131
Trd, 259189.883, 140
Trd, 259190.000, 139
Trd, 259190.100, 138
Trd, 259190.550, 140
Trd, 259190.567, 140
Trd, 259190.600, 139
Trd, 259190.617, 138
Trd, 259191.283, 119
Trd, 259191.933, 117
Trd, 259192.400, 120
Trd, 259192.450, 110
Trd, 259192.483, 108
Trd, 259192.717, 118
Trd, 259192.950, 109
Trd, 259193.033, 116
Trd, 259193.183, 117
Trd, 259193.450, 116
Trd, 259193.683, 114
Trd, 259193.733, 114
Trd, 259193.867, 115
Trd, 259193.900, 114
Trd, 259194.083, 116
Trd, 259194.317, 115
Trd, 259194.450, 116
Trd, 259194.700, 139
Trd, 259195.100, 140
Trd, 259195.167, 140
Trd, 259195.217, 137
Trd, 259195.333, 139
Trd, 259195.933, 140
Trd, 259196.033, 137
Trd, 259196.083, 135
Trd, 259196.183, 136
Trd, 259196.433, 140
Trd, 259196.583, 140
Trd, 259196.767, 125
Trd, 259196.833, 123
Trd, 259197.483, 138
Trd, 259197.500, 131
Trd, 259197.783, 94
Trd, 259198.033, 118
Trd, 259198.133, 140
Trd, 259198.733, 139
Trd, 259198.917, 111
Trd, 259199.250, 140
Trd, 259199.317, 140
Trd, 259199.783, 139
Trd, 259199.800, 139
Trd, 259199.867, 125
Trd, 259199.967, 115
Trd, 259200.000, 104
