Trd, 258581.917, 138
Trd, 258581.967, 138
Trd, 258582.017, 137
Trd, 258582.767, 140
Trd, 258583.567, 140
Trd, 258583.633, 140
Trd, 258583.917, 140
Trd, 258583.967, 140
Trd, 258584.217, 140
Trd, 258584.400, 140
Trd, 258584.417, 140
Trd, 258584.933, 140
Trd, 258584.950, 140
Trd, 258585.000, 140
Trd, 258585.033, 140
Trd, 258585.333, 140
Trd, 258585.450, 140
Trd, 258585.517, 140
Trd, 258586.150, 140
Trd, 258586.433, 140
Trd, 258586.483, 140
Trd, 258586.567, 140
Trd, 258586.767, 140
Trd, 258587.150, 140
Trd, 258587.817, 140
Trd, 258588.317, 140
Trd, 258588.433, 140
Trd, 258589.067, 140
Trd, 258589.467, 140
Trd, 258589.600, 140
Trd, 258589.933, 140
Trd, 258590.050, 138
Trd, 258590.417, 137
Trd, 258590.467, 124
Trd, 258590.617, 112
Trd, 258591.483, 140
Trd, 258591.667, 140
Trd, 258592.083, 140
Trd, 258592.400, 140
Trd, 258592.500, 140
Trd, 258592.533, 140
Trd, 258592.667, 139
Trd, 258593.000, 139
Trd, 258593.217, 140
Trd, 258593.383, 139
Trd, 258593.650, 140
Trd, 258593.667, 135
Trd, 258593.933, 134
Trd, 258593.967, 139
Trd, 258594.050, 123
Trd, 258594.300, 113
Trd, 258594.767, 140
Trd, 258594.950, 140
Trd, 258595.083, 140
Trd, 258595.200, 130
Trd, 258595.217, 118
Trd, 258595.417, 139
Trd, 258596.183, 139
Trd, 258596.317, 140
Trd, 258596.450, 140
Trd, 258596.883, 140
Trd, 258597.667, 140
Trd, 258597.733, 140
Trd, 258598.000, 140
Trd, 258598.167, 140
Trd, 258598.283, 140
Trd, 258598.317, 140
Trd, 258598.567, 140
Trd, 258599.400, 140
Trd, 258599.583, 140
Trd, 258600.033, 140
Trd, 258600.117, 140
Trd, 258600.133, 140
Trd, 258600.317, 140
Trd, 258600.600, 140
Trd, 258600.700, 140
Trd, 258601.033, 140
Trd, 258601.050, 140
Trd, 258602.117, 140
Trd, 258602.150, 140
Trd, 258602.183, 139
Trd, 258602.267, 138
Trd, 258602.317, 140
Trd, 258602.967, 140
Trd, 258603.017, 140
Trd, 258603.400, 140
Trd, 258603.533, 140
Trd, 258603.767, 140
Trd, 258603.933, 140
Trd, 258604.033, 140
Trd, 258604.383, 140
Trd, 258604.583, 140
Trd, 258604.650, 139
Trd, 258604.817, 140
Trd, 258604.900, 140
Trd, 258605.317, 138
Trd, 258605.417, 134
Trd, 258605.467, 117
Trd, 258605.667, 126
Trd, 258606.150, 133
Trd, 258606.283, 113
Trd, 258606.817, 130
Trd, 258606.983, 131
Trd, 258607.000, 121
Trd, 258607.133, 132
Trd, 258607.550, 122
Trd, 258607.667, 126
Trd, 258607.967, 121
Trd, 258608.267, 103
Trd, 258608.383, 102
Trd, 258608.400, 129
Trd, 258608.617, 132
Trd, 258608.900, 140
Trd, 258609.100, 140
Trd, 258609.200, 101
Trd, 258609.217, 100
Trd, 258609.483, 140
Trd, 258609.533, 89
Trd, 258609.883, 140
Trd, 258610.117, 79
Trd, 258610.250, 140
Trd, 258610.433, 130
Trd, 258610.800, 140
Trd, 258610.833, 140
Trd, 258611.133, 140
Trd, 258611.450, 138
Trd, 258611.600, 140
Trd, 258611.917, 125
Trd, 258612.100, 123
Trd, 258612.417, 139
Trd, 258612.917, 140
Trd, 258613.117, 140
Trd, 258614.317, 140
Trd, 258614.650, 140
Trd, 258614.717, 140
Trd, 258614.733, 140
Trd, 258615.150, 140
Trd, 258615.350, 140
Trd, 258615.467, 140
Trd, 258615.700, 140
Trd, 258615.917, 140
Trd, 258616.000, 140
Trd, 258616.533, 140
Trd, 258616.617, 140
Trd, 258617.167, 140
Trd, 258617.233, 140
Trd, 258617.250, 139
Trd, 258617.350, 140
Trd, 258617.417, 140
Trd, 258617.750, 140
Trd, 258618.117, 140
Trd, 258618.167, 140
Trd, 258618.517, 140
Trd, 258618.733, 140
Trd, 258618.933, 139
Trd, 258619.550, 140
Trd, 258619.983, 115
Trd, 258620.117, 115
Trd, 258620.383, 111
Trd, 258620.450, 137
Trd, 258620.867, 98
Trd, 258621.167, 125
Trd, 258621.233, 96
Trd, 258621.300, 128
Trd, 258621.367, 129
Trd, 258621.483, 132
Trd, 258621.517, 137
Trd, 258621.533, 95
Trd, 258621.733, 140
Trd, 258622.283, 140
Trd, 258622.533, 104
Trd, 258622.833, 127
Trd, 258622.967, 140
Trd, 258623.850, 140
Trd, 258624.017, 140
Trd, 258624.117, 140
Trd, 258624.767, 140
Trd, 258624.900, 140
Trd, 258624.917, 140
Trd, 258625.050, 139
Trd, 258625.400, 139
Trd, 258625.967, 140
Trd, 258625.983, 140
Trd, 258626.283, 140
Trd, 258626.433, 140
Trd, 258626.567, 140
Trd, 258626.600, 140
Trd, 258626.667, 140
Trd, 258626.833, 140
Trd, 258627.050, 140
Trd, 258627.183, 126
Trd, 258627.283, 117
Trd, 258627.500, 140
Trd, 258627.617, 139
Trd, 258627.867, 101
Trd, 258628.167, 65
Trd, 258628.383, 139
Trd, 258628.967, 139
Trd, 258629.033, 138
Trd, 258629.317, 139
Trd, 258629.483, 138
Trd, 258629.850, 107
Trd, 258630.550, 139
Trd, 258630.817, 140
Trd, 258631.017, 140
Trd, 258631.167, 140
Trd, 258631.733, 140
Trd, 258631.933, 140
Trd, 258632.183, 140
Trd, 258632.367, 140
Trd, 258632.383, 140
Trd, 258632.467, 137
Trd, 258632.700, 137
Trd, 258632.817, 115
Trd, 258633.250, 99
Trd, 258633.867, 130
Trd, 258634.017, 130
Trd, 258634.067, 131
Trd, 258634.633, 117
Trd, 258634.800, 117
Trd, 258635.000, 118
Trd, 258635.033, 116
Trd, 258635.250, 139
Trd, 258635.450, 110
Trd, 258635.633, 109
Trd, 258635.817, 92
Trd, 258635.867, 90
Trd, 258636.400, 121
Trd, 258637.133, 135
Trd, 258637.350, 140
Trd, 258637.400, 134
Trd, 258638.233, 140
Trd, 258638.300, 140
Trd, 258638.317, 140
Trd, 258638.467, 140
Trd, 258638.500, 140
Trd, 258638.617, 140
Trd, 258638.817, 140
Trd, 258638.883, 140
Trd, 258638.933, 123
Trd, 258639.850, 135
Trd, 258640.033, 125
Trd, 258640.183, 135
Trd, 258640.300, 136
Trd, 258640.717, 122
Trd, 258641.583, 124
Trd, 258641.650, 137
Trd, 258641.667, 138
Trd, 258641.733, 123
Trd, 258641.767, 119
Trd, 258641.783, 140
Trd, 258642.100, 140
Trd, 258642.117, 115
Trd, 258642.150, 112
Trd, 258642.250, 88
Trd, 258642.883, 140
Trd, 258642.983, 140
Trd, 258643.417, 140
Trd, 258643.650, 140
Trd, 258643.667, 140
Trd, 258643.817, 140
Trd, 258645.000, 140
Trd, 258645.367, 140
Trd, 258645.650, 140
Trd, 258645.817, 140
Trd, 258646.033, 140
Trd, 258646.383, 140
Trd, 258646.400, 140
Trd, 258646.500, 140
Trd, 258646.583, 140
Trd, 258646.950, 140
Trd, 258647.117, 140
Trd, 258647.483, 140
Trd, 258647.583, 140
Trd, 258647.683, 139
Trd, 258647.717, 138
Trd, 258647.817, 138
Trd, 258647.850, 139
Trd, 258648.083, 138
Trd, 258648.183, 137
Trd, 258648.350, 139
Trd, 258648.667, 132
Trd, 258648.700, 139
Trd, 258648.900, 114
Trd, 258648.933, 113
Trd, 258649.217, 112
Trd, 258649.283, 95
Trd, 258649.383, 138
Trd, 258649.467, 137
Trd, 258649.517, 85
Trd, 258649.667, 84
Trd, 258649.817, 139
Trd, 258650.383, 140
Trd, 258650.617, 140
Trd, 258650.717, 139
Trd, 258651.367, 140
Trd, 258652.233, 140
Trd, 258652.517, 140
Trd, 258652.533, 140
Trd, 258652.717, 140
Trd, 258653.033, 140
Trd, 258653.700, 140
Trd, 258653.900, 139
Trd, 258654.500, 108
Trd, 258654.583, 107
Trd, 258654.950, 114
Trd, 258655.000, 113
Trd, 258655.183, 112
Trd, 258655.383, 114
Trd, 258655.500, 108
Trd, 258655.617, 93
Trd, 258655.983, 96
Trd, 258656.433, 112
Trd, 258656.450, 113
Trd, 258656.683, 99
Trd, 258656.783, 113
Trd, 258657.033, 114
Trd, 258657.117, 115
Trd, 258657.283, 97
Trd, 258657.417, 111
Trd, 258657.533, 136
Trd, 258657.883, 140
Trd, 258657.950, 140
Trd, 258658.233, 140
Trd, 258658.250, 140
Trd, 258658.483, 140
Trd, 258658.650, 140
Trd, 258658.700, 140
Trd, 258659.100, 140
Trd, 258659.400, 140
Trd, 258659.667, 140
Trd, 258659.917, 140
Trd, 258660.533, 140
Trd, 258660.933, 140
Trd, 258661.083, 140
Trd, 258661.650, 140
Trd, 258662.300, 140
Trd, 258662.517, 140
Trd, 258662.583, 140
Trd, 258662.833, 140
Trd, 258663.100, 140
Trd, 258663.150, 140
Trd, 258663.367, 139
Trd, 258664.067, 140
Trd, 258664.217, 140
Trd, 258664.833, 140
Trd, 258664.983, 140
Trd, 258665.117, 140
Trd, 258665.217, 140
Trd, 258665.250, 140
Trd, 258665.417, 139
Trd, 258665.500, 125
Trd, 258665.683, 124
Trd, 258665.700, 123
Trd, 258665.883, 139
Trd, 258666.000, 140
Trd, 258666.483, 108
Trd, 258666.900, 101
Trd, 258666.917, 99
Trd, 258667.083, 132
Trd, 258667.267, 100
Trd, 258667.650, 133
Trd, 258668.200, 133
Trd, 258668.367, 134
Trd, 258668.383, 102
Trd, 258668.750, 138
Trd, 258669.350, 140
Trd, 258669.417, 140
Trd, 258670.317, 140
Trd, 258670.483, 140
Trd, 258670.667, 140
Trd, 258670.800, 140
Trd, 258670.883, 140
Trd, 258670.917, 140
Trd, 258671.083, 140
Trd, 258671.350, 140
Trd, 258671.417, 140
Trd, 258671.467, 140
Trd, 258671.933, 140
Trd, 258672.033, 140
Trd, 258672.550, 140
Trd, 258672.733, 140
Trd, 258672.867, 140
Trd, 258673.167, 140
Trd, 258673.600, 140
Trd, 258673.650, 139
Trd, 258674.167, 137
Trd, 258675.050, 140
Trd, 258675.083, 139
Trd, 258675.100, 88
Trd, 258675.167, 85
Trd, 258676.117, 140
Trd, 258676.283, 140
Trd, 258676.533, 140
Trd, 258676.633, 140
Trd, 258676.650, 140
Trd, 258676.700, 140
Trd, 258676.817, 140
Trd, 258676.917, 140
Trd, 258677.083, 139
Trd, 258677.183, 139
Trd, 258677.517, 137
Trd, 258677.750, 140
Trd, 258677.900, 112
Trd, 258678.217, 110
Trd, 258678.417, 138
Trd, 258678.650, 110
Trd, 258678.783, 138
Trd, 258679.400, 140
Trd, 258679.600, 140
Trd, 258679.850, 129
Trd, 258680.150, 110
Trd, 258680.467, 140
Trd, 258681.317, 140
Trd, 258681.333, 140
Trd, 258681.600, 140
Trd, 258681.767, 140
Trd, 258682.083, 140
Trd, 258682.383, 140
Trd, 258682.483, 140
Trd, 258682.733, 140
Trd, 258682.817, 140
Trd, 258682.900, 140
Trd, 258683.100, 139
Trd, 258683.567, 125
Trd, 258683.583, 137
Trd, 258684.167, 140
Trd, 258684.267, 139
Trd, 258684.350, 139
Trd, 258684.467, 139
Trd, 258684.633, 106
Trd, 258684.800, 102
Trd, 258685.400, 137
Trd, 258685.450, 131
Trd, 258685.633, 131
Trd, 258685.717, 130
Trd, 258685.833, 136
Trd, 258686.000, 109
Trd, 258686.067, 140
Trd, 258686.300, 109
Trd, 258686.967, 138
Trd, 258687.100, 110
Trd, 258687.283, 123
Trd, 258687.350, 109
Trd, 258687.533, 140
Trd, 258688.383, 136
Trd, 258688.517, 137
Trd, 258688.667, 138
Trd, 258688.867, 140
Trd, 258690.017, 121
Trd, 258690.100, 136
Trd, 258690.133, 137
Trd, 258690.183, 120
Trd, 258690.700, 138
Trd, 258690.717, 120
Trd, 258690.733, 104
Trd, 258690.967, 105
Trd, 258691.200, 139
Trd, 258691.233, 138
Trd, 258691.650, 125
Trd, 258691.783, 140
Trd, 258692.250, 125
Trd, 258692.567, 140
Trd, 258692.717, 140
Trd, 258692.767, 139
Trd, 258693.083, 136
Trd, 258693.500, 126
Trd, 258694.017, 133
Trd, 258694.100, 116
Trd, 258694.850, 126
Trd, 258695.317, 120
Trd, 258695.350, 117
Trd, 258695.450, 93
Trd, 258695.550, 90
Trd, 258695.800, 121
Trd, 258695.817, 122
Trd, 258695.833, 90
Trd, 258696.950, 140
Trd, 258697.350, 140
Trd, 258697.367, 140
Trd, 258697.550, 140
Trd, 258698.000, 140
Trd, 258698.083, 140
Trd, 258698.167, 140
Trd, 258698.317, 140
Trd, 258698.467, 140
Trd, 258698.867, 139
Trd, 258699.050, 139
Trd, 258699.333, 140
Trd, 258699.350, 140
Trd, 258699.767, 139
Trd, 258700.133, 140
Trd, 258700.150, 139
Trd, 258700.283, 137
Trd, 258700.417, 137
Trd, 258700.633, 132
Trd, 258700.817, 132
Trd, 258700.850, 133
Trd, 258701.167, 132
Trd, 258701.350, 131
Trd, 258701.367, 125
Trd, 258701.417, 123
Trd, 258701.500, 107
Trd, 258701.900, 121
Trd, 258701.967, 134
Trd, 258702.017, 107
Trd, 258702.233, 139
Trd, 258702.767, 140
Trd, 258702.950, 139
Trd, 258703.883, 132
Trd, 258704.783, 140
Trd, 258705.100, 140
Trd, 258705.167, 140
Trd, 258705.200, 140
Trd, 258705.317, 139
Trd, 258705.617, 140
Trd, 258706.550, 140
Trd, 258706.683, 140
Trd, 258706.783, 140
Trd, 258707.033, 140
Trd, 258707.167, 140
Trd, 258707.350, 139
Trd, 258707.400, 131
Trd, 258707.467, 140
Trd, 258707.533, 121
Trd, 258708.383, 140
Trd, 258708.400, 140
Trd, 258708.433, 140
Trd, 258708.467, 140
Trd, 258708.667, 140
Trd, 258708.767, 138
Trd, 258708.867, 138
Trd, 258709.033, 105
Trd, 258709.300, 138
Trd, 258709.367, 104
Trd, 258709.817, 103
Trd, 258709.883, 100
Trd, 258710.433, 61
Trd, 258710.850, 78
Trd, 258711.050, 75
Trd, 258711.150, 78
Trd, 258711.417, 78
Trd, 258711.483, 69
Trd, 258711.550, 88
Trd, 258711.567, 100
Trd, 258711.683, 72
Trd, 258711.800, 74
Trd, 258711.850, 134
Trd, 258711.967, 73
Trd, 258712.300, 91
Trd, 258712.517, 139
Trd, 258712.700, 140
Trd, 258714.183, 140
Trd, 258714.817, 140
Trd, 258714.917, 140
Trd, 258715.000, 140
Trd, 258715.350, 140
Trd, 258715.500, 140
Trd, 258715.683, 140
Trd, 258715.750, 140
Trd, 258716.333, 140
Trd, 258716.367, 140
Trd, 258716.417, 140
Trd, 258716.733, 139
Trd, 258716.783, 138
Trd, 258717.350, 140
Trd, 258717.450, 140
Trd, 258717.467, 139
Trd, 258717.617, 140
Trd, 258717.783, 139
Trd, 258717.800, 138
Trd, 258717.817, 136
Trd, 258717.967, 140
Trd, 258718.050, 135
Trd, 258718.217, 135
Trd, 258719.183, 140
Trd, 258719.217, 140
Trd, 258719.517, 140
Trd, 258719.967, 139
Trd, 258720.133, 140
Trd, 258720.383, 140
Trd, 258720.767, 140
Trd, 258721.550, 140
Trd, 258721.583, 140
Trd, 258721.783, 140
Trd, 258722.033, 140
Trd, 258722.050, 140
Trd, 258722.067, 140
Trd, 258722.617, 140
Trd, 258723.033, 140
Trd, 258723.117, 140
Trd, 258723.300, 140
Trd, 258723.400, 140
Trd, 258723.583, 140
Trd, 258723.733, 140
Trd, 258723.850, 140
Trd, 258724.150, 140
Trd, 258724.217, 137
Trd, 258724.283, 120
Trd, 258724.500, 130
Trd, 258724.833, 94
Trd, 258725.250, 126
Trd, 258725.367, 111
Trd, 258725.383, 103
Trd, 258725.617, 98
Trd, 258725.933, 132
Trd, 258726.000, 98
Trd, 258726.033, 133
Trd, 258726.217, 136
Trd, 258726.267, 140
Trd, 258726.633, 128
Trd, 258726.683, 99
Trd, 258726.817, 99
Trd, 258726.833, 97
Trd, 258727.433, 140
Trd, 258727.867, 140
Trd, 258727.983, 140
Trd, 258728.750, 140
Trd, 258729.083, 140
Trd, 258729.483, 140
Trd, 258729.600, 140
Trd, 258730.233, 140
Trd, 258730.300, 140
Trd, 258730.583, 140
Trd, 258730.600, 140
Trd, 258730.817, 140
Trd, 258730.867, 140
Trd, 258730.950, 137
Trd, 258731.383, 137
Trd, 258731.650, 138
Trd, 258731.700, 137
Trd, 258732.267, 138
Trd, 258732.467, 139
Trd, 258732.567, 140
Trd, 258732.667, 140
Trd, 258732.717, 140
Trd, 258732.800, 139
Trd, 258733.133, 139
Trd, 258733.317, 123
Trd, 258733.567, 137
Trd, 258733.633, 112
Trd, 258733.850, 101
Trd, 258734.833, 140
Trd, 258734.983, 140
Trd, 258735.233, 140
Trd, 258735.383, 138
Trd, 258735.867, 140
Trd, 258736.267, 140
Trd, 258736.533, 139
Trd, 258736.750, 140
Trd, 258736.767, 140
Trd, 258736.783, 139
Trd, 258736.883, 139
Trd, 258737.067, 138
Trd, 258737.783, 139
Trd, 258738.817, 140
Trd, 258738.933, 140
Trd, 258739.300, 140
Trd, 258739.383, 140
Trd, 258739.567, 140
Trd, 258739.600, 140
Trd, 258739.700, 140
Trd, 258739.717, 139
Trd, 258740.150, 140
Trd, 258740.167, 140
Trd, 258740.250, 140
Trd, 258740.617, 140
Trd, 258740.933, 140
Trd, 258740.967, 140
Trd, 258741.233, 140
Trd, 258741.500, 140
Trd, 258741.850, 140
Trd, 258741.883, 138
Trd, 258742.033, 137
Trd, 258742.433, 132
Trd, 258742.533, 139
Trd, 258742.567, 104
Trd, 258743.167, 136
Trd, 258743.183, 98
Trd, 258743.250, 137
Trd, 258743.333, 123
Trd, 258743.550, 139
Trd, 258744.067, 131
Trd, 258744.233, 140
Trd, 258744.667, 123
Trd, 258744.717, 112
Trd, 258745.217, 111
Trd, 258745.450, 137
Trd, 258745.650, 113
Trd, 258746.200, 135
Trd, 258746.350, 136
Trd, 258746.367, 138
Trd, 258746.950, 140
Trd, 258746.983, 139
Trd, 258747.367, 140
Trd, 258748.367, 140
Trd, 258748.583, 140
Trd, 258748.733, 140
Trd, 258749.550, 140
Trd, 258749.733, 140
Trd, 258750.067, 140
Trd, 258750.483, 140
Trd, 258750.533, 140
Trd, 258750.750, 140
Trd, 258750.900, 140
Trd, 258751.267, 140
Trd, 258751.333, 140
Trd, 258751.367, 139
Trd, 258751.550, 140
Trd, 258751.950, 140
Trd, 258752.117, 140
Trd, 258752.433, 138
Trd, 258752.517, 139
Trd, 258752.683, 138
Trd, 258752.817, 117
Trd, 258752.883, 139
Trd, 258752.950, 122
Trd, 258753.617, 135
Trd, 258753.683, 113
Trd, 258753.700, 112
Trd, 258753.800, 137
Trd, 258753.817, 104
Trd, 258753.833, 98
Trd, 258754.233, 107
Trd, 258754.633, 114
Trd, 258755.133, 134
Trd, 258755.433, 94
Trd, 258755.617, 134
Trd, 258756.033, 105
Trd, 258756.050, 103
Trd, 258756.183, 93
Trd, 258756.217, 93
Trd, 258756.250, 119
Trd, 258756.350, 89
Trd, 258756.367, 120
Trd, 258756.417, 119
Trd, 258756.617, 110
Trd, 258757.233, 94
Trd, 258757.267, 81
Trd, 258757.650, 95
Trd, 258758.067, 88
Trd, 258758.217, 95
Trd, 258758.417, 90
Trd, 258758.450, 126
Trd, 258758.567, 138
Trd, 258758.633, 107
Trd, 258759.600, 140
Trd, 258760.267, 140
Trd, 258760.650, 140
Trd, 258760.867, 140
Trd, 258761.083, 140
Trd, 258761.283, 140
Trd, 258761.350, 140
Trd, 258761.567, 140
Trd, 258763.167, 140
Trd, 258763.350, 140
Trd, 258763.367, 140
Trd, 258763.383, 140
Trd, 258763.400, 140
Trd, 258763.750, 140
Trd, 258763.867, 140
Trd, 258763.900, 140
Trd, 258763.933, 140
Trd, 258764.067, 140
Trd, 258764.167, 140
Trd, 258764.350, 140
Trd, 258764.500, 140
Trd, 258765.000, 140
Trd, 258765.183, 140
Trd, 258766.267, 140
Trd, 258766.283, 140
Trd, 258766.350, 140
Trd, 258766.967, 140
Trd, 258767.400, 140
Trd, 258767.533, 140
Trd, 258767.683, 140
Trd, 258768.267, 140
Trd, 258768.633, 140
Trd, 258768.650, 140
Trd, 258768.733, 140
Trd, 258769.033, 140
Trd, 258769.067, 140
Trd, 258769.083, 140
Trd, 258769.117, 139
Trd, 258769.200, 140
Trd, 258769.550, 139
Trd, 258769.767, 118
Trd, 258769.800, 117
Trd, 258770.117, 117
Trd, 258770.267, 140
Trd, 258770.650, 140
Trd, 258770.750, 140
Trd, 258771.100, 140
Trd, 258771.400, 122
Trd, 258771.417, 121
Trd, 258771.550, 117
Trd, 258771.767, 137
Trd, 258771.800, 116
Trd, 258771.883, 113
Trd, 258772.500, 114
Trd, 258772.683, 131
Trd, 258772.733, 101
Trd, 258772.933, 123
Trd, 258773.400, 121
Trd, 258773.600, 91
Trd, 258773.617, 124
Trd, 258773.783, 136
Trd, 258773.967, 140
Trd, 258774.183, 140
Trd, 258774.300, 107
Trd, 258775.200, 139
Trd, 258775.533, 139
Trd, 258776.183, 140
Trd, 258776.467, 140
Trd, 258776.483, 139
Trd, 258776.900, 140
Trd, 258777.067, 140
Trd, 258777.083, 140
Trd, 258777.250, 139
Trd, 258777.300, 138
Trd, 258777.900, 140
Trd, 258777.983, 139
Trd, 258778.100, 138
Trd, 258778.400, 138
Trd, 258778.450, 139
Trd, 258778.567, 137
Trd, 258778.817, 138
Trd, 258779.417, 140
Trd, 258779.583, 140
Trd, 258779.867, 140
Trd, 258780.150, 140
Trd, 258780.333, 139
Trd, 258780.433, 140
Trd, 258780.683, 140
Trd, 258780.733, 139
Trd, 258780.850, 140
Trd, 258781.300, 140
Trd, 258781.667, 140
Trd, 258781.900, 140
Trd, 258781.983, 140
Trd, 258782.417, 140
Trd, 258782.750, 140
Trd, 258782.933, 140
Trd, 258783.033, 137
Trd, 258783.417, 140
Trd, 258783.467, 140
Trd, 258783.533, 140
Trd, 258784.033, 128
Trd, 258784.333, 121
Trd, 258784.350, 131
Trd, 258784.617, 140
Trd, 258784.700, 140
Trd, 258784.783, 140
Trd, 258784.833, 136
Trd, 258785.083, 125
Trd, 258785.283, 126
Trd, 258785.500, 136
Trd, 258786.233, 125
Trd, 258786.433, 140
Trd, 258786.550, 140
Trd, 258787.150, 140
Trd, 258787.250, 140
Trd, 258787.267, 140
Trd, 258787.283, 140
Trd, 258787.567, 140
Trd, 258788.133, 140
Trd, 258788.400, 140
Trd, 258788.450, 139
Trd, 258788.750, 140
Trd, 258789.033, 140
Trd, 258789.233, 140
Trd, 258789.417, 138
Trd, 258789.517, 139
Trd, 258789.583, 137
Trd, 258790.217, 132
Trd, 258790.233, 91
Trd, 258790.350, 107
Trd, 258790.817, 107
Trd, 258791.050, 103
Trd, 258791.733, 140
Trd, 258791.800, 140
Trd, 258791.850, 140
Trd, 258792.333, 140
Trd, 258792.350, 140
Trd, 258792.367, 140
Trd, 258792.417, 139
Trd, 258792.600, 106
Trd, 258792.967, 140
Trd, 258793.017, 139
Trd, 258793.833, 140
Trd, 258794.250, 140
Trd, 258794.417, 140
Trd, 258794.733, 140
Trd, 258795.133, 140
Trd, 258795.217, 139
Trd, 258795.317, 138
Trd, 258795.417, 108
Trd, 258795.833, 118
Trd, 258796.033, 105
Trd, 258796.183, 138
Trd, 258796.300, 137
Trd, 258797.067, 131
Trd, 258797.300, 110
Trd, 258797.333, 109
Trd, 258797.550, 108
Trd, 258797.567, 135
Trd, 258798.033, 135
Trd, 258798.183, 139
Trd, 258798.250, 111
Trd, 258798.300, 110
Trd, 258798.633, 133
Trd, 258798.683, 110
Trd, 258798.700, 109
Trd, 258799.117, 140
Trd, 258799.933, 123
Trd, 258800.050, 140
Trd, 258800.800, 140
Trd, 258801.483, 140
Trd, 258801.767, 140
Trd, 258802.183, 140
Trd, 258802.283, 140
Trd, 258802.750, 140
Trd, 258803.483, 140
Trd, 258803.500, 140
Trd, 258803.583, 140
Trd, 258803.617, 140
Trd, 258803.817, 140
Trd, 258804.267, 140
Trd, 258804.400, 140
Trd, 258804.550, 140
Trd, 258804.650, 140
Trd, 258804.817, 140
Trd, 258804.933, 140
Trd, 258805.167, 139
Trd, 258805.183, 139
Trd, 258805.217, 138
Trd, 258805.233, 140
Trd, 258805.500, 124
Trd, 258805.983, 121
Trd, 258806.300, 120
Trd, 258806.950, 140
Trd, 258807.383, 140
Trd, 258807.933, 140
Trd, 258808.000, 140
Trd, 258808.583, 140
Trd, 258808.600, 140
Trd, 258808.683, 140
Trd, 258809.050, 140
Trd, 258809.083, 140
Trd, 258809.750, 140
Trd, 258809.900, 140
Trd, 258810.517, 140
Trd, 258810.667, 140
Trd, 258811.100, 140
Trd, 258811.367, 140
Trd, 258811.483, 140
Trd, 258811.617, 140
Trd, 258811.733, 140
Trd, 258811.767, 140
Trd, 258811.850, 140
Trd, 258812.033, 140
Trd, 258812.117, 140
Trd, 258812.367, 140
Trd, 258812.383, 139
Trd, 258812.400, 139
Trd, 258812.700, 140
Trd, 258813.000, 139
Trd, 258813.300, 139
Trd, 258813.867, 140
Trd, 258813.983, 138
Trd, 258814.433, 140
Trd, 258815.700, 140
Trd, 258816.067, 140
Trd, 258816.367, 140
Trd, 258816.750, 140
Trd, 258816.950, 140
Trd, 258816.967, 140
Trd, 258817.033, 139
Trd, 258817.083, 139
Trd, 258817.100, 139
Trd, 258817.117, 138
Trd, 258817.333, 138
Trd, 258817.367, 137
Trd, 258817.667, 137
Trd, 258818.050, 135
Trd, 258818.317, 138
Trd, 258818.383, 120
Trd, 258818.533, 136
Trd, 258818.650, 120
Trd, 258818.833, 111
Trd, 258819.117, 136
Trd, 258819.467, 123
Trd, 258819.500, 109
Trd, 258819.533, 136
Trd, 258819.667, 138
Trd, 258819.767, 108
Trd, 258819.833, 102
Trd, 258819.967, 100
Trd, 258820.483, 140
Trd, 258820.600, 140
Trd, 258821.100, 140
Trd, 258822.033, 140
Trd, 258822.083, 140
Trd, 258822.317, 140
Trd, 258822.650, 140
Trd, 258822.933, 140
Trd, 258822.950, 140
Trd, 258823.083, 140
Trd, 258823.383, 137
Trd, 258824.033, 139
Trd, 258824.133, 140
Trd, 258824.350, 140
Trd, 258824.400, 139
Trd, 258824.667, 140
Trd, 258824.800, 121
Trd, 258824.833, 120
Trd, 258824.850, 113
Trd, 258824.900, 110
Trd, 258824.983, 99
Trd, 258825.083, 96
Trd, 258825.250, 140
Trd, 258825.567, 119
Trd, 258825.783, 76
Trd, 258826.017, 136
Trd, 258826.083, 137
Trd, 258826.767, 71
Trd, 258826.800, 69
Trd, 258826.967, 70
Trd, 258827.200, 71
Trd, 258827.417, 72
Trd, 258827.533, 70
Trd, 258827.733, 72
Trd, 258827.817, 68
Trd, 258827.967, 103
Trd, 258828.017, 61
Trd, 258828.400, 140
Trd, 258828.750, 82
Trd, 258829.150, 134
Trd, 258829.317, 108
Trd, 258829.417, 139
Trd, 258830.817, 140
Trd, 258831.733, 140
Trd, 258832.433, 140
Trd, 258832.667, 140
Trd, 258832.717, 140
Trd, 258832.733, 140
Trd, 258832.817, 140
Trd, 258832.833, 140
Trd, 258832.983, 140
Trd, 258833.233, 140
Trd, 258833.417, 140
Trd, 258833.767, 140
Trd, 258833.983, 140
Trd, 258834.050, 139
Trd, 258834.167, 139
Trd, 258834.250, 139
Trd, 258834.400, 140
Trd, 258834.467, 140
Trd, 258834.483, 139
Trd, 258834.900, 140
Trd, 258835.100, 140
Trd, 258835.167, 140
Trd, 258835.183, 139
Trd, 258835.483, 140
Trd, 258835.500, 137
Trd, 258835.850, 119
Trd, 258836.533, 120
Trd, 258836.633, 119
Trd, 258836.817, 117
Trd, 258836.833, 111
Trd, 258836.933, 118
Trd, 258837.033, 106
Trd, 258837.083, 95
Trd, 258837.467, 104
Trd, 258837.533, 117
Trd, 258837.633, 118
Trd, 258837.683, 103
Trd, 258837.750, 119
Trd, 258837.967, 102
Trd, 258838.267, 94
Trd, 258838.300, 113
Trd, 258838.783, 112
Trd, 258838.883, 135
Trd, 258839.183, 117
Trd, 258839.317, 133
Trd, 258839.450, 83
Trd, 258839.900, 135
Trd, 258840.233, 140
Trd, 258840.467, 140
Trd, 258840.550, 140
Trd, 258840.783, 140
Trd, 258840.867, 140
Trd, 258840.950, 140
Trd, 258841.167, 140
Trd, 258841.333, 139
Trd, 258841.350, 121
Trd, 258841.483, 111
Trd, 258841.833, 139
Trd, 258842.867, 140
Trd, 258842.883, 140
Trd, 258843.133, 140
Trd, 258843.483, 140
Trd, 258844.150, 140
Trd, 258844.583, 140
Trd, 258844.983, 140
Trd, 258845.200, 140
Trd, 258845.217, 140
Trd, 258845.250, 140
Trd, 258845.467, 140
Trd, 258845.617, 140
Trd, 258845.783, 139
Trd, 258846.167, 140
Trd, 258846.267, 139
Trd, 258846.667, 139
Trd, 258846.683, 137
Trd, 258847.150, 140
Trd, 258847.350, 139
Trd, 258847.383, 139
Trd, 258847.683, 136
Trd, 258847.933, 108
Trd, 258848.017, 107
Trd, 258848.050, 106
Trd, 258848.200, 106
Trd, 258848.517, 140
Trd, 258848.633, 140
Trd, 258848.817, 111
Trd, 258849.367, 113
Trd, 258849.383, 112
Trd, 258849.467, 111
Trd, 258849.817, 138
Trd, 258849.850, 111
Trd, 258850.317, 140
Trd, 258850.717, 111
Trd, 258850.833, 140
Trd, 258851.050, 138
Trd, 258851.783, 140
Trd, 258851.850, 140
Trd, 258851.983, 140
Trd, 258852.450, 140
Trd, 258852.483, 140
Trd, 258852.600, 140
Trd, 258852.700, 140
Trd, 258852.833, 140
Trd, 258852.967, 140
Trd, 258853.217, 140
Trd, 258853.267, 140
Trd, 258853.283, 140
Trd, 258853.367, 139
Trd, 258853.533, 116
Trd, 258853.767, 140
Trd, 258853.833, 140
Trd, 258854.633, 140
Trd, 258855.000, 140
Trd, 258855.183, 140
Trd, 258855.583, 140
Trd, 258855.667, 140
Trd, 258855.717, 139
Trd, 258855.900, 138
Trd, 258856.400, 140
Trd, 258856.533, 140
Trd, 258856.967, 140
Trd, 258857.733, 140
Trd, 258857.750, 140
Trd, 258858.650, 140
Trd, 258858.750, 140
Trd, 258859.317, 140
Trd, 258859.517, 140
Trd, 258859.600, 140
Trd, 258859.633, 140
Trd, 258859.667, 140
Trd, 258859.767, 140
Trd, 258859.800, 139
Trd, 258860.233, 140
Trd, 258860.300, 140
Trd, 258860.350, 140
Trd, 258860.783, 140
Trd, 258860.967, 140
Trd, 258861.650, 139
Trd, 258861.717, 107
Trd, 258862.150, 140
Trd, 258862.183, 140
Trd, 258862.467, 140
Trd, 258862.500, 125
Trd, 258862.583, 139
Trd, 258862.883, 135
Trd, 258863.417, 113
Trd, 258863.700, 140
Trd, 258863.867, 137
Trd, 258864.167, 111
Trd, 258864.183, 110
Trd, 258864.333, 94
Trd, 258864.400, 140
Trd, 258864.517, 89
Trd, 258865.383, 140
Trd, 258865.417, 133
Trd, 258865.717, 139
Trd, 258865.750, 139
Trd, 258866.067, 139
Trd, 258867.383, 135
Trd, 258867.533, 134
Trd, 258867.550, 136
Trd, 258867.633, 136
Trd, 258867.850, 134
Trd, 258867.883, 135
Trd, 258868.017, 133
Trd, 258868.250, 136
Trd, 258868.517, 135
Trd, 258868.717, 134
Trd, 258868.833, 135
Trd, 258869.183, 132
Trd, 258869.350, 132
Trd, 258869.433, 135
Trd, 258869.483, 131
Trd, 258869.783, 140
Trd, 258869.967, 139
Trd, 258871.100, 140
Trd, 258871.217, 140
Trd, 258871.483, 140
Trd, 258871.650, 127
Trd, 258872.150, 137
Trd, 258872.333, 140
Trd, 258872.633, 140
Trd, 258872.850, 140
Trd, 258872.883, 110
Trd, 258872.967, 108
Trd, 258872.983, 105
Trd, 258873.133, 140
Trd, 258873.217, 104
Trd, 258873.517, 138
Trd, 258873.933, 98
Trd, 258874.050, 75
Trd, 258874.100, 74
Trd, 258874.583, 135
Trd, 258874.817, 76
Trd, 258874.867, 134
Trd, 258875.033, 74
Trd, 258875.117, 135
Trd, 258875.333, 76
Trd, 258875.550, 138
Trd, 258875.567, 81
Trd, 258876.217, 130
Trd, 258876.600, 130
Trd, 258876.800, 111
Trd, 258876.850, 117
Trd, 258877.133, 128
Trd, 258877.400, 111
Trd, 258877.750, 123
Trd, 258878.117, 128
Trd, 258878.333, 129
Trd, 258878.433, 129
Trd, 258878.500, 130
Trd, 258878.550, 131
Trd, 258879.283, 140
Trd, 258879.300, 140
Trd, 258879.783, 140
Trd, 258880.183, 140
Trd, 258880.350, 140
Trd, 258880.417, 140
Trd, 258880.433, 140
Trd, 258881.000, 140
Trd, 258881.417, 140
Trd, 258881.500, 140
Trd, 258881.817, 140
Trd, 258881.883, 140
Trd, 258881.917, 140
Trd, 258882.033, 140
Trd, 258882.633, 140
Trd, 258882.733, 140
Trd, 258882.783, 140
Trd, 258883.000, 140
Trd, 258883.183, 108
Trd, 258883.250, 99
Trd, 258883.700, 135
Trd, 258883.900, 103
Trd, 258884.350, 114
Trd, 258884.533, 135
Trd, 258884.583, 136
Trd, 258885.100, 114
Trd, 258885.133, 113
Trd, 258885.683, 111
Trd, 258885.950, 111
Trd, 258886.000, 123
Trd, 258886.100, 110
Trd, 258886.333, 123
Trd, 258886.817, 100
Trd, 258887.000, 125
Trd, 258887.250, 135
Trd, 258887.583, 140
Trd, 258887.600, 140
Trd, 258887.667, 140
Trd, 258887.883, 140
Trd, 258887.933, 140
Trd, 258888.050, 117
Trd, 258888.367, 140
Trd, 258888.867, 140
Trd, 258888.967, 140
Trd, 258889.000, 140
Trd, 258889.133, 139
Trd, 258889.833, 117
Trd, 258889.900, 139
Trd, 258890.067, 140
Trd, 258890.100, 139
Trd, 258890.450, 140
Trd, 258890.800, 140
Trd, 258891.667, 138
Trd, 258891.850, 130
Trd, 258891.917, 127
Trd, 258892.050, 124
Trd, 258892.100, 103
Trd, 258892.250, 100
Trd, 258892.317, 139
Trd, 258893.700, 140
Trd, 258893.717, 140
Trd, 258893.767, 140
Trd, 258893.850, 140
Trd, 258894.267, 140
Trd, 258894.283, 140
Trd, 258894.833, 140
Trd, 258895.117, 140
Trd, 258895.267, 140
Trd, 258895.400, 140
Trd, 258895.683, 140
Trd, 258895.750, 140
Trd, 258895.800, 140
Trd, 258896.200, 140
Trd, 258896.383, 140
Trd, 258896.417, 140
Trd, 258896.617, 139
Trd, 258896.750, 140
Trd, 258896.900, 137
Trd, 258897.233, 136
Trd, 258897.933, 139
Trd, 258898.000, 119
Trd, 258898.067, 116
Trd, 258898.317, 110
Trd, 258899.383, 140
Trd, 258899.683, 140
Trd, 258900.017, 140
Trd, 258900.050, 140
Trd, 258900.117, 140
Trd, 258900.183, 140
Trd, 258900.533, 140
Trd, 258900.617, 140
Trd, 258900.883, 140
Trd, 258900.967, 140
Trd, 258901.050, 140
Trd, 258901.117, 140
Trd, 258901.583, 138
Trd, 258901.633, 138
Trd, 258901.683, 138
Trd, 258901.733, 124
Trd, 258901.900, 138
Trd, 258902.100, 108
Trd, 258902.667, 140
Trd, 258902.967, 140
Trd, 258903.200, 140
Trd, 258903.300, 140
Trd, 258904.200, 140
Trd, 258904.233, 140
Trd, 258904.333, 140
Trd, 258904.417, 140
Trd, 258904.483, 139
Trd, 258905.067, 139
Trd, 258906.033, 133
Trd, 258906.083, 131
Trd, 258906.217, 133
Trd, 258906.233, 135
Trd, 258906.700, 140
Trd, 258906.750, 140
Trd, 258907.017, 140
Trd, 258907.867, 140
Trd, 258908.167, 133
Trd, 258908.250, 104
Trd, 258908.417, 140
Trd, 258908.583, 97
Trd, 258908.883, 80
Trd, 258908.933, 133
Trd, 258909.133, 134
Trd, 258909.217, 135
Trd, 258909.350, 135
Trd, 258909.500, 137
Trd, 258909.550, 80
Trd, 258909.950, 139
Trd, 258909.967, 87
Trd, 258910.083, 81
Trd, 258910.267, 81
Trd, 258910.317, 80
Trd, 258910.383, 137
Trd, 258910.983, 83
Trd, 258911.133, 135
Trd, 258911.467, 138
Trd, 258911.650, 140
Trd, 258911.783, 140
Trd, 258912.200, 140
Trd, 258912.283, 140
Trd, 258913.433, 140
Trd, 258913.633, 140
Trd, 258913.733, 140
Trd, 258913.767, 140
Trd, 258913.783, 139
Trd, 258913.900, 139
Trd, 258914.117, 139
Trd, 258914.367, 140
Trd, 258914.400, 139
Trd, 258914.567, 138
Trd, 258914.667, 139
Trd, 258914.933, 140
Trd, 258915.067, 140
Trd, 258915.350, 139
Trd, 258915.667, 139
Trd, 258915.683, 133
Trd, 258915.800, 132
Trd, 258916.017, 103
Trd, 258916.317, 140
Trd, 258917.033, 140
Trd, 258917.667, 139
Trd, 258917.817, 130
Trd, 258918.050, 140
Trd, 258918.083, 139
Trd, 258918.317, 134
Trd, 258918.467, 105
Trd, 258918.567, 120
Trd, 258918.933, 109
Trd, 258919.017, 131
Trd, 258919.033, 133
Trd, 258919.117, 109
Trd, 258919.233, 134
Trd, 258919.250, 135
Trd, 258919.267, 108
Trd, 258919.600, 122
Trd, 258919.633, 135
Trd, 258919.650, 136
Trd, 258920.000, 121
Trd, 258920.017, 129
Trd, 258920.083, 110
Trd, 258920.150, 109
Trd, 258920.250, 108
Trd, 258921.067, 108
Trd, 258921.350, 109
Trd, 258921.517, 129
Trd, 258921.767, 113
Trd, 258922.033, 122
Trd, 258922.233, 116
Trd, 258922.283, 121
Trd, 258922.417, 105
Trd, 258922.483, 122
Trd, 258922.883, 104
Trd, 258923.150, 140
Trd, 258923.367, 140
Trd, 258923.400, 101
Trd, 258923.550, 98
Trd, 258923.750, 91
Trd, 258924.283, 140
Trd, 258924.467, 140
Trd, 258925.100, 140
Trd, 258925.517, 140
Trd, 258925.600, 140
Trd, 258925.617, 140
Trd, 258925.983, 139
Trd, 258926.200, 139
Trd, 258926.250, 139
Trd, 258926.350, 139
Trd, 258926.550, 138
Trd, 258926.600, 135
Trd, 258926.767, 139
Trd, 258926.983, 140
Trd, 258927.000, 122
Trd, 258927.350, 133
Trd, 258927.550, 121
Trd, 258927.650, 140
Trd, 258927.950, 140
Trd, 258928.267, 140
Trd, 258928.483, 140
Trd, 258928.800, 140
Trd, 258929.400, 140
Trd, 258929.467, 140
Trd, 258930.783, 140
Trd, 258930.900, 140
Trd, 258930.967, 140
Trd, 258930.983, 140
Trd, 258931.033, 140
Trd, 258931.150, 140
Trd, 258931.167, 140
Trd, 258931.383, 140
Trd, 258931.400, 140
Trd, 258931.550, 140
Trd, 258931.800, 140
Trd, 258932.217, 140
Trd, 258932.317, 140
Trd, 258932.417, 140
Trd, 258932.533, 139
Trd, 258933.983, 140
Trd, 258934.167, 140
Trd, 258934.517, 140
Trd, 258934.850, 140
Trd, 258934.900, 140
Trd, 258934.917, 140
Trd, 258934.950, 140
Trd, 258934.967, 139
Trd, 258935.300, 138
Trd, 258935.733, 140
Trd, 258935.983, 140
Trd, 258936.650, 140
Trd, 258936.867, 140
Trd, 258937.300, 140
Trd, 258937.483, 140
Trd, 258937.667, 140
Trd, 258937.750, 140
Trd, 258937.900, 140
Trd, 258938.033, 140
Trd, 258938.150, 139
Trd, 258938.417, 139
Trd, 258938.617, 139
Trd, 258938.650, 138
Trd, 258938.817, 138
Trd, 258938.850, 140
Trd, 258938.900, 108
Trd, 258938.983, 101
Trd, 258939.467, 140
Trd, 258939.950, 140
Trd, 258940.000, 140
Trd, 258940.783, 140
Trd, 258940.950, 113
Trd, 258941.267, 139
Trd, 258941.383, 137
Trd, 258941.417, 113
Trd, 258941.600, 118
Trd, 258941.783, 105
Trd, 258941.967, 140
Trd, 258942.000, 101
Trd, 258942.333, 140
Trd, 258943.150, 140
Trd, 258943.533, 140
Trd, 258943.600, 140
Trd, 258943.650, 140
Trd, 258943.900, 140
Trd, 258943.933, 140
Trd, 258944.167, 140
Trd, 258944.467, 140
Trd, 258944.533, 140
Trd, 258944.550, 140
Trd, 258944.650, 140
Trd, 258944.783, 140
Trd, 258945.550, 140
Trd, 258945.717, 140
Trd, 258946.033, 140
Trd, 258947.133, 140
Trd, 258947.217, 140
Trd, 258947.500, 140
Trd, 258947.567, 138
Trd, 258948.050, 138
Trd, 258948.150, 138
Trd, 258948.367, 140
Trd, 258948.483, 140
Trd, 258948.650, 139
Trd, 258948.850, 140
Trd, 258948.883, 111
Trd, 258948.933, 138
Trd, 258949.250, 140
Trd, 258949.267, 112
Trd, 258949.850, 139
Trd, 258950.367, 136
Trd, 258950.383, 135
Trd, 258950.417, 139
Trd, 258950.583, 129
Trd, 258950.617, 114
Trd, 258950.850, 112
Trd, 258951.017, 111
Trd, 258951.200, 139
Trd, 258952.583, 140
Trd, 258953.083, 140
Trd, 258953.117, 140
Trd, 258953.167, 140
Trd, 258953.217, 140
Trd, 258953.600, 140
Trd, 258953.717, 140
Trd, 258954.133, 140
Trd, 258954.267, 140
Trd, 258954.400, 140
Trd, 258954.450, 140
Trd, 258954.783, 134
Trd, 258954.950, 140
Trd, 258955.367, 138
Trd, 258955.383, 139
Trd, 258955.717, 137
Trd, 258956.050, 135
Trd, 258956.283, 136
Trd, 258957.333, 117
Trd, 258957.400, 129
Trd, 258957.517, 116
Trd, 258957.683, 129
Trd, 258957.900, 129
Trd, 258957.917, 131
Trd, 258958.033, 114
Trd, 258958.217, 114
Trd, 258958.267, 113
Trd, 258958.367, 111
Trd, 258958.417, 130
Trd, 258958.433, 90
Trd, 258958.867, 88
Trd, 258959.500, 93
Trd, 258959.600, 98
Trd, 258959.900, 93
Trd, 258960.317, 94
Trd, 258960.450, 95
Trd, 258960.583, 96
Trd, 258960.600, 91
Trd, 258960.667, 124
Trd, 258960.950, 125
Trd, 258961.017, 119
Trd, 258961.467, 139
Trd, 258961.650, 131
Trd, 258962.017, 107
Trd, 258962.200, 90
Trd, 258962.600, 91
Trd, 258962.867, 95
Trd, 258962.933, 106
Trd, 258963.000, 105
Trd, 258963.650, 94
Trd, 258963.717, 106
Trd, 258963.850, 107
Trd, 258964.117, 97
Trd, 258964.283, 98
Trd, 258964.450, 135
Trd, 258964.800, 99
Trd, 258964.850, 97
Trd, 258965.267, 113
Trd, 258965.350, 98
Trd, 258965.733, 137
Trd, 258966.150, 140
Trd, 258966.467, 140
Trd, 258967.183, 140
Trd, 258967.800, 140
Trd, 258967.850, 140
Trd, 258967.867, 140
Trd, 258968.033, 140
Trd, 258968.183, 140
Trd, 258968.250, 140
Trd, 258968.267, 139
Trd, 258968.767, 140
Trd, 258968.950, 140
Trd, 258969.000, 140
Trd, 258969.100, 134
Trd, 258969.650, 132
Trd, 258969.833, 133
Trd, 258970.217, 133
Trd, 258970.383, 130
Trd, 258970.400, 115
Trd, 258970.483, 114
Trd, 258970.983, 118
Trd, 258971.133, 117
Trd, 258971.200, 115
Trd, 258971.267, 110
Trd, 258971.450, 119
Trd, 258971.550, 132
Trd, 258971.850, 133
Trd, 258971.867, 112
Trd, 258971.933, 111
Trd, 258972.000, 110
Trd, 258972.217, 135
Trd, 258973.333, 95
Trd, 258973.517, 96
Trd, 258973.533, 95
Trd, 258973.933, 138
Trd, 258974.633, 140
Trd, 258974.883, 140
Trd, 258975.717, 140
Trd, 258975.850, 140
Trd, 258976.150, 140
Trd, 258976.450, 140
Trd, 258976.517, 139
Trd, 258977.200, 140
Trd, 258977.517, 140
Trd, 258977.767, 140
Trd, 258977.883, 140
Trd, 258977.917, 140
Trd, 258977.967, 140
Trd, 258978.283, 140
Trd, 258978.700, 140
Trd, 258979.533, 140
Trd, 258979.583, 140
Trd, 258980.283, 140
Trd, 258980.633, 140
Trd, 258980.733, 140
Trd, 258980.767, 140
Trd, 258981.067, 140
Trd, 258981.200, 140
Trd, 258981.350, 140
Trd, 258981.417, 140
Trd, 258981.450, 140
Trd, 258981.533, 140
Trd, 258981.583, 139
Trd, 258982.000, 138
Trd, 258982.200, 140
Trd, 258982.300, 140
Trd, 258982.767, 140
Trd, 258982.867, 140
Trd, 258983.033, 139
Trd, 258983.433, 138
Trd, 258983.500, 138
Trd, 258983.883, 140
Trd, 258984.150, 140
Trd, 258984.467, 111
Trd, 258984.833, 138
Trd, 258984.967, 136
Trd, 258985.533, 115
Trd, 258985.650, 115
Trd, 258985.683, 116
Trd, 258985.750, 113
Trd, 258985.867, 116
Trd, 258986.067, 112
Trd, 258986.250, 114
Trd, 258986.300, 115
Trd, 258986.650, 118
Trd, 258986.900, 117
Trd, 258986.983, 121
Trd, 258987.017, 122
Trd, 258988.150, 99
Trd, 258988.400, 137
Trd, 258988.883, 140
Trd, 258988.900, 140
Trd, 258989.383, 140
Trd, 258989.533, 140
Trd, 258989.650, 140
Trd, 258989.667, 140
Trd, 258989.717, 139
Trd, 258989.733, 138
Trd, 258990.317, 140
Trd, 258990.333, 140
Trd, 258991.567, 140
Trd, 258991.867, 140
Trd, 258992.117, 140
Trd, 258992.417, 140
Trd, 258992.483, 140
Trd, 258992.717, 140
Trd, 258993.633, 140
Trd, 258993.683, 140
Trd, 258994.083, 140
Trd, 258994.117, 140
Trd, 258994.483, 140
Trd, 258994.683, 140
Trd, 258994.817, 140
Trd, 258994.933, 140
Trd, 258994.950, 140
Trd, 258995.067, 140
Trd, 258995.150, 139
Trd, 258995.500, 138
Trd, 258995.517, 139
Trd, 258995.983, 140
Trd, 258996.500, 140
Trd, 258996.650, 140
Trd, 258997.033, 140
Trd, 258997.267, 137
Trd, 258997.483, 140
Trd, 258997.567, 139
Trd, 258997.733, 122
Trd, 258997.933, 139
Trd, 258998.200, 138
Trd, 258998.767, 140
Trd, 258998.950, 131
Trd, 258999.017, 125
Trd, 258999.150, 132
Trd, 258999.417, 139
Trd, 258999.450, 138
Trd, 259000.317, 140
Trd, 259000.567, 140
Trd, 259000.867, 140
Trd, 259000.967, 140
Trd, 259001.583, 140
Trd, 259001.600, 139
Trd, 259001.633, 139
Trd, 259001.750, 139
Trd, 259001.833, 138
Trd, 259002.233, 130
Trd, 259002.267, 109
Trd, 259002.400, 136
Trd, 259002.617, 98
Trd, 259002.783, 95
Trd, 259003.133, 127
Trd, 259003.333, 130
Trd, 259003.450, 100
Trd, 259003.533, 94
Trd, 259004.083, 109
Trd, 259004.233, 127
Trd, 259004.283, 113
Trd, 259004.350, 132
Trd, 259004.367, 137
Trd, 259004.467, 139
Trd, 259004.617, 111
Trd, 259004.633, 110
Trd, 259004.767, 124
Trd, 259005.133, 139
Trd, 259005.900, 139
Trd, 259006.000, 138
Trd, 259006.050, 133
Trd, 259006.200, 133
Trd, 259006.350, 132
Trd, 259006.667, 109
Trd, 259006.733, 106
Trd, 259007.033, 85
Trd, 259007.900, 140
Trd, 259008.033, 140
Trd, 259008.217, 140
Trd, 259008.383, 132
Trd, 259008.800, 140
Trd, 259008.950, 140
Trd, 259009.000, 140
Trd, 259009.317, 139
Trd, 259009.533, 138
Trd, 259010.017, 138
Trd, 259010.200, 132
Trd, 259010.267, 136
Trd, 259010.317, 132
Trd, 259010.367, 135
Trd, 259010.383, 137
Trd, 259010.400, 131
Trd, 259010.433, 124
Trd, 259010.833, 138
Trd, 259010.917, 139
Trd, 259010.967, 112
Trd, 259011.150, 135
Trd, 259011.317, 111
Trd, 259011.567, 110
Trd, 259011.783, 98
Trd, 259012.717, 140
Trd, 259012.817, 140
Trd, 259012.867, 140
Trd, 259013.283, 111
Trd, 259013.883, 140
Trd, 259014.000, 140
Trd, 259014.183, 140
Trd, 259014.200, 139
Trd, 259014.300, 136
Trd, 259014.783, 122
Trd, 259015.000, 105
Trd, 259015.083, 125
Trd, 259015.100, 126
Trd, 259015.133, 134
Trd, 259015.417, 100
Trd, 259015.717, 100
Trd, 259015.867, 102
Trd, 259015.900, 100
Trd, 259015.933, 99
Trd, 259016.600, 116
Trd, 259016.617, 115
Trd, 259016.933, 118
Trd, 259016.967, 119
Trd, 259017.433, 130
Trd, 259017.467, 116
Trd, 259017.500, 129
Trd, 259017.550, 121
Trd, 259017.617, 104
Trd, 259017.900, 101
Trd, 259018.900, 80
Trd, 259019.167, 74
Trd, 259019.667, 60
Trd, 259019.683, 60
Trd, 259019.717, 61
Trd, 259019.767, 63
Trd, 259019.900, 76
Trd, 259019.950, 77
Trd, 259020.100, 81
Trd, 259020.433, 67
Trd, 259020.450, 117
Trd, 259020.633, 140
Trd, 259021.450, 140
Trd, 259021.683, 140
Trd, 259021.883, 140
Trd, 259021.933, 140
Trd, 259022.067, 140
Trd, 259022.100, 140
Trd, 259022.583, 140
Trd, 259022.833, 140
Trd, 259022.867, 140
Trd, 259023.500, 140
Trd, 259023.517, 140
Trd, 259023.700, 140
Trd, 259023.717, 140
Trd, 259023.983, 140
Trd, 259024.017, 140
Trd, 259024.033, 139
Trd, 259024.333, 137
Trd, 259024.617, 125
Trd, 259024.717, 140
Trd, 259024.767, 138
Trd, 259024.883, 124
Trd, 259024.917, 112
Trd, 259025.217, 100
Trd, 259025.267, 98
Trd, 259025.917, 116
Trd, 259026.033, 135
Trd, 259026.367, 115
Trd, 259026.383, 107
Trd, 259026.533, 128
Trd, 259026.650, 100
Trd, 259026.667, 86
Trd, 259026.867, 82
Trd, 259027.317, 77
Trd, 259027.350, 94
Trd, 259027.583, 96
Trd, 259027.800, 114
Trd, 259027.867, 133
Trd, 259028.500, 129
Trd, 259028.733, 85
Trd, 259028.933, 84
Trd, 259029.067, 63
Trd, 259029.150, 92
Trd, 259029.317, 127
Trd, 259029.783, 125
Trd, 259030.200, 125
Trd, 259030.367, 126
Trd, 259030.517, 131
Trd, 259030.883, 140
Trd, 259031.083, 140
Trd, 259031.317, 140
Trd, 259031.367, 140
Trd, 259031.433, 140
Trd, 259031.583, 140
Trd, 259031.633, 140
Trd, 259031.733, 140
Trd, 259031.967, 140
Trd, 259032.567, 140
Trd, 259032.850, 139
Trd, 259033.017, 140
Trd, 259033.600, 140
Trd, 259033.683, 140
Trd, 259033.717, 140
Trd, 259033.900, 140
Trd, 259033.983, 140
Trd, 259034.017, 138
Trd, 259034.117, 139
Trd, 259034.300, 101
Trd, 259034.517, 105
Trd, 259034.700, 126
Trd, 259035.050, 92
Trd, 259035.133, 108
Trd, 259035.167, 114
Trd, 259035.267, 127
Trd, 259035.333, 138
Trd, 259035.917, 133
Trd, 259035.933, 78
Trd, 259036.417, 66
Trd, 259037.000, 139
Trd, 259037.383, 139
Trd, 259037.750, 140
Trd, 259038.317, 140
Trd, 259038.483, 137
Trd, 259038.517, 137
Trd, 259039.017, 140
Trd, 259039.167, 140
Trd, 259039.483, 140
Trd, 259039.650, 140
Trd, 259039.717, 140
Trd, 259039.817, 140
Trd, 259040.000, 140
Trd, 259040.167, 140
Trd, 259040.300, 139
Trd, 259040.433, 139
Trd, 259040.633, 139
Trd, 259040.750, 140
Trd, 259040.783, 137
Trd, 259041.133, 140
Trd, 259041.167, 140
Trd, 259041.300, 140
Trd, 259041.467, 140
Trd, 259041.567, 140
Trd, 259041.983, 140
Trd, 259042.733, 140
Trd, 259042.967, 140
Trd, 259043.500, 140
Trd, 259043.600, 140
Trd, 259043.700, 140
Trd, 259043.967, 140
Trd, 259044.000, 140
Trd, 259044.017, 140
Trd, 259044.300, 140
Trd, 259044.567, 140
Trd, 259044.700, 140
Trd, 259044.767, 140
Trd, 259044.933, 140
Trd, 259045.317, 140
Trd, 259045.517, 139
Trd, 259045.667, 139
Trd, 259046.383, 140
Trd, 259046.867, 140
Trd, 259047.183, 140
Trd, 259047.933, 140
Trd, 259048.350, 140
Trd, 259048.500, 140
Trd, 259048.517, 140
Trd, 259048.600, 139
Trd, 259048.667, 139
Trd, 259048.767, 139
Trd, 259048.967, 140
Trd, 259049.483, 140
Trd, 259049.833, 140
Trd, 259049.933, 139
Trd, 259050.150, 138
Trd, 259050.300, 139
Trd, 259050.667, 138
Trd, 259050.817, 136
Trd, 259051.067, 136
Trd, 259051.250, 134
Trd, 259051.317, 136
Trd, 259051.367, 117
Trd, 259051.667, 122
Trd, 259051.783, 120
Trd, 259051.900, 89
Trd, 259052.217, 120
Trd, 259052.400, 124
Trd, 259052.467, 119
Trd, 259052.483, 99
Trd, 259053.067, 114
Trd, 259053.500, 140
Trd, 259054.700, 140
Trd, 259054.833, 140
Trd, 259054.850, 140
Trd, 259054.883, 140
Trd, 259054.933, 140
Trd, 259055.150, 140
Trd, 259055.567, 140
Trd, 259055.583, 140
Trd, 259055.733, 140
Trd, 259056.233, 140
Trd, 259056.833, 140
Trd, 259056.867, 140
Trd, 259056.900, 140
Trd, 259057.267, 140
Trd, 259057.333, 140
Trd, 259057.483, 140
Trd, 259057.667, 140
Trd, 259058.017, 140
Trd, 259058.133, 140
Trd, 259058.200, 138
Trd, 259058.233, 137
Trd, 259058.467, 101
Trd, 259059.033, 140
Trd, 259059.067, 139
Trd, 259059.417, 140
Trd, 259059.500, 98
Trd, 259059.717, 139
Trd, 259060.250, 127
Trd, 259060.367, 127
Trd, 259060.917, 140
Trd, 259061.733, 140
Trd, 259061.767, 140
Trd, 259061.783, 140
Trd, 259063.250, 140
Trd, 259063.717, 140
Trd, 259063.950, 140
Trd, 259064.467, 140
Trd, 259064.817, 140
Trd, 259064.917, 140
Trd, 259064.967, 140
Trd, 259065.250, 140
Trd, 259065.283, 140
Trd, 259065.367, 140
Trd, 259065.833, 140
Trd, 259065.950, 140
Trd, 259066.033, 140
Trd, 259066.050, 140
Trd, 259066.250, 140
Trd, 259066.317, 140
Trd, 259066.500, 140
Trd, 259066.717, 139
Trd, 259066.783, 140
Trd, 259067.567, 140
Trd, 259067.667, 140
Trd, 259067.683, 140
Trd, 259067.950, 138
Trd, 259068.100, 139
Trd, 259068.117, 138
Trd, 259068.217, 134
Trd, 259068.567, 135
Trd, 259068.633, 136
Trd, 259068.700, 138
Trd, 259068.867, 118
Trd, 259068.950, 138
Trd, 259068.967, 111
Trd, 259069.233, 136
Trd, 259069.683, 119
Trd, 259069.883, 118
Trd, 259069.933, 138
Trd, 259070.217, 104
Trd, 259070.500, 129
Trd, 259070.850, 103
Trd, 259070.867, 102
Trd, 259071.100, 103
Trd, 259071.183, 134
Trd, 259071.217, 135
Trd, 259071.650, 140
Trd, 259072.317, 140
Trd, 259072.633, 140
Trd, 259072.667, 140
Trd, 259072.783, 140
Trd, 259072.967, 140
Trd, 259072.983, 140
Trd, 259073.133, 140
Trd, 259073.350, 140
Trd, 259073.600, 139
Trd, 259073.750, 139
Trd, 259073.800, 116
Trd, 259074.500, 116
Trd, 259074.533, 97
Trd, 259074.650, 121
Trd, 259074.900, 121
Trd, 259074.933, 123
Trd, 259075.017, 123
Trd, 259075.500, 136
Trd, 259075.667, 137
Trd, 259076.333, 140
Trd, 259076.417, 140
Trd, 259076.600, 140
Trd, 259076.700, 139
Trd, 259076.717, 128
Trd, 259077.183, 140
Trd, 259077.817, 140
Trd, 259078.267, 138
Trd, 259078.533, 140
Trd, 259078.667, 140
Trd, 259078.800, 139
Trd, 259078.817, 138
Trd, 259079.050, 140
Trd, 259079.850, 140
Trd, 259080.017, 140
Trd, 259080.450, 140
Trd, 259080.617, 140
Trd, 259080.833, 140
Trd, 259081.050, 140
Trd, 259081.383, 140
Trd, 259081.783, 140
Trd, 259081.933, 140
Trd, 259081.967, 139
Trd, 259082.017, 139
Trd, 259082.167, 140
Trd, 259082.267, 139
Trd, 259082.450, 138
Trd, 259082.817, 137
Trd, 259083.600, 140
Trd, 259083.767, 140
Trd, 259083.833, 140
Trd, 259084.050, 140
Trd, 259084.133, 139
Trd, 259084.383, 122
Trd, 259084.633, 137
Trd, 259084.800, 140
Trd, 259084.933, 139
Trd, 259085.333, 140
Trd, 259085.350, 133
Trd, 259085.383, 128
Trd, 259086.033, 140
Trd, 259086.333, 140
Trd, 259086.783, 140
Trd, 259086.983, 140
Trd, 259087.033, 140
Trd, 259087.317, 140
Trd, 259087.383, 140
Trd, 259087.400, 140
Trd, 259087.500, 122
Trd, 259087.983, 140
Trd, 259088.017, 140
Trd, 259088.183, 140
Trd, 259088.300, 140
Trd, 259089.067, 140
Trd, 259089.850, 139
Trd, 259090.033, 138
Trd, 259090.300, 140
Trd, 259090.633, 140
Trd, 259090.717, 140
Trd, 259090.817, 140
Trd, 259090.867, 140
Trd, 259090.950, 139
Trd, 259091.133, 139
Trd, 259091.250, 139
Trd, 259091.600, 139
Trd, 259091.933, 137
Trd, 259092.300, 140
Trd, 259092.533, 136
Trd, 259092.617, 139
Trd, 259092.750, 140
Trd, 259093.183, 108
Trd, 259093.833, 140
Trd, 259093.867, 140
Trd, 259094.250, 111
Trd, 259094.400, 140
Trd, 259094.483, 114
Trd, 259094.600, 140
Trd, 259094.617, 113
Trd, 259094.733, 114
Trd, 259095.167, 109
Trd, 259095.283, 140
Trd, 259095.533, 109
Trd, 259095.867, 124
Trd, 259096.667, 140
Trd, 259096.900, 140
Trd, 259097.333, 140
Trd, 259097.483, 140
Trd, 259097.550, 140
Trd, 259097.717, 140
Trd, 259098.350, 140
Trd, 259098.500, 140
Trd, 259098.550, 140
Trd, 259098.767, 140
Trd, 259098.800, 140
Trd, 259099.050, 140
Trd, 259099.200, 140
Trd, 259099.217, 140
Trd, 259099.250, 139
Trd, 259099.550, 140
Trd, 259099.667, 140
Trd, 259099.833, 140
Trd, 259100.283, 140
Trd, 259100.667, 140
Trd, 259101.100, 140
Trd, 259101.267, 139
Trd, 259101.283, 139
Trd, 259102.333, 140
Trd, 259102.483, 140
Trd, 259102.517, 140
Trd, 259102.833, 139
Trd, 259103.000, 137
Trd, 259103.017, 137
Trd, 259103.533, 127
Trd, 259103.733, 140
Trd, 259103.983, 135
Trd, 259104.200, 134
Trd, 259104.300, 99
Trd, 259104.333, 138
Trd, 259104.467, 98
Trd, 259104.600, 137
Trd, 259104.833, 92
Trd, 259104.933, 91
Trd, 259104.983, 90
Trd, 259105.033, 137
Trd, 259105.767, 140
Trd, 259106.867, 140
Trd, 259107.433, 140
Trd, 259107.733, 140
Trd, 259108.067, 140
Trd, 259108.133, 140
Trd, 259108.367, 140
Trd, 259108.400, 140
Trd, 259108.867, 140
Trd, 259108.917, 140
Trd, 259109.400, 140
Trd, 259109.433, 140
Trd, 259109.667, 140
Trd, 259109.817, 140
Trd, 259110.050, 140
Trd, 259110.683, 140
Trd, 259110.733, 140
Trd, 259110.883, 140
Trd, 259110.983, 140
Trd, 259111.000, 140
Trd, 259111.117, 140
Trd, 259111.683, 140
Trd, 259111.933, 140
Trd, 259112.100, 139
Trd, 259112.217, 133
Trd, 259112.550, 122
Trd, 259112.633, 114
Trd, 259113.067, 109
Trd, 259113.567, 115
Trd, 259113.750, 103
Trd, 259113.983, 75
Trd, 259114.200, 114
Trd, 259114.300, 115
Trd, 259114.550, 116
Trd, 259114.600, 137
Trd, 259115.017, 140
Trd, 259115.283, 140
Trd, 259115.350, 140
Trd, 259115.367, 140
Trd, 259115.683, 140
Trd, 259115.700, 140
Trd, 259115.733, 140
Trd, 259115.800, 140
Trd, 259116.000, 140
Trd, 259116.067, 140
Trd, 259116.450, 140
Trd, 259117.417, 140
Trd, 259117.433, 140
Trd, 259117.600, 140
Trd, 259117.750, 140
Trd, 259117.833, 138
Trd, 259117.883, 117
Trd, 259118.200, 121
Trd, 259118.450, 139
Trd, 259118.783, 140
Trd, 259119.100, 140
Trd, 259119.267, 140
Trd, 259120.083, 140
Trd, 259120.317, 140
Trd, 259120.383, 140
Trd, 259120.567, 140
Trd, 259120.600, 140
Trd, 259120.883, 140
Trd, 259121.883, 140
Trd, 259122.117, 140
Trd, 259122.133, 140
Trd, 259122.533, 140
Trd, 259123.700, 140
Trd, 259123.950, 140
Trd, 259124.050, 140
Trd, 259124.467, 140
Trd, 259124.533, 140
Trd, 259124.950, 140
Trd, 259125.150, 140
Trd, 259125.300, 140
Trd, 259125.367, 140
Trd, 259125.700, 140
Trd, 259126.400, 140
Trd, 259127.033, 140
Trd, 259127.183, 140
Trd, 259127.350, 140
Trd, 259127.667, 140
Trd, 259127.917, 140
Trd, 259128.067, 140
Trd, 259128.083, 140
Trd, 259128.117, 140
Trd, 259128.417, 139
Trd, 259128.600, 139
Trd, 259128.650, 138
Trd, 259128.767, 139
Trd, 259128.917, 127
Trd, 259128.950, 139
Trd, 259128.983, 140
Trd, 259129.033, 139
Trd, 259129.083, 112
Trd, 259129.667, 117
Trd, 259129.917, 116
Trd, 259130.233, 120
Trd, 259130.700, 140
Trd, 259131.083, 140
Trd, 259132.017, 140
Trd, 259132.183, 140
Trd, 259132.450, 140
Trd, 259132.633, 140
Trd, 259132.700, 140
Trd, 259132.783, 140
Trd, 259132.850, 140
Trd, 259132.983, 140
Trd, 259133.183, 140
Trd, 259133.367, 140
Trd, 259133.633, 140
Trd, 259133.950, 140
Trd, 259134.133, 140
Trd, 259134.650, 140
Trd, 259134.700, 140
Trd, 259134.717, 140
Trd, 259134.800, 140
Trd, 259135.033, 140
Trd, 259135.083, 140
Trd, 259135.150, 140
Trd, 259136.500, 140
Trd, 259136.550, 140
Trd, 259136.617, 140
Trd, 259137.067, 140
Trd, 259137.133, 139
Trd, 259137.167, 139
Trd, 259137.233, 139
Trd, 259137.283, 138
Trd, 259137.483, 134
Trd, 259137.633, 127
Trd, 259137.933, 117
Trd, 259138.067, 140
Trd, 259138.183, 129
Trd, 259138.467, 70
Trd, 259138.600, 72
Trd, 259138.900, 140
Trd, 259139.300, 140
Trd, 259139.333, 140
Trd, 259139.467, 140
Trd, 259140.083, 140
Trd, 259140.367, 140
Trd, 259140.783, 140
Trd, 259140.983, 140
Trd, 259141.750, 140
Trd, 259141.817, 140
Trd, 259142.383, 140
Trd, 259142.417, 140
Trd, 259142.483, 140
Trd, 259142.567, 140
Trd, 259142.767, 140
Trd, 259143.100, 140
Trd, 259143.217, 140
Trd, 259143.300, 140
Trd, 259143.517, 139
Trd, 259143.683, 140
Trd, 259143.983, 140
Trd, 259144.067, 140
Trd, 259144.217, 140
Trd, 259144.250, 140
Trd, 259144.367, 140
Trd, 259144.700, 140
Trd, 259144.867, 140
Trd, 259144.933, 140
Trd, 259145.000, 120
Trd, 259145.300, 128
Trd, 259145.367, 135
Trd, 259145.533, 99
Trd, 259145.833, 110
Trd, 259145.883, 138
Trd, 259146.700, 123
Trd, 259146.783, 126
Trd, 259146.867, 92
Trd, 259146.950, 129
Trd, 259148.250, 140
Trd, 259148.450, 140
Trd, 259148.517, 140
Trd, 259148.667, 140
Trd, 259148.717, 140
Trd, 259148.750, 140
Trd, 259148.817, 137
Trd, 259149.450, 137
Trd, 259149.467, 102
Trd, 259149.483, 102
Trd, 259149.617, 99
Trd, 259149.767, 93
Trd, 259150.050, 131
Trd, 259150.167, 130
Trd, 259150.467, 133
Trd, 259150.567, 109
Trd, 259150.833, 108
Trd, 259151.033, 132
Trd, 259151.667, 135
Trd, 259151.850, 124
Trd, 259152.167, 133
Trd, 259152.367, 134
Trd, 259153.400, 140
Trd, 259153.550, 139
Trd, 259153.583, 138
Trd, 259153.867, 140
Trd, 259154.600, 140
Trd, 259154.633, 139
Trd, 259155.100, 140
Trd, 259155.133, 140
Trd, 259155.150, 140
Trd, 259155.267, 140
Trd, 259155.367, 138
Trd, 259155.517, 137
Trd, 259155.917, 139
Trd, 259156.033, 122
Trd, 259156.217, 131
Trd, 259156.333, 136
Trd, 259156.433, 123
Trd, 259156.567, 121
Trd, 259156.600, 137
Trd, 259156.700, 139
Trd, 259157.083, 139
Trd, 259157.150, 138
Trd, 259157.217, 137
Trd, 259157.333, 111
Trd, 259157.400, 125
Trd, 259157.517, 103
Trd, 259157.717, 139
Trd, 259158.150, 98
Trd, 259158.317, 115
Trd, 259158.617, 140
Trd, 259158.667, 140
Trd, 259158.933, 140
Trd, 259159.333, 140
Trd, 259159.350, 140
Trd, 259159.817, 140
Trd, 259160.517, 140
Trd, 259160.550, 140
Trd, 259160.817, 139
Trd, 259161.300, 140
Trd, 259161.350, 140
Trd, 259161.633, 139
Trd, 259163.267, 140
Trd, 259163.983, 140
Trd, 259164.150, 140
Trd, 259164.433, 140
Trd, 259164.517, 140
Trd, 259164.550, 140
Trd, 259164.717, 140
Trd, 259164.817, 140
Trd, 259165.083, 140
Trd, 259165.450, 140
Trd, 259165.467, 140
Trd, 259165.683, 140
Trd, 259165.967, 139
Trd, 259166.200, 140
Trd, 259166.683, 140
Trd, 259166.717, 140
Trd, 259166.767, 138
Trd, 259166.833, 139
Trd, 259167.067, 140
Trd, 259167.250, 136
Trd, 259167.267, 112
Trd, 259167.433, 123
Trd, 259167.700, 138
Trd, 259168.267, 139
Trd, 259168.383, 134
Trd, 259168.533, 140
Trd, 259168.767, 139
Trd, 259168.983, 140
Trd, 259169.067, 139
Trd, 259169.317, 139
Trd, 259169.433, 140
Trd, 259169.500, 140
Trd, 259169.667, 140
Trd, 259169.900, 140
Trd, 259170.117, 140
Trd, 259170.133, 140
Trd, 259170.400, 140
Trd, 259170.483, 139
Trd, 259171.300, 129
Trd, 259171.450, 130
Trd, 259171.600, 129
Trd, 259171.767, 138
Trd, 259172.000, 140
Trd, 259172.083, 140
Trd, 259172.217, 127
Trd, 259172.333, 121
Trd, 259172.500, 136
Trd, 259173.283, 112
Trd, 259173.433, 111
Trd, 259173.617, 130
Trd, 259173.717, 130
Trd, 259173.733, 131
Trd, 259173.950, 133
Trd, 259174.117, 83
Trd, 259174.233, 85
Trd, 259174.433, 64
Trd, 259174.917, 76
Trd, 259175.400, 101
Trd, 259175.617, 102
Trd, 259175.700, 104
Trd, 259175.917, 108
Trd, 259175.933, 108
Trd, 259176.550, 140
Trd, 259176.833, 140
Trd, 259176.867, 140
Trd, 259177.167, 140
Trd, 259177.800, 140
Trd, 259177.883, 140
Trd, 259178.283, 140
Trd, 259178.967, 140
Trd, 259179.000, 140
Trd, 259179.167, 140
Trd, 259179.217, 140
Trd, 259179.333, 140
Trd, 259179.400, 140
Trd, 259179.500, 140
Trd, 259179.683, 140
Trd, 259179.817, 140
Trd, 259179.933, 140
Trd, 259180.017, 139
Trd, 259180.583, 140
Trd, 259180.717, 140
Trd, 259181.017, 140
Trd, 259181.217, 140
Trd, 259181.417, 139
Trd, 259181.550, 139
Trd, 259181.700, 136
Trd, 259182.667, 140
Trd, 259183.183, 140
Trd, 259183.400, 140
Trd, 259183.750, 140
Trd, 259184.033, 140
Trd, 259184.850, 140
Trd, 259185.333, 140
Trd, 259185.483, 140
Trd, 259185.750, 140
Trd, 259185.767, 140
Trd, 259186.033, 140
Trd, 259186.050, 140
Trd, 259186.250, 140
Trd, 259186.583, 140
Trd, 259187.250, 140
Trd, 259187.333, 140
Trd, 259187.733, 140
Trd, 259188.017, 140
Trd, 259188.067, 140
Trd, 259188.317, 140
Trd, 259188.333, 140
Trd, 259188.550, 139
Trd, 259188.817, 140
Trd, 259189.383, 140
Trd, 259189.550, 140
Trd, 259189.567, 140
Trd, 259189.817, 139
Trd, 259189.850, 139
Trd, 259189.883, 138
Trd, 259189.950, 140
Trd, 259189.967, 138
Trd, 259190.267, 128
Trd, 259190.317, 137
Trd, 259190.717, 130
Trd, 259190.967, 128
Trd, 259191.100, 137
Trd, 259191.117, 127
Trd, 259191.367, 139
Trd, 259191.433, 111
Trd, 259191.933, 107
Trd, 259192.250, 140
Trd, 259193.083, 124
Trd, 259193.417, 125
Trd, 259193.717, 139
Trd, 259193.917, 140
Trd, 259194.317, 137
Trd, 259194.400, 132
Trd, 259194.667, 136
Trd, 259194.717, 137
Trd, 259194.833, 136
Trd, 259194.867, 137
Trd, 259194.917, 138
Trd, 259195.433, 137
Trd, 259195.533, 136
Trd, 259195.833, 140
Trd, 259195.850, 139
Trd, 259196.167, 140
Trd, 259196.533, 140
Trd, 259196.567, 140
Trd, 259196.650, 140
Trd, 259196.667, 138
Trd, 259197.467, 138
Trd, 259197.567, 137
Trd, 259197.700, 140
Trd, 259197.900, 139
Trd, 259198.067, 139
Trd, 259198.500, 117
Trd, 259198.550, 116
Trd, 259198.917, 116
Trd, 259199.167, 118
Trd, 259199.467, 100
