Trd, 258590.050, 137
Trd, 258590.133, 127
Trd, 258590.300, 139
Trd, 258590.700, 140
Trd, 258591.017, 140
Trd, 258591.333, 140
Trd, 258591.983, 140
Trd, 258592.233, 140
Trd, 258592.633, 140
Trd, 258593.050, 140
Trd, 258593.233, 140
Trd, 258593.267, 140
Trd, 258593.733, 140
Trd, 258593.933, 139
Trd, 258594.233, 139
Trd, 258594.300, 139
Trd, 258594.517, 140
Trd, 258594.617, 139
Trd, 258594.833, 140
Trd, 258594.933, 140
Trd, 258595.217, 140
Trd, 258595.650, 140
Trd, 258596.183, 140
Trd, 258596.233, 140
Trd, 258596.833, 140
Trd, 258597.417, 140
Trd, 258597.517, 140
Trd, 258597.800, 140
Trd, 258598.267, 140
Trd, 258598.450, 140
Trd, 258598.500, 140
Trd, 258598.900, 140
Trd, 258598.917, 140
Trd, 258599.383, 140
Trd, 258599.533, 140
Trd, 258599.950, 140
Trd, 258600.283, 140
Trd, 258600.933, 140
Trd, 258601.017, 140
Trd, 258601.067, 140
Trd, 258602.167, 140
Trd, 258602.250, 140
Trd, 258602.317, 140
Trd, 258602.367, 140
Trd, 258602.650, 140
Trd, 258602.750, 140
Trd, 258602.983, 140
Trd, 258603.067, 139
Trd, 258603.083, 140
Trd, 258603.150, 139
Trd, 258603.200, 138
Trd, 258603.367, 139
Trd, 258603.417, 132
Trd, 258603.517, 99
Trd, 258603.750, 96
Trd, 258604.233, 105
Trd, 258604.583, 105
Trd, 258604.733, 97
Trd, 258604.767, 96
Trd, 258604.800, 83
Trd, 258605.000, 137
Trd, 258605.017, 139
Trd, 258605.617, 140
Trd, 258605.783, 140
Trd, 258606.467, 139
Trd, 258606.517, 137
Trd, 258606.750, 139
Trd, 258606.817, 136
Trd, 258607.250, 140
Trd, 258607.433, 140
Trd, 258607.800, 140
Trd, 258607.833, 139
Trd, 258607.967, 131
Trd, 258608.383, 140
Trd, 258608.933, 140
Trd, 258609.567, 140
Trd, 258609.750, 140
Trd, 258609.800, 140
Trd, 258609.817, 140
Trd, 258610.000, 140
Trd, 258610.083, 140
Trd, 258610.717, 140
Trd, 258610.850, 140
Trd, 258611.233, 140
Trd, 258611.400, 140
Trd, 258611.500, 140
Trd, 258611.583, 140
Trd, 258611.717, 140
Trd, 258611.750, 140
Trd, 258611.833, 140
Trd, 258612.000, 140
Trd, 258612.433, 138
Trd, 258612.567, 140
Trd, 258612.700, 123
Trd, 258613.117, 140
Trd, 258613.150, 139
Trd, 258613.200, 122
Trd, 258614.167, 140
Trd, 258614.250, 140
Trd, 258614.500, 139
Trd, 258614.567, 139
Trd, 258614.833, 140
Trd, 258615.233, 134
Trd, 258615.250, 133
Trd, 258615.683, 139
Trd, 258616.550, 140
Trd, 258616.683, 140
Trd, 258616.850, 140
Trd, 258617.183, 140
Trd, 258617.200, 140
Trd, 258617.383, 140
Trd, 258617.467, 140
Trd, 258617.600, 140
Trd, 258617.650, 139
Trd, 258617.983, 137
Trd, 258618.000, 126
Trd, 258618.117, 138
Trd, 258618.700, 140
Trd, 258618.750, 140
Trd, 258619.100, 140
Trd, 258619.933, 140
Trd, 258619.983, 140
Trd, 258620.233, 140
Trd, 258620.250, 139
Trd, 258620.433, 140
Trd, 258620.633, 140
Trd, 258620.650, 138
Trd, 258621.133, 140
Trd, 258621.883, 139
Trd, 258622.367, 140
Trd, 258622.567, 140
Trd, 258622.800, 140
Trd, 258623.000, 140
Trd, 258623.217, 140
Trd, 258623.367, 140
Trd, 258623.433, 140
Trd, 258623.483, 140
Trd, 258623.500, 140
Trd, 258623.583, 140
Trd, 258623.733, 139
Trd, 258623.817, 138
Trd, 258623.850, 123
Trd, 258623.917, 111
Trd, 258623.967, 102
Trd, 258624.067, 138
Trd, 258624.350, 139
Trd, 258624.383, 96
Trd, 258624.550, 140
Trd, 258624.900, 139
Trd, 258625.233, 87
Trd, 258625.500, 138
Trd, 258625.517, 105
Trd, 258626.167, 140
Trd, 258626.867, 140
Trd, 258626.917, 140
Trd, 258627.350, 140
Trd, 258627.367, 140
Trd, 258627.417, 140
Trd, 258627.667, 140
Trd, 258627.717, 140
Trd, 258628.150, 140
Trd, 258628.200, 140
Trd, 258628.467, 140
Trd, 258628.517, 139
Trd, 258628.583, 139
Trd, 258629.917, 140
Trd, 258630.117, 140
Trd, 258630.400, 140
Trd, 258630.533, 140
Trd, 258630.567, 140
Trd, 258631.117, 140
Trd, 258631.183, 140
Trd, 258631.717, 140
Trd, 258631.800, 140
Trd, 258631.833, 139
Trd, 258632.383, 140
Trd, 258632.517, 140
Trd, 258632.583, 139
Trd, 258632.667, 137
Trd, 258632.700, 139
Trd, 258633.267, 136
Trd, 258633.417, 136
Trd, 258633.450, 115
Trd, 258633.567, 115
Trd, 258633.700, 114
Trd, 258633.833, 113
Trd, 258634.283, 140
Trd, 258634.400, 139
Trd, 258634.417, 139
Trd, 258634.650, 140
Trd, 258634.817, 138
Trd, 258634.850, 137
Trd, 258634.917, 84
Trd, 258635.000, 69
Trd, 258635.600, 138
Trd, 258636.233, 138
Trd, 258636.267, 138
Trd, 258637.033, 137
Trd, 258637.167, 140
Trd, 258637.317, 139
Trd, 258637.417, 135
Trd, 258637.833, 140
Trd, 258638.483, 140
Trd, 258638.500, 140
Trd, 258638.567, 140
Trd, 258638.833, 140
Trd, 258639.400, 140
Trd, 258639.417, 140
Trd, 258639.450, 140
Trd, 258639.833, 140
Trd, 258639.883, 138
Trd, 258640.183, 136
Trd, 258640.267, 137
Trd, 258640.567, 140
Trd, 258640.867, 140
Trd, 258641.367, 140
Trd, 258641.750, 140
Trd, 258641.833, 140
Trd, 258641.900, 140
Trd, 258642.050, 140
Trd, 258642.200, 140
Trd, 258642.217, 140
Trd, 258642.383, 140
Trd, 258642.417, 139
Trd, 258642.467, 137
Trd, 258642.950, 139
Trd, 258643.150, 138
Trd, 258643.200, 132
Trd, 258643.700, 139
Trd, 258643.800, 137
Trd, 258643.817, 139
Trd, 258643.983, 139
Trd, 258644.067, 137
Trd, 258644.783, 139
Trd, 258644.933, 140
Trd, 258645.367, 140
Trd, 258645.383, 138
Trd, 258645.817, 116
Trd, 258646.050, 116
Trd, 258646.117, 102
Trd, 258646.200, 92
Trd, 258646.317, 91
Trd, 258646.867, 139
Trd, 258646.933, 60
Trd, 258647.083, 140
Trd, 258647.300, 61
Trd, 258647.850, 140
Trd, 258647.917, 140
Trd, 258648.317, 140
Trd, 258648.450, 140
Trd, 258649.483, 140
Trd, 258649.533, 140
Trd, 258649.733, 140
Trd, 258649.917, 140
Trd, 258650.083, 140
Trd, 258650.150, 140
Trd, 258650.350, 139
Trd, 258650.467, 139
Trd, 258650.483, 136
Trd, 258651.000, 140
Trd, 258651.683, 140
Trd, 258651.700, 140
Trd, 258651.883, 140
Trd, 258652.117, 140
Trd, 258652.200, 140
Trd, 258652.250, 140
Trd, 258652.500, 140
Trd, 258652.583, 139
Trd, 258652.617, 139
Trd, 258652.700, 139
Trd, 258652.750, 123
Trd, 258652.950, 140
Trd, 258653.350, 140
Trd, 258653.733, 140
Trd, 258653.817, 140
Trd, 258653.850, 118
Trd, 258654.167, 94
Trd, 258654.350, 109
Trd, 258654.467, 138
Trd, 258655.333, 140
Trd, 258655.633, 140
Trd, 258655.650, 140
Trd, 258655.950, 140
Trd, 258656.000, 140
Trd, 258656.050, 140
Trd, 258657.117, 140
Trd, 258657.833, 140
Trd, 258657.883, 140
Trd, 258658.000, 140
Trd, 258658.050, 140
Trd, 258658.100, 139
Trd, 258658.267, 140
Trd, 258658.367, 138
Trd, 258658.417, 137
Trd, 258658.533, 134
Trd, 258658.767, 127
Trd, 258659.033, 140
Trd, 258659.100, 139
Trd, 258659.217, 117
Trd, 258659.283, 139
Trd, 258659.333, 117
Trd, 258659.350, 116
Trd, 258659.733, 139
Trd, 258661.417, 140
Trd, 258661.550, 140
Trd, 258661.783, 140
Trd, 258661.967, 140
Trd, 258662.617, 140
Trd, 258662.833, 140
Trd, 258663.233, 140
Trd, 258663.383, 140
Trd, 258663.883, 140
Trd, 258663.933, 140
Trd, 258663.950, 140
Trd, 258664.067, 140
Trd, 258664.183, 140
Trd, 258664.250, 140
Trd, 258664.367, 140
Trd, 258664.433, 140
Trd, 258664.667, 140
Trd, 258664.867, 139
Trd, 258664.933, 138
Trd, 258665.017, 138
Trd, 258665.533, 140
Trd, 258665.900, 140
Trd, 258665.933, 140
Trd, 258666.150, 140
Trd, 258666.517, 140
Trd, 258666.667, 140
Trd, 258667.200, 140
Trd, 258667.517, 140
Trd, 258667.717, 140
Trd, 258667.867, 140
Trd, 258668.467, 140
Trd, 258668.500, 140
Trd, 258668.517, 139
Trd, 258668.983, 139
Trd, 258669.150, 131
Trd, 258669.250, 131
Trd, 258669.617, 140
Trd, 258670.150, 140
Trd, 258670.233, 140
Trd, 258670.467, 140
Trd, 258670.683, 140
Trd, 258670.733, 139
Trd, 258670.900, 139
Trd, 258671.083, 140
Trd, 258671.367, 139
Trd, 258671.633, 139
Trd, 258671.700, 138
Trd, 258672.167, 117
Trd, 258672.400, 130
Trd, 258672.450, 130
Trd, 258672.583, 116
Trd, 258672.617, 130
Trd, 258672.767, 133
Trd, 258673.217, 108
Trd, 258673.500, 107
Trd, 258673.967, 105
Trd, 258674.017, 104
Trd, 258674.267, 124
Trd, 258674.283, 126
Trd, 258674.467, 125
Trd, 258674.500, 114
Trd, 258674.967, 105
Trd, 258675.133, 104
Trd, 258675.583, 109
Trd, 258675.700, 135
Trd, 258676.450, 140
Trd, 258676.833, 140
Trd, 258676.850, 140
Trd, 258677.083, 140
Trd, 258677.150, 140
Trd, 258677.267, 140
Trd, 258677.800, 139
Trd, 258678.117, 140
Trd, 258678.467, 140
Trd, 258678.617, 140
Trd, 258678.933, 140
Trd, 258679.233, 140
Trd, 258679.967, 140
Trd, 258680.033, 140
Trd, 258680.267, 140
Trd, 258680.350, 140
Trd, 258680.517, 140
Trd, 258680.683, 139
Trd, 258680.700, 139
Trd, 258681.333, 140
Trd, 258681.483, 139
Trd, 258681.650, 137
Trd, 258681.717, 136
Trd, 258681.867, 126
Trd, 258682.167, 136
Trd, 258682.183, 137
Trd, 258682.283, 126
Trd, 258682.400, 135
Trd, 258682.433, 137
Trd, 258682.450, 126
Trd, 258682.717, 139
Trd, 258682.900, 140
Trd, 258683.017, 107
Trd, 258683.367, 140
Trd, 258683.500, 140
Trd, 258683.617, 139
Trd, 258684.633, 121
Trd, 258684.683, 130
Trd, 258684.750, 133
Trd, 258685.100, 139
Trd, 258685.517, 139
Trd, 258685.750, 140
Trd, 258685.867, 140
Trd, 258686.000, 140
Trd, 258686.200, 140
Trd, 258686.233, 140
Trd, 258686.567, 140
Trd, 258686.750, 140
Trd, 258686.950, 140
Trd, 258686.983, 140
Trd, 258687.050, 140
Trd, 258687.333, 119
Trd, 258687.533, 118
Trd, 258687.767, 139
Trd, 258687.817, 117
Trd, 258688.083, 136
Trd, 258688.417, 137
Trd, 258688.450, 138
Trd, 258688.500, 139
Trd, 258688.900, 126
Trd, 258688.933, 123
Trd, 258688.950, 132
Trd, 258689.000, 122
Trd, 258689.033, 112
Trd, 258689.900, 139
Trd, 258689.917, 139
Trd, 258690.550, 90
Trd, 258690.783, 103
Trd, 258690.950, 131
Trd, 258691.267, 118
Trd, 258691.933, 124
Trd, 258692.033, 123
Trd, 258692.283, 120
Trd, 258692.400, 120
Trd, 258692.500, 119
Trd, 258692.833, 125
Trd, 258692.900, 124
Trd, 258693.150, 124
Trd, 258693.317, 124
Trd, 258693.400, 123
Trd, 258693.617, 117
Trd, 258693.750, 125
Trd, 258693.783, 126
Trd, 258694.383, 94
Trd, 258694.400, 101
Trd, 258694.533, 93
Trd, 258694.650, 91
Trd, 258694.833, 126
Trd, 258695.017, 61
Trd, 258695.333, 139
Trd, 258695.800, 140
Trd, 258695.983, 120
Trd, 258696.083, 119
Trd, 258696.183, 121
Trd, 258696.600, 140
Trd, 258696.983, 140
Trd, 258697.050, 140
Trd, 258697.217, 140
Trd, 258697.817, 140
Trd, 258697.867, 140
Trd, 258698.050, 139
Trd, 258698.383, 140
Trd, 258698.467, 140
Trd, 258698.550, 140
Trd, 258698.683, 140
Trd, 258699.267, 139
Trd, 258699.333, 136
Trd, 258699.450, 138
Trd, 258699.650, 131
Trd, 258700.017, 93
Trd, 258701.133, 140
Trd, 258701.217, 140
Trd, 258701.233, 139
Trd, 258701.367, 140
Trd, 258701.417, 140
Trd, 258701.517, 140
Trd, 258701.917, 140
Trd, 258701.933, 140
Trd, 258702.167, 138
Trd, 258702.333, 136
Trd, 258703.033, 140
Trd, 258703.300, 140
Trd, 258703.333, 139
Trd, 258703.583, 140
Trd, 258703.617, 139
Trd, 258703.683, 139
Trd, 258703.783, 139
Trd, 258704.217, 132
Trd, 258704.267, 131
Trd, 258704.450, 133
Trd, 258704.467, 93
Trd, 258704.850, 92
Trd, 258705.033, 88
Trd, 258705.200, 132
Trd, 258705.250, 134
Trd, 258705.433, 139
Trd, 258705.617, 86
Trd, 258705.800, 124
Trd, 258706.533, 95
Trd, 258707.217, 122
Trd, 258707.283, 88
Trd, 258707.350, 122
Trd, 258707.433, 123
Trd, 258707.467, 132
Trd, 258707.817, 133
Trd, 258708.183, 90
Trd, 258708.267, 100
Trd, 258708.317, 89
Trd, 258708.400, 88
Trd, 258708.533, 94
Trd, 258708.667, 78
Trd, 258708.683, 77
Trd, 258708.783, 139
Trd, 258709.150, 139
Trd, 258709.350, 136
Trd, 258709.417, 103
Trd, 258709.800, 140
Trd, 258710.100, 140
Trd, 258710.367, 140
Trd, 258710.533, 140
Trd, 258711.317, 140
Trd, 258711.383, 140
Trd, 258711.967, 140
Trd, 258712.050, 140
Trd, 258712.400, 140
Trd, 258712.933, 140
Trd, 258712.983, 140
Trd, 258713.000, 140
Trd, 258713.250, 140
Trd, 258713.300, 140
Trd, 258713.483, 140
Trd, 258713.683, 140
Trd, 258714.033, 138
Trd, 258714.167, 139
Trd, 258714.633, 140
Trd, 258714.667, 137
Trd, 258714.700, 113
Trd, 258714.933, 98
Trd, 258714.983, 89
Trd, 258715.917, 140
Trd, 258716.050, 140
Trd, 258716.083, 140
Trd, 258716.683, 140
Trd, 258716.700, 140
Trd, 258716.767, 140
Trd, 258716.833, 139
Trd, 258716.850, 134
Trd, 258717.083, 127
Trd, 258717.467, 111
Trd, 258717.617, 137
Trd, 258717.717, 140
Trd, 258717.883, 140
Trd, 258718.167, 140
Trd, 258718.517, 140
Trd, 258718.633, 140
Trd, 258718.833, 139
Trd, 258719.083, 137
Trd, 258719.350, 136
Trd, 258719.433, 138
Trd, 258719.767, 110
Trd, 258720.067, 140
Trd, 258720.100, 140
Trd, 258720.400, 140
Trd, 258720.683, 140
Trd, 258721.400, 140
Trd, 258721.467, 140
Trd, 258721.567, 140
Trd, 258721.917, 140
Trd, 258721.967, 140
Trd, 258722.333, 140
Trd, 258722.550, 139
Trd, 258722.883, 139
Trd, 258723.117, 139
Trd, 258723.400, 136
Trd, 258723.800, 127
Trd, 258723.883, 126
Trd, 258724.083, 125
Trd, 258724.167, 140
Trd, 258724.417, 139
Trd, 258724.733, 140
Trd, 258725.033, 140
Trd, 258725.300, 140
Trd, 258725.400, 138
Trd, 258726.000, 140
Trd, 258726.267, 140
Trd, 258726.717, 140
Trd, 258726.833, 140
Trd, 258726.867, 140
Trd, 258726.933, 140
Trd, 258726.950, 139
Trd, 258727.283, 136
Trd, 258727.450, 135
Trd, 258727.933, 136
Trd, 258727.967, 137
Trd, 258728.050, 136
Trd, 258728.150, 137
Trd, 258728.233, 137
Trd, 258728.417, 125
Trd, 258728.450, 124
Trd, 258728.817, 136
Trd, 258728.883, 113
Trd, 258728.900, 112
Trd, 258729.117, 105
Trd, 258729.833, 140
Trd, 258730.483, 140
Trd, 258730.650, 140
Trd, 258731.317, 140
Trd, 258731.333, 140
Trd, 258731.350, 140
Trd, 258731.383, 140
Trd, 258731.400, 140
Trd, 258731.617, 140
Trd, 258731.883, 140
Trd, 258732.083, 140
Trd, 258732.300, 140
Trd, 258732.517, 140
Trd, 258732.833, 140
Trd, 258733.183, 140
Trd, 258733.283, 140
Trd, 258733.517, 140
Trd, 258733.783, 138
Trd, 258734.000, 139
Trd, 258734.050, 132
Trd, 258734.250, 140
Trd, 258734.667, 140
Trd, 258735.317, 140
Trd, 258735.500, 140
Trd, 258735.883, 140
Trd, 258736.000, 140
Trd, 258736.033, 140
Trd, 258736.133, 140
Trd, 258736.217, 140
Trd, 258736.317, 137
Trd, 258736.350, 137
Trd, 258736.600, 123
Trd, 258737.017, 140
Trd, 258737.283, 132
Trd, 258737.350, 116
Trd, 258737.567, 135
Trd, 258737.583, 136
Trd, 258737.950, 139
Trd, 258738.383, 138
Trd, 258738.550, 136
Trd, 258738.567, 135
Trd, 258738.683, 139
Trd, 258738.867, 135
Trd, 258738.900, 134
Trd, 258739.600, 137
Trd, 258739.850, 128
Trd, 258740.533, 140
Trd, 258741.033, 140
Trd, 258741.400, 140
Trd, 258741.500, 140
Trd, 258741.600, 140
Trd, 258741.717, 140
Trd, 258741.800, 140
Trd, 258742.200, 140
Trd, 258742.650, 140
Trd, 258742.733, 140
Trd, 258742.917, 140
Trd, 258743.083, 140
Trd, 258743.500, 140
Trd, 258743.917, 139
Trd, 258744.283, 139
Trd, 258744.350, 140
Trd, 258744.617, 140
Trd, 258744.833, 139
Trd, 258744.950, 139
Trd, 258744.983, 139
Trd, 258745.000, 138
Trd, 258745.183, 135
Trd, 258745.217, 139
Trd, 258745.467, 131
Trd, 258745.583, 135
Trd, 258745.700, 107
Trd, 258745.750, 101
Trd, 258745.883, 136
Trd, 258746.117, 63
Trd, 258746.217, 82
Trd, 258746.683, 111
Trd, 258746.850, 69
Trd, 258747.067, 68
Trd, 258747.283, 69
Trd, 258747.350, 69
Trd, 258747.633, 72
Trd, 258747.767, 71
Trd, 258747.867, 127
Trd, 258747.983, 67
Trd, 258748.083, 82
Trd, 258748.917, 140
Trd, 258749.083, 140
Trd, 258749.283, 140
Trd, 258749.550, 140
Trd, 258749.917, 140
Trd, 258750.317, 140
Trd, 258750.383, 140
Trd, 258750.583, 140
Trd, 258750.633, 140
Trd, 258750.733, 140
Trd, 258750.850, 139
Trd, 258750.867, 138
Trd, 258751.367, 133
Trd, 258751.400, 133
Trd, 258751.500, 133
Trd, 258751.633, 134
Trd, 258751.883, 134
Trd, 258751.950, 133
Trd, 258752.183, 140
Trd, 258752.800, 140
Trd, 258752.900, 140
Trd, 258753.417, 140
Trd, 258753.467, 140
Trd, 258753.483, 140
Trd, 258753.833, 139
Trd, 258753.883, 138
Trd, 258754.000, 127
Trd, 258754.367, 140
Trd, 258754.633, 140
Trd, 258754.717, 140
Trd, 258754.767, 140
Trd, 258754.800, 140
Trd, 258754.850, 113
Trd, 258755.150, 140
Trd, 258755.850, 140
Trd, 258755.967, 136
Trd, 258756.150, 106
Trd, 258756.433, 140
Trd, 258756.667, 139
Trd, 258756.767, 92
Trd, 258757.050, 140
Trd, 258757.167, 139
Trd, 258757.350, 140
Trd, 258757.800, 140
Trd, 258758.100, 140
Trd, 258759.517, 140
Trd, 258759.700, 140
Trd, 258759.717, 140
Trd, 258759.783, 140
Trd, 258759.800, 140
Trd, 258759.950, 140
Trd, 258760.133, 140
Trd, 258760.283, 140
Trd, 258760.533, 139
Trd, 258760.583, 138
Trd, 258760.617, 139
Trd, 258760.650, 138
Trd, 258760.733, 138
Trd, 258761.050, 140
Trd, 258761.917, 140
Trd, 258762.333, 140
Trd, 258762.350, 140
Trd, 258762.800, 140
Trd, 258763.100, 140
Trd, 258763.450, 140
Trd, 258763.517, 140
Trd, 258763.717, 140
Trd, 258763.867, 140
Trd, 258763.933, 140
Trd, 258764.167, 140
Trd, 258764.483, 140
Trd, 258764.600, 140
Trd, 258764.783, 140
Trd, 258765.567, 140
Trd, 258765.600, 140
Trd, 258765.650, 140
Trd, 258765.733, 140
Trd, 258765.850, 139
Trd, 258765.950, 110
Trd, 258766.000, 114
Trd, 258766.250, 140
Trd, 258766.467, 140
Trd, 258766.533, 140
Trd, 258767.367, 139
Trd, 258767.867, 140
Trd, 258767.983, 140
Trd, 258768.283, 140
Trd, 258768.317, 140
Trd, 258768.467, 140
Trd, 258768.667, 140
Trd, 258769.250, 140
Trd, 258769.633, 140
Trd, 258769.667, 140
Trd, 258769.717, 140
Trd, 258770.050, 140
Trd, 258770.667, 140
Trd, 258771.383, 140
Trd, 258771.800, 139
Trd, 258771.983, 140
Trd, 258772.417, 140
Trd, 258772.717, 140
Trd, 258772.850, 140
Trd, 258773.017, 140
Trd, 258773.067, 140
Trd, 258773.167, 140
Trd, 258773.200, 140
Trd, 258773.233, 140
Trd, 258773.733, 140
Trd, 258773.817, 140
Trd, 258773.983, 139
Trd, 258774.083, 139
Trd, 258774.150, 140
Trd, 258774.267, 138
Trd, 258774.750, 136
Trd, 258774.883, 135
Trd, 258775.050, 134
Trd, 258775.083, 133
Trd, 258775.133, 125
Trd, 258775.150, 119
Trd, 258775.617, 106
Trd, 258775.717, 107
Trd, 258776.067, 107
Trd, 258776.117, 108
Trd, 258776.533, 128
Trd, 258776.567, 103
Trd, 258776.633, 127
Trd, 258777.383, 129
Trd, 258777.833, 121
Trd, 258778.100, 115
Trd, 258778.150, 104
Trd, 258778.267, 98
Trd, 258778.333, 97
Trd, 258778.450, 83
Trd, 258778.483, 82
Trd, 258778.583, 122
Trd, 258778.717, 81
Trd, 258778.917, 130
Trd, 258779.217, 140
Trd, 258779.717, 140
Trd, 258780.017, 140
Trd, 258780.450, 140
Trd, 258781.750, 140
Trd, 258781.783, 140
Trd, 258781.933, 140
Trd, 258782.433, 140
Trd, 258782.550, 140
Trd, 258782.583, 140
Trd, 258782.867, 140
Trd, 258783.133, 140
Trd, 258783.233, 140
Trd, 258783.267, 140
Trd, 258783.433, 140
Trd, 258783.533, 140
Trd, 258783.567, 140
Trd, 258783.633, 140
Trd, 258783.667, 140
Trd, 258783.683, 139
Trd, 258783.800, 134
Trd, 258784.300, 140
Trd, 258784.467, 140
Trd, 258785.200, 140
Trd, 258785.283, 140
Trd, 258785.567, 140
Trd, 258785.700, 140
Trd, 258785.767, 139
Trd, 258785.833, 137
Trd, 258786.183, 140
Trd, 258786.300, 140
Trd, 258786.500, 140
Trd, 258786.783, 139
Trd, 258786.800, 125
Trd, 258786.900, 122
Trd, 258787.233, 138
Trd, 258787.300, 103
Trd, 258787.533, 140
Trd, 258788.083, 140
Trd, 258788.133, 140
Trd, 258788.300, 140
Trd, 258788.333, 140
Trd, 258790.250, 140
Trd, 258790.450, 140
Trd, 258790.717, 140
Trd, 258791.533, 140
Trd, 258791.567, 140
Trd, 258791.650, 140
Trd, 258791.950, 140
Trd, 258792.000, 140
Trd, 258792.167, 140
Trd, 258792.183, 140
Trd, 258792.817, 140
Trd, 258792.850, 140
Trd, 258792.900, 140
Trd, 258792.950, 140
Trd, 258792.967, 140
Trd, 258793.050, 140
Trd, 258793.217, 140
Trd, 258793.267, 140
Trd, 258793.517, 139
Trd, 258793.983, 139
Trd, 258794.067, 138
Trd, 258795.050, 138
Trd, 258795.417, 139
Trd, 258795.750, 140
Trd, 258796.650, 140
Trd, 258797.133, 140
Trd, 258797.167, 140
Trd, 258797.300, 139
Trd, 258797.317, 139
Trd, 258797.717, 140
Trd, 258797.733, 140
Trd, 258798.083, 140
Trd, 258798.150, 140
Trd, 258798.267, 140
Trd, 258798.367, 140
Trd, 258798.517, 140
Trd, 258798.650, 140
Trd, 258798.917, 140
Trd, 258799.283, 140
Trd, 258799.700, 140
Trd, 258799.967, 140
Trd, 258800.017, 140
Trd, 258800.217, 140
Trd, 258800.250, 140
Trd, 258800.283, 140
Trd, 258800.383, 139
Trd, 258800.683, 139
Trd, 258800.700, 138
Trd, 258800.917, 140
Trd, 258801.067, 139
Trd, 258801.133, 139
Trd, 258801.150, 137
Trd, 258801.200, 136
Trd, 258801.533, 133
Trd, 258801.600, 125
Trd, 258801.717, 138
Trd, 258801.783, 108
Trd, 258802.000, 139
Trd, 258803.033, 140
Trd, 258803.200, 138
Trd, 258803.783, 140
Trd, 258804.017, 140
Trd, 258804.083, 140
Trd, 258804.167, 140
Trd, 258804.467, 130
Trd, 258804.533, 137
Trd, 258804.683, 130
Trd, 258804.733, 138
Trd, 258805.167, 101
Trd, 258805.383, 99
Trd, 258805.450, 135
Trd, 258805.517, 71
Trd, 258805.583, 138
Trd, 258806.550, 134
Trd, 258806.883, 135
Trd, 258807.333, 138
Trd, 258807.367, 137
Trd, 258808.200, 140
Trd, 258808.233, 140
Trd, 258808.417, 140
Trd, 258808.567, 127
Trd, 258808.583, 107
Trd, 258808.717, 135
Trd, 258809.017, 140
Trd, 258809.283, 140
Trd, 258809.433, 140
Trd, 258809.800, 140
Trd, 258810.200, 140
Trd, 258810.283, 140
Trd, 258810.467, 140
Trd, 258810.850, 140
Trd, 258810.900, 140
Trd, 258811.100, 140
Trd, 258811.333, 140
Trd, 258811.550, 140
Trd, 258811.717, 140
Trd, 258811.767, 139
Trd, 258811.800, 138
Trd, 258811.900, 139
Trd, 258812.383, 139
Trd, 258812.467, 139
Trd, 258812.567, 140
Trd, 258813.167, 140
Trd, 258813.283, 140
Trd, 258813.517, 140
Trd, 258813.667, 140
Trd, 258814.217, 140
Trd, 258814.517, 140
Trd, 258815.267, 140
Trd, 258815.500, 140
Trd, 258815.933, 140
Trd, 258816.317, 140
Trd, 258816.367, 140
Trd, 258816.583, 140
Trd, 258816.733, 140
Trd, 258816.750, 140
Trd, 258817.117, 140
Trd, 258817.300, 140
Trd, 258817.767, 140
Trd, 258817.783, 140
Trd, 258817.800, 140
Trd, 258818.100, 140
Trd, 258818.200, 140
Trd, 258818.733, 140
Trd, 258818.817, 140
Trd, 258819.217, 140
Trd, 258819.367, 140
Trd, 258819.483, 140
Trd, 258819.550, 138
Trd, 258820.083, 139
Trd, 258820.650, 140
Trd, 258820.867, 140
Trd, 258820.917, 140
Trd, 258821.433, 140
Trd, 258821.533, 140
Trd, 258821.683, 117
Trd, 258821.733, 117
Trd, 258821.867, 108
Trd, 258822.083, 138
Trd, 258822.333, 140
Trd, 258822.517, 140
Trd, 258822.550, 140
Trd, 258822.633, 140
Trd, 258823.133, 140
Trd, 258823.267, 140
Trd, 258823.467, 140
Trd, 258823.700, 140
Trd, 258823.717, 139
Trd, 258823.833, 139
Trd, 258823.883, 140
Trd, 258824.417, 139
Trd, 258824.433, 138
Trd, 258824.517, 136
Trd, 258824.567, 136
Trd, 258824.700, 137
Trd, 258824.800, 140
Trd, 258825.767, 140
Trd, 258825.950, 139
Trd, 258826.133, 140
Trd, 258826.850, 140
Trd, 258827.117, 140
Trd, 258827.133, 140
Trd, 258827.517, 140
Trd, 258827.817, 140
Trd, 258827.850, 140
Trd, 258828.500, 140
Trd, 258828.750, 140
Trd, 258829.117, 140
Trd, 258829.467, 140
Trd, 258829.817, 140
Trd, 258830.000, 140
Trd, 258830.100, 140
Trd, 258830.333, 140
Trd, 258830.583, 140
Trd, 258830.817, 140
Trd, 258830.850, 140
Trd, 258831.050, 140
Trd, 258831.467, 140
Trd, 258831.517, 139
Trd, 258831.867, 140
Trd, 258831.883, 139
Trd, 258831.983, 126
Trd, 258832.017, 137
Trd, 258832.817, 140
Trd, 258833.600, 140
Trd, 258833.700, 140
Trd, 258834.033, 140
Trd, 258834.100, 140
Trd, 258834.600, 140
Trd, 258834.917, 140
Trd, 258834.967, 140
Trd, 258835.050, 140
Trd, 258835.100, 140
Trd, 258835.300, 140
Trd, 258835.350, 140
Trd, 258835.600, 140
Trd, 258835.850, 140
Trd, 258836.067, 140
Trd, 258836.117, 140
Trd, 258836.183, 140
Trd, 258836.517, 140
Trd, 258836.967, 140
Trd, 258837.317, 140
Trd, 258837.417, 140
Trd, 258838.517, 140
Trd, 258838.583, 140
Trd, 258838.617, 140
Trd, 258838.850, 140
Trd, 258838.917, 140
Trd, 258839.050, 140
Trd, 258839.233, 140
Trd, 258839.317, 140
Trd, 258839.533, 140
Trd, 258839.750, 140
Trd, 258839.767, 140
Trd, 258839.867, 139
Trd, 258839.967, 140
Trd, 258840.300, 140
Trd, 258840.333, 140
Trd, 258840.467, 140
Trd, 258840.650, 140
Trd, 258840.867, 138
Trd, 258840.967, 140
Trd, 258841.000, 140
Trd, 258841.017, 134
Trd, 258841.333, 138
Trd, 258841.450, 135
Trd, 258841.467, 116
Trd, 258842.033, 140
Trd, 258842.183, 119
Trd, 258842.500, 135
Trd, 258842.517, 134
Trd, 258842.617, 96
Trd, 258842.733, 96
Trd, 258843.817, 140
Trd, 258844.033, 140
Trd, 258844.183, 140
Trd, 258844.900, 140
Trd, 258845.950, 140
Trd, 258846.167, 140
Trd, 258846.817, 140
Trd, 258847.500, 140
Trd, 258847.533, 140
Trd, 258847.617, 140
Trd, 258847.817, 140
Trd, 258847.950, 140
Trd, 258848.283, 140
Trd, 258848.533, 140
Trd, 258848.600, 140
Trd, 258848.700, 140
Trd, 258849.033, 140
Trd, 258849.117, 140
Trd, 258849.400, 140
Trd, 258849.500, 140
Trd, 258849.617, 140
Trd, 258849.650, 140
Trd, 258849.700, 140
Trd, 258849.833, 140
Trd, 258850.050, 140
Trd, 258850.200, 140
Trd, 258850.217, 140
Trd, 258850.283, 140
Trd, 258850.367, 140
Trd, 258850.767, 139
Trd, 258850.817, 139
Trd, 258850.950, 138
Trd, 258851.083, 137
Trd, 258851.617, 133
Trd, 258852.083, 140
Trd, 258852.100, 140
Trd, 258852.483, 140
Trd, 258852.517, 139
Trd, 258853.183, 140
Trd, 258853.367, 140
Trd, 258853.400, 140
Trd, 258853.483, 140
Trd, 258854.000, 135
Trd, 258854.033, 133
Trd, 258854.133, 137
Trd, 258854.433, 131
Trd, 258854.933, 133
Trd, 258855.083, 134
Trd, 258855.117, 133
Trd, 258855.467, 128
Trd, 258855.517, 127
Trd, 258855.583, 122
Trd, 258855.683, 129
Trd, 258855.850, 103
Trd, 258855.867, 88
Trd, 258856.033, 135
Trd, 258856.733, 140
Trd, 258858.100, 140
Trd, 258858.583, 140
Trd, 258859.050, 140
Trd, 258859.450, 140
Trd, 258859.550, 140
Trd, 258859.617, 140
Trd, 258859.800, 140
Trd, 258859.883, 140
Trd, 258860.233, 140
Trd, 258860.350, 140
Trd, 258860.367, 140
Trd, 258860.433, 139
Trd, 258860.467, 140
Trd, 258860.517, 139
Trd, 258860.833, 139
Trd, 258860.883, 138
Trd, 258861.067, 138
Trd, 258861.167, 140
Trd, 258861.217, 137
Trd, 258861.300, 119
Trd, 258861.417, 139
Trd, 258861.600, 140
Trd, 258861.950, 122
Trd, 258862.400, 137
Trd, 258862.550, 123
Trd, 258862.717, 140
Trd, 258863.250, 140
Trd, 258863.267, 140
Trd, 258863.367, 140
Trd, 258863.500, 138
Trd, 258863.600, 137
Trd, 258863.850, 123
Trd, 258864.450, 128
Trd, 258864.517, 129
Trd, 258864.617, 102
Trd, 258864.700, 103
Trd, 258864.867, 90
Trd, 258864.933, 81
Trd, 258865.100, 130
Trd, 258865.267, 131
Trd, 258865.450, 71
Trd, 258865.950, 64
Trd, 258866.117, 60
Trd, 258866.133, 68
Trd, 258866.733, 60
Trd, 258866.867, 60
Trd, 258867.067, 60
Trd, 258867.083, 60
Trd, 258867.317, 60
Trd, 258867.400, 64
Trd, 258867.417, 70
Trd, 258867.617, 105
Trd, 258867.983, 108
Trd, 258868.383, 140
Trd, 258868.450, 140
Trd, 258869.417, 140
Trd, 258869.433, 140
Trd, 258869.733, 140
Trd, 258870.050, 140
Trd, 258870.217, 140
Trd, 258871.217, 140
Trd, 258871.333, 140
Trd, 258871.367, 140
Trd, 258871.433, 140
Trd, 258871.883, 140
Trd, 258872.200, 140
Trd, 258872.350, 140
Trd, 258872.467, 140
Trd, 258872.567, 140
Trd, 258872.633, 140
Trd, 258872.700, 140
Trd, 258872.717, 140
Trd, 258872.767, 140
Trd, 258872.900, 140
Trd, 258873.200, 140
Trd, 258873.317, 138
Trd, 258873.333, 137
Trd, 258873.567, 138
Trd, 258873.583, 135
Trd, 258873.733, 138
Trd, 258873.867, 140
Trd, 258873.967, 140
Trd, 258874.517, 140
Trd, 258874.533, 140
Trd, 258874.567, 140
Trd, 258875.333, 140
Trd, 258875.400, 140
Trd, 258875.767, 140
Trd, 258876.100, 140
Trd, 258876.117, 140
Trd, 258876.850, 140
Trd, 258877.183, 140
Trd, 258877.250, 140
Trd, 258877.300, 140
Trd, 258877.400, 139
Trd, 258877.700, 139
Trd, 258877.733, 137
Trd, 258877.767, 140
Trd, 258878.100, 138
Trd, 258878.117, 139
Trd, 258878.717, 140
Trd, 258878.933, 139
Trd, 258879.050, 134
Trd, 258879.133, 134
Trd, 258879.333, 134
Trd, 258879.417, 133
Trd, 258879.500, 120
Trd, 258879.617, 115
Trd, 258879.983, 138
Trd, 258880.050, 115
Trd, 258880.183, 100
Trd, 258880.217, 75
Trd, 258880.917, 60
Trd, 258880.983, 60
Trd, 258881.450, 60
Trd, 258881.500, 60
Trd, 258881.633, 60
Trd, 258881.750, 60
Trd, 258881.767, 61
Trd, 258881.833, 64
Trd, 258881.883, 63
Trd, 258882.250, 62
Trd, 258882.267, 66
Trd, 258882.300, 68
Trd, 258882.617, 63
Trd, 258882.717, 63
Trd, 258882.733, 69
Trd, 258882.850, 62
Trd, 258882.867, 111
Trd, 258883.083, 121
Trd, 258883.150, 79
Trd, 258884.033, 140
Trd, 258885.000, 140
Trd, 258885.883, 140
Trd, 258886.250, 140
Trd, 258886.300, 140
Trd, 258886.333, 140
Trd, 258886.433, 140
Trd, 258886.517, 140
Trd, 258886.533, 140
Trd, 258887.083, 140
Trd, 258887.333, 140
Trd, 258887.633, 140
Trd, 258887.800, 140
Trd, 258887.867, 140
Trd, 258887.983, 140
Trd, 258888.050, 139
Trd, 258888.200, 139
Trd, 258888.300, 140
Trd, 258888.417, 139
Trd, 258888.600, 137
Trd, 258888.617, 139
Trd, 258888.667, 140
Trd, 258889.050, 137
Trd, 258889.250, 136
Trd, 258889.583, 130
Trd, 258889.983, 137
Trd, 258890.183, 120
Trd, 258890.733, 132
Trd, 258891.017, 114
Trd, 258891.300, 116
Trd, 258891.550, 129
Trd, 258891.633, 131
Trd, 258891.667, 114
Trd, 258891.850, 133
Trd, 258892.050, 113
Trd, 258892.167, 132
Trd, 258892.433, 119
Trd, 258892.617, 118
Trd, 258892.633, 117
Trd, 258892.733, 107
Trd, 258892.950, 91
Trd, 258893.100, 128
Trd, 258893.200, 129
Trd, 258893.417, 132
Trd, 258893.483, 73
Trd, 258894.050, 61
Trd, 258894.567, 140
Trd, 258894.600, 139
Trd, 258894.700, 140
Trd, 258894.783, 138
Trd, 258894.900, 139
Trd, 258894.967, 133
Trd, 258895.617, 140
Trd, 258895.850, 140
Trd, 258896.083, 139
Trd, 258896.400, 138
Trd, 258896.800, 138
Trd, 258896.967, 132
Trd, 258897.033, 140
Trd, 258897.217, 139
Trd, 258897.700, 140
Trd, 258897.950, 139
Trd, 258898.733, 140
Trd, 258898.800, 140
Trd, 258898.867, 140
Trd, 258898.933, 140
Trd, 258899.250, 139
Trd, 258899.700, 140
Trd, 258899.933, 140
Trd, 258900.133, 140
Trd, 258900.150, 140
Trd, 258900.500, 140
Trd, 258900.800, 139
Trd, 258901.217, 130
Trd, 258901.367, 122
Trd, 258901.583, 128
Trd, 258901.850, 122
Trd, 258902.217, 123
Trd, 258902.317, 122
Trd, 258902.400, 125
Trd, 258902.433, 125
Trd, 258902.483, 126
Trd, 258902.550, 127
Trd, 258902.633, 102
Trd, 258902.833, 101
Trd, 258902.883, 93
Trd, 258903.050, 126
Trd, 258903.417, 85
Trd, 258903.533, 129
Trd, 258903.700, 61
Trd, 258904.100, 99
Trd, 258904.150, 94
Trd, 258904.217, 100
Trd, 258904.650, 140
Trd, 258904.750, 140
Trd, 258905.117, 140
Trd, 258905.817, 140
Trd, 258906.183, 140
Trd, 258906.333, 140
Trd, 258906.883, 140
Trd, 258907.150, 140
Trd, 258907.550, 140
Trd, 258907.600, 140
Trd, 258907.617, 140
Trd, 258907.650, 140
Trd, 258908.133, 140
Trd, 258908.400, 140
Trd, 258908.467, 140
Trd, 258908.867, 140
Trd, 258908.883, 140
Trd, 258908.967, 140
Trd, 258909.217, 139
Trd, 258909.350, 139
Trd, 258909.533, 140
Trd, 258910.533, 140
Trd, 258910.550, 140
Trd, 258910.600, 140
Trd, 258910.683, 139
Trd, 258911.183, 140
Trd, 258911.467, 140
Trd, 258911.867, 140
Trd, 258912.133, 139
Trd, 258912.417, 140
Trd, 258912.533, 139
Trd, 258912.550, 139
Trd, 258912.567, 140
Trd, 258912.600, 135
Trd, 258913.167, 140
Trd, 258913.183, 140
Trd, 258913.367, 139
Trd, 258913.583, 135
Trd, 258913.900, 140
Trd, 258913.917, 137
Trd, 258914.150, 131
Trd, 258914.217, 98
Trd, 258914.600, 138
Trd, 258914.950, 137
Trd, 258915.000, 102
Trd, 258915.400, 137
Trd, 258915.417, 127
Trd, 258917.217, 140
Trd, 258917.333, 140
Trd, 258917.350, 140
Trd, 258917.467, 140
Trd, 258918.150, 140
Trd, 258918.400, 140
Trd, 258918.517, 140
Trd, 258918.767, 140
Trd, 258919.017, 140
Trd, 258919.050, 140
Trd, 258919.267, 140
Trd, 258919.333, 140
Trd, 258919.400, 140
Trd, 258919.483, 140
Trd, 258919.517, 140
Trd, 258919.550, 140
Trd, 258919.767, 140
Trd, 258919.783, 139
Trd, 258919.867, 138
Trd, 258920.617, 140
Trd, 258920.817, 140
Trd, 258921.400, 140
Trd, 258921.883, 140
Trd, 258922.083, 140
Trd, 258922.150, 139
Trd, 258922.250, 138
Trd, 258922.267, 135
Trd, 258922.333, 135
Trd, 258922.550, 131
Trd, 258922.633, 140
Trd, 258922.733, 138
Trd, 258922.750, 102
Trd, 258922.883, 140
Trd, 258922.900, 89
Trd, 258923.033, 90
Trd, 258923.783, 133
Trd, 258923.950, 89
Trd, 258924.150, 82
Trd, 258924.283, 133
Trd, 258924.617, 77
Trd, 258925.050, 130
Trd, 258925.450, 102
Trd, 258925.683, 71
Trd, 258925.717, 73
Trd, 258925.933, 64
Trd, 258926.100, 61
Trd, 258926.117, 116
Trd, 258926.333, 115
Trd, 258926.383, 117
Trd, 258926.533, 133
Trd, 258927.667, 134
Trd, 258927.933, 128
Trd, 258928.483, 140
Trd, 258928.650, 140
Trd, 258929.100, 140
Trd, 258929.200, 140
Trd, 258929.217, 140
Trd, 258929.233, 140
Trd, 258929.300, 140
Trd, 258929.400, 140
Trd, 258929.767, 140
Trd, 258930.100, 140
Trd, 258930.183, 140
Trd, 258930.350, 140
Trd, 258930.483, 140
Trd, 258930.533, 140
Trd, 258930.583, 140
Trd, 258930.900, 139
Trd, 258931.050, 140
Trd, 258931.100, 139
Trd, 258931.200, 135
Trd, 258931.300, 105
Trd, 258931.633, 140
Trd, 258931.650, 139
Trd, 258931.683, 138
Trd, 258932.050, 136
Trd, 258932.117, 137
Trd, 258932.233, 136
Trd, 258932.300, 135
Trd, 258932.683, 104
Trd, 258932.883, 119
Trd, 258933.067, 136
Trd, 258933.183, 89
Trd, 258933.233, 135
Trd, 258933.250, 136
Trd, 258933.267, 88
Trd, 258933.633, 85
Trd, 258933.733, 134
Trd, 258933.983, 83
Trd, 258934.300, 89
Trd, 258934.333, 127
Trd, 258934.583, 101
Trd, 258935.400, 140
Trd, 258935.950, 140
Trd, 258935.983, 140
Trd, 258936.117, 140
Trd, 258937.050, 140
Trd, 258937.217, 140
Trd, 258937.500, 140
Trd, 258937.583, 140
Trd, 258938.050, 140
Trd, 258938.067, 140
Trd, 258938.183, 140
Trd, 258938.200, 140
Trd, 258938.683, 140
Trd, 258938.883, 140
Trd, 258938.967, 140
Trd, 258939.033, 140
Trd, 258939.800, 140
Trd, 258939.867, 140
Trd, 258939.983, 140
Trd, 258940.083, 140
Trd, 258940.117, 140
Trd, 258940.400, 139
Trd, 258940.483, 140
Trd, 258940.633, 116
Trd, 258940.683, 140
Trd, 258940.833, 140
Trd, 258941.017, 139
Trd, 258941.950, 140
Trd, 258942.267, 140
Trd, 258942.450, 140
Trd, 258942.600, 140
Trd, 258942.783, 139
Trd, 258942.900, 135
Trd, 258943.133, 138
Trd, 258943.300, 138
Trd, 258943.500, 140
Trd, 258943.567, 104
Trd, 258943.717, 140
Trd, 258943.800, 140
Trd, 258944.267, 138
Trd, 258944.367, 140
Trd, 258944.450, 140
Trd, 258944.617, 140
Trd, 258944.817, 139
Trd, 258945.083, 139
Trd, 258945.100, 136
Trd, 258945.283, 129
Trd, 258945.717, 112
Trd, 258946.100, 118
Trd, 258946.167, 116
Trd, 258946.583, 128
Trd, 258946.667, 130
Trd, 258946.683, 131
Trd, 258946.783, 128
Trd, 258946.833, 113
Trd, 258947.183, 127
Trd, 258947.567, 93
Trd, 258947.583, 99
Trd, 258947.617, 92
Trd, 258947.900, 120
Trd, 258947.967, 123
Trd, 258948.167, 89
Trd, 258948.400, 61
Trd, 258948.717, 60
Trd, 258948.750, 61
Trd, 258948.883, 62
Trd, 258948.933, 64
Trd, 258949.650, 60
Trd, 258949.783, 61
Trd, 258949.900, 71
Trd, 258950.083, 73
Trd, 258950.117, 73
Trd, 258950.200, 102
Trd, 258950.350, 61
Trd, 258950.883, 62
Trd, 258950.983, 60
Trd, 258951.117, 64
Trd, 258951.217, 100
Trd, 258951.683, 113
Trd, 258952.083, 84
Trd, 258952.233, 83
Trd, 258952.433, 107
Trd, 258952.567, 91
Trd, 258952.750, 98
Trd, 258952.883, 138
Trd, 258952.983, 139
Trd, 258953.267, 105
Trd, 258953.567, 140
Trd, 258953.800, 140
Trd, 258953.917, 140
Trd, 258953.967, 139
Trd, 258954.667, 140
Trd, 258954.733, 140
Trd, 258954.933, 140
Trd, 258955.033, 140
Trd, 258955.167, 139
Trd, 258955.200, 140
Trd, 258955.250, 139
Trd, 258955.267, 121
Trd, 258955.483, 119
Trd, 258955.750, 140
Trd, 258955.867, 140
Trd, 258956.483, 128
Trd, 258956.533, 108
Trd, 258956.550, 107
Trd, 258956.650, 133
Trd, 258956.700, 133
Trd, 258956.900, 135
Trd, 258957.067, 136
Trd, 258957.233, 110
Trd, 258958.467, 115
Trd, 258958.500, 114
Trd, 258958.583, 135
Trd, 258958.817, 140
Trd, 258959.167, 140
Trd, 258959.550, 140
Trd, 258959.600, 140
Trd, 258959.733, 138
Trd, 258960.250, 140
Trd, 258960.383, 140
Trd, 258960.700, 140
Trd, 258960.900, 140
Trd, 258961.033, 109
Trd, 258962.150, 140
Trd, 258962.333, 140
Trd, 258962.483, 140
Trd, 258962.600, 140
Trd, 258962.733, 140
Trd, 258962.833, 140
Trd, 258963.217, 140
Trd, 258963.783, 140
Trd, 258963.800, 140
Trd, 258963.883, 140
Trd, 258964.033, 140
Trd, 258964.150, 140
Trd, 258964.217, 140
Trd, 258964.233, 140
Trd, 258964.483, 140
Trd, 258964.517, 140
Trd, 258964.550, 139
Trd, 258964.867, 140
Trd, 258964.933, 135
Trd, 258965.583, 140
Trd, 258966.533, 140
Trd, 258966.767, 140
Trd, 258966.867, 140
Trd, 258966.933, 140
Trd, 258966.967, 140
Trd, 258967.300, 140
Trd, 258967.317, 140
Trd, 258967.533, 140
Trd, 258967.783, 139
Trd, 258968.100, 116
Trd, 258968.200, 111
Trd, 258968.550, 91
Trd, 258968.650, 126
Trd, 258968.683, 127
Trd, 258968.967, 140
Trd, 258969.117, 140
Trd, 258969.233, 140
Trd, 258969.250, 140
Trd, 258969.683, 140
Trd, 258969.883, 140
Trd, 258970.033, 139
Trd, 258970.367, 140
Trd, 258970.533, 140
Trd, 258970.700, 140
Trd, 258970.767, 138
Trd, 258971.083, 140
Trd, 258971.783, 140
Trd, 258971.817, 139
Trd, 258972.033, 138
Trd, 258972.733, 140
Trd, 258973.850, 140
Trd, 258974.133, 140
Trd, 258974.150, 140
Trd, 258974.417, 140
Trd, 258974.933, 140
Trd, 258975.000, 140
Trd, 258975.133, 140
Trd, 258975.217, 140
Trd, 258975.533, 140
Trd, 258975.783, 140
Trd, 258975.967, 140
Trd, 258976.133, 140
Trd, 258976.150, 140
Trd, 258976.250, 140
Trd, 258976.267, 140
Trd, 258976.400, 139
Trd, 258976.500, 139
Trd, 258976.567, 139
Trd, 258976.650, 139
Trd, 258977.000, 140
Trd, 258977.850, 140
Trd, 258977.883, 140
Trd, 258978.383, 140
Trd, 258978.467, 140
Trd, 258978.533, 140
Trd, 258978.800, 140
Trd, 258978.833, 140
Trd, 258978.850, 140
Trd, 258979.183, 140
Trd, 258979.650, 140
Trd, 258979.833, 140
Trd, 258980.050, 140
Trd, 258980.100, 136
Trd, 258980.717, 138
Trd, 258981.133, 111
Trd, 258981.533, 107
Trd, 258981.633, 130
Trd, 258981.717, 106
Trd, 258981.817, 131
Trd, 258981.833, 132
Trd, 258981.917, 136
Trd, 258982.300, 110
Trd, 258982.400, 99
Trd, 258982.433, 131
Trd, 258982.500, 116
Trd, 258982.883, 138
Trd, 258983.767, 140
Trd, 258983.933, 140
Trd, 258983.983, 139
Trd, 258984.250, 140
Trd, 258984.583, 140
Trd, 258984.633, 139
Trd, 258984.800, 139
Trd, 258984.833, 138
Trd, 258984.867, 140
Trd, 258985.233, 140
Trd, 258985.383, 140
Trd, 258985.467, 139
Trd, 258985.867, 140
Trd, 258985.900, 139
Trd, 258986.400, 139
Trd, 258986.800, 131
Trd, 258986.933, 130
Trd, 258987.050, 132
Trd, 258987.167, 132
Trd, 258987.300, 117
Trd, 258987.500, 116
Trd, 258987.600, 125
Trd, 258987.633, 126
Trd, 258988.183, 127
Trd, 258988.667, 95
Trd, 258988.900, 139
Trd, 258989.133, 140
Trd, 258989.200, 140
Trd, 258989.317, 140
Trd, 258989.433, 99
Trd, 258989.950, 140
Trd, 258990.033, 139
Trd, 258990.167, 137
Trd, 258990.433, 132
Trd, 258990.900, 140
Trd, 258991.133, 140
Trd, 258991.433, 140
Trd, 258991.750, 140
Trd, 258991.883, 140
Trd, 258991.917, 140
Trd, 258992.067, 140
Trd, 258992.267, 140
Trd, 258992.300, 140
Trd, 258992.317, 140
Trd, 258993.083, 140
Trd, 258993.317, 138
Trd, 258993.583, 137
Trd, 258993.750, 140
Trd, 258993.850, 137
Trd, 258993.933, 113
Trd, 258993.983, 112
Trd, 258994.767, 134
Trd, 258995.000, 134
Trd, 258995.050, 135
Trd, 258995.083, 128
Trd, 258995.250, 135
Trd, 258995.683, 135
Trd, 258996.117, 136
Trd, 258996.233, 139
Trd, 258996.467, 134
Trd, 258996.483, 128
Trd, 258996.783, 96
Trd, 258996.850, 140
Trd, 258996.950, 139
Trd, 258997.067, 118
Trd, 258997.283, 120
Trd, 258997.383, 89
Trd, 258997.417, 138
Trd, 258997.617, 80
Trd, 258998.417, 140
Trd, 258998.467, 140
Trd, 258998.517, 109
Trd, 258998.533, 131
Trd, 258998.767, 140
Trd, 258998.883, 140
Trd, 258999.400, 140
Trd, 258999.567, 140
Trd, 258999.800, 140
Trd, 258999.817, 140
Trd, 259000.500, 140
Trd, 259000.667, 140
Trd, 259001.350, 140
Trd, 259001.417, 140
Trd, 259001.467, 140
Trd, 259002.067, 140
Trd, 259002.350, 140
Trd, 259002.633, 140
Trd, 259002.917, 140
Trd, 259003.167, 140
Trd, 259003.300, 140
Trd, 259003.417, 140
Trd, 259003.800, 140
Trd, 259003.867, 140
Trd, 259004.033, 140
Trd, 259004.300, 140
Trd, 259004.367, 140
Trd, 259004.517, 140
Trd, 259004.783, 140
Trd, 259005.233, 140
Trd, 259005.317, 140
Trd, 259005.750, 140
Trd, 259006.000, 140
Trd, 259006.167, 140
Trd, 259006.383, 139
Trd, 259006.433, 139
Trd, 259006.500, 138
Trd, 259006.783, 115
Trd, 259007.150, 137
Trd, 259007.817, 140
Trd, 259007.867, 140
Trd, 259008.383, 140
Trd, 259008.850, 140
Trd, 259009.017, 140
Trd, 259009.217, 140
Trd, 259009.300, 140
Trd, 259009.517, 140
Trd, 259009.700, 139
Trd, 259009.867, 139
Trd, 259009.967, 139
Trd, 259010.217, 140
Trd, 259010.450, 140
Trd, 259010.817, 140
Trd, 259010.983, 137
Trd, 259011.117, 134
Trd, 259011.367, 140
Trd, 259011.717, 140
Trd, 259012.017, 140
Trd, 259012.800, 140
Trd, 259012.817, 139
Trd, 259012.833, 139
Trd, 259013.000, 140
Trd, 259013.133, 139
Trd, 259013.150, 140
Trd, 259013.317, 138
Trd, 259013.467, 139
Trd, 259013.850, 138
Trd, 259014.183, 139
Trd, 259014.250, 140
Trd, 259014.867, 140
Trd, 259015.267, 140
Trd, 259015.900, 140
Trd, 259016.100, 140
Trd, 259016.200, 140
Trd, 259017.233, 140
Trd, 259017.517, 140
Trd, 259018.117, 140
Trd, 259018.283, 140
Trd, 259018.533, 140
Trd, 259018.567, 140
Trd, 259018.650, 140
Trd, 259018.767, 140
Trd, 259018.917, 140
Trd, 259019.217, 140
Trd, 259019.317, 140
Trd, 259019.333, 140
Trd, 259019.400, 140
Trd, 259019.500, 139
Trd, 259019.617, 140
Trd, 259019.683, 139
Trd, 259019.867, 140
Trd, 259020.117, 139
Trd, 259020.317, 139
Trd, 259020.367, 140
Trd, 259020.483, 117
Trd, 259020.917, 130
Trd, 259020.950, 134
Trd, 259021.033, 129
Trd, 259021.250, 138
Trd, 259021.350, 102
Trd, 259021.667, 140
Trd, 259021.717, 139
Trd, 259022.000, 140
Trd, 259022.367, 137
Trd, 259022.650, 140
Trd, 259022.767, 139
Trd, 259022.933, 136
Trd, 259023.017, 140
Trd, 259023.850, 140
Trd, 259023.967, 140
Trd, 259024.967, 140
Trd, 259025.183, 140
Trd, 259025.433, 140
Trd, 259025.583, 140
Trd, 259026.050, 140
Trd, 259026.433, 140
Trd, 259026.450, 140
Trd, 259026.500, 140
Trd, 259026.600, 140
Trd, 259026.733, 140
Trd, 259027.083, 140
Trd, 259027.367, 140
Trd, 259027.433, 140
Trd, 259027.467, 139
Trd, 259027.617, 140
Trd, 259027.633, 139
Trd, 259028.017, 140
Trd, 259029.250, 140
Trd, 259029.383, 140
Trd, 259029.650, 140
Trd, 259029.850, 140
Trd, 259030.067, 140
Trd, 259030.300, 140
Trd, 259030.317, 140
Trd, 259030.617, 139
Trd, 259030.650, 140
Trd, 259030.700, 139
Trd, 259030.733, 135
Trd, 259030.783, 123
Trd, 259030.800, 97
Trd, 259031.067, 140
Trd, 259031.333, 123
Trd, 259031.800, 140
Trd, 259031.817, 140
Trd, 259031.900, 140
Trd, 259032.300, 139
Trd, 259032.500, 137
Trd, 259032.517, 120
Trd, 259032.750, 140
Trd, 259032.867, 140
Trd, 259032.883, 140
Trd, 259033.033, 90
Trd, 259033.550, 63
Trd, 259033.700, 67
Trd, 259033.767, 70
Trd, 259033.917, 98
Trd, 259034.317, 140
Trd, 259034.517, 140
Trd, 259034.867, 140
Trd, 259035.100, 139
Trd, 259035.117, 138
Trd, 259035.383, 139
Trd, 259035.500, 76
Trd, 259035.600, 66
Trd, 259035.800, 126
Trd, 259036.033, 137
Trd, 259036.433, 138
Trd, 259036.833, 139
Trd, 259037.400, 123
Trd, 259038.167, 140
Trd, 259038.267, 140
Trd, 259038.833, 140
Trd, 259039.067, 140
Trd, 259039.233, 140
Trd, 259039.550, 140
Trd, 259039.683, 140
Trd, 259039.750, 140
Trd, 259039.817, 140
Trd, 259040.083, 140
Trd, 259040.200, 140
Trd, 259040.317, 140
Trd, 259040.400, 140
Trd, 259040.467, 140
Trd, 259040.650, 140
Trd, 259040.733, 139
Trd, 259040.750, 138
Trd, 259040.833, 140
Trd, 259040.883, 118
Trd, 259040.900, 116
Trd, 259041.200, 96
Trd, 259041.333, 138
Trd, 259041.567, 94
Trd, 259041.900, 133
Trd, 259042.017, 138
Trd, 259042.033, 140
Trd, 259042.433, 139
Trd, 259042.467, 137
Trd, 259043.400, 140
Trd, 259043.633, 140
Trd, 259043.750, 140
Trd, 259043.933, 140
Trd, 259044.250, 140
Trd, 259044.350, 140
Trd, 259045.050, 139
Trd, 259045.117, 137
Trd, 259045.367, 139
Trd, 259045.433, 138
Trd, 259045.833, 138
Trd, 259045.983, 137
Trd, 259046.033, 136
Trd, 259046.167, 112
Trd, 259046.283, 113
Trd, 259046.567, 129
Trd, 259046.967, 137
Trd, 259047.283, 131
Trd, 259047.333, 130
Trd, 259047.533, 103
Trd, 259047.583, 137
Trd, 259047.917, 138
Trd, 259047.983, 103
Trd, 259048.333, 116
Trd, 259048.650, 128
Trd, 259048.967, 117
Trd, 259049.133, 115
Trd, 259049.150, 113
Trd, 259049.533, 96
Trd, 259049.550, 87
Trd, 259049.567, 117
Trd, 259049.850, 118
Trd, 259049.867, 121
Trd, 259049.900, 123
Trd, 259049.950, 67
Trd, 259050.000, 128
Trd, 259050.133, 136
Trd, 259050.400, 69
Trd, 259050.633, 135
Trd, 259051.033, 72
Trd, 259051.500, 68
Trd, 259051.583, 62
Trd, 259051.717, 72
Trd, 259052.050, 62
Trd, 259052.133, 69
Trd, 259052.200, 85
Trd, 259052.750, 121
Trd, 259052.817, 135
Trd, 259052.967, 61
Trd, 259053.667, 140
Trd, 259054.050, 140
Trd, 259054.267, 140
Trd, 259054.617, 140
Trd, 259054.667, 140
Trd, 259054.717, 140
Trd, 259054.917, 139
Trd, 259054.950, 117
Trd, 259055.083, 138
Trd, 259055.183, 139
Trd, 259055.250, 140
Trd, 259055.517, 140
Trd, 259055.600, 140
Trd, 259055.617, 139
Trd, 259055.850, 130
Trd, 259056.100, 139
Trd, 259056.233, 131
Trd, 259056.467, 139
Trd, 259057.283, 140
Trd, 259057.567, 140
Trd, 259058.417, 140
Trd, 259058.483, 140
Trd, 259058.533, 140
Trd, 259058.883, 140
Trd, 259058.900, 140
Trd, 259059.200, 140
Trd, 259059.367, 140
Trd, 259059.383, 139
Trd, 259059.517, 139
Trd, 259059.617, 138
Trd, 259059.667, 138
Trd, 259059.767, 138
Trd, 259060.133, 119
Trd, 259060.250, 139
Trd, 259060.317, 94
Trd, 259060.433, 140
Trd, 259060.483, 93
Trd, 259060.967, 91
Trd, 259061.483, 138
Trd, 259061.950, 140
Trd, 259062.017, 140
Trd, 259062.033, 140
Trd, 259062.500, 140
Trd, 259062.800, 140
Trd, 259062.900, 140
Trd, 259063.083, 139
Trd, 259063.600, 140
Trd, 259064.133, 140
Trd, 259064.650, 140
Trd, 259064.867, 140
Trd, 259065.100, 140
Trd, 259065.250, 140
Trd, 259065.350, 140
Trd, 259065.367, 140
Trd, 259065.500, 140
Trd, 259065.617, 139
Trd, 259065.867, 140
Trd, 259065.967, 140
Trd, 259066.117, 139
Trd, 259066.400, 138
Trd, 259066.683, 134
Trd, 259067.083, 134
Trd, 259067.100, 135
Trd, 259067.183, 140
Trd, 259067.833, 140
Trd, 259067.867, 140
Trd, 259068.100, 140
Trd, 259068.233, 140
Trd, 259068.383, 139
Trd, 259068.417, 138
Trd, 259068.917, 140
Trd, 259069.617, 140
Trd, 259069.900, 140
Trd, 259070.350, 140
Trd, 259070.500, 140
Trd, 259070.517, 140
Trd, 259070.650, 140
Trd, 259070.767, 140
Trd, 259070.817, 138
Trd, 259071.167, 140
Trd, 259071.467, 140
Trd, 259071.817, 140
Trd, 259071.917, 140
Trd, 259072.117, 140
Trd, 259072.300, 132
Trd, 259072.500, 134
Trd, 259072.850, 126
Trd, 259072.900, 134
Trd, 259072.917, 135
Trd, 259072.967, 95
Trd, 259073.000, 136
Trd, 259073.133, 104
Trd, 259073.617, 140
Trd, 259073.683, 140
Trd, 259073.750, 138
Trd, 259074.300, 138
Trd, 259074.450, 137
Trd, 259074.550, 97
Trd, 259074.933, 104
Trd, 259075.017, 140
Trd, 259075.150, 136
Trd, 259075.450, 102
Trd, 259075.750, 140
Trd, 259076.367, 140
Trd, 259076.500, 140
Trd, 259076.883, 140
Trd, 259076.900, 140
Trd, 259077.083, 140
Trd, 259077.350, 140
Trd, 259078.117, 140
Trd, 259078.450, 140
Trd, 259078.467, 140
Trd, 259078.750, 139
Trd, 259078.950, 139
Trd, 259078.983, 139
Trd, 259079.050, 138
Trd, 259079.217, 139
Trd, 259079.267, 140
Trd, 259079.333, 128
Trd, 259079.650, 127
Trd, 259079.667, 123
Trd, 259079.750, 128
Trd, 259079.783, 98
Trd, 259079.817, 117
Trd, 259080.033, 117
Trd, 259080.367, 85
Trd, 259080.767, 125
Trd, 259080.867, 125
Trd, 259081.183, 127
Trd, 259081.300, 132
Trd, 259081.700, 140
Trd, 259082.117, 140
Trd, 259082.150, 139
Trd, 259082.283, 140
Trd, 259082.483, 138
Trd, 259082.783, 140
Trd, 259083.400, 140
Trd, 259083.433, 140
Trd, 259083.917, 140
Trd, 259084.300, 139
Trd, 259084.433, 140
Trd, 259084.567, 140
Trd, 259085.133, 140
Trd, 259085.167, 140
Trd, 259085.200, 140
Trd, 259085.300, 140
Trd, 259085.500, 139
Trd, 259085.617, 140
Trd, 259085.683, 137
Trd, 259085.767, 140
Trd, 259086.200, 140
Trd, 259086.433, 140
Trd, 259086.450, 139
Trd, 259086.533, 131
Trd, 259086.783, 103
Trd, 259087.017, 131
Trd, 259087.167, 104
Trd, 259087.467, 105
Trd, 259087.550, 104
Trd, 259087.850, 115
Trd, 259088.067, 104
Trd, 259088.550, 131
Trd, 259088.650, 88
Trd, 259088.750, 130
Trd, 259089.100, 129
Trd, 259089.367, 98
Trd, 259089.567, 98
Trd, 259089.750, 122
Trd, 259089.767, 119
Trd, 259089.800, 124
Trd, 259089.817, 126
Trd, 259089.867, 108
Trd, 259090.000, 62
Trd, 259090.200, 86
Trd, 259090.467, 129
Trd, 259090.900, 60
Trd, 259090.933, 61
Trd, 259091.133, 61
Trd, 259091.300, 63
Trd, 259091.983, 64
Trd, 259092.533, 60
Trd, 259092.850, 60
Trd, 259093.217, 62
Trd, 259093.317, 60
Trd, 259093.367, 73
Trd, 259093.433, 96
Trd, 259093.967, 140
Trd, 259094.450, 140
Trd, 259094.500, 140
Trd, 259094.800, 140
Trd, 259094.917, 140
Trd, 259094.933, 140
Trd, 259094.967, 134
Trd, 259095.033, 138
Trd, 259095.100, 99
Trd, 259095.183, 94
Trd, 259095.300, 140
Trd, 259095.667, 140
Trd, 259095.950, 140
Trd, 259096.150, 140
Trd, 259096.383, 140
Trd, 259096.533, 140
Trd, 259096.617, 138
Trd, 259096.950, 139
Trd, 259097.283, 138
Trd, 259098.067, 140
Trd, 259098.333, 140
Trd, 259098.433, 140
Trd, 259098.550, 140
Trd, 259098.650, 140
Trd, 259098.767, 140
Trd, 259099.317, 140
Trd, 259099.650, 140
Trd, 259099.950, 140
Trd, 259100.450, 140
Trd, 259100.583, 140
Trd, 259100.683, 140
Trd, 259100.833, 139
Trd, 259100.967, 139
Trd, 259100.983, 138
Trd, 259101.283, 138
Trd, 259101.350, 138
Trd, 259101.517, 134
Trd, 259101.700, 126
Trd, 259101.883, 138
Trd, 259101.950, 118
Trd, 259102.567, 137
Trd, 259102.683, 136
Trd, 259102.850, 137
Trd, 259102.900, 137
Trd, 259103.183, 107
Trd, 259103.333, 136
Trd, 259103.583, 140
Trd, 259103.633, 140
Trd, 259104.150, 137
Trd, 259104.167, 130
Trd, 259104.200, 126
Trd, 259104.300, 106
Trd, 259105.233, 140
Trd, 259105.600, 140
Trd, 259106.217, 140
Trd, 259106.267, 140
Trd, 259106.400, 140
Trd, 259106.833, 140
Trd, 259107.017, 140
Trd, 259107.883, 140
Trd, 259108.083, 140
Trd, 259108.117, 140
Trd, 259108.250, 140
Trd, 259108.467, 140
Trd, 259108.833, 140
Trd, 259109.067, 140
Trd, 259109.133, 140
Trd, 259109.167, 139
Trd, 259109.550, 140
Trd, 259109.850, 140
Trd, 259109.900, 140
Trd, 259110.133, 139
Trd, 259110.217, 138
Trd, 259110.317, 135
Trd, 259110.333, 127
Trd, 259110.500, 136
Trd, 259110.650, 134
Trd, 259111.500, 133
Trd, 259111.867, 133
Trd, 259112.033, 134
Trd, 259112.617, 140
Trd, 259112.717, 135
Trd, 259112.883, 131
Trd, 259113.167, 125
Trd, 259113.250, 125
Trd, 259113.283, 124
Trd, 259113.867, 139
Trd, 259114.317, 140
Trd, 259114.617, 137
Trd, 259114.817, 125
Trd, 259114.883, 124
Trd, 259114.983, 134
Trd, 259115.300, 125
Trd, 259115.467, 126
Trd, 259115.617, 84
Trd, 259115.767, 82
Trd, 259115.933, 81
Trd, 259115.967, 125
Trd, 259116.133, 81
Trd, 259116.217, 130
Trd, 259116.317, 109
Trd, 259116.417, 108
Trd, 259116.450, 109
Trd, 259116.550, 110
Trd, 259116.733, 131
Trd, 259116.750, 80
Trd, 259117.050, 140
Trd, 259117.867, 122
Trd, 259118.283, 139
Trd, 259118.433, 140
Trd, 259119.217, 140
Trd, 259119.367, 140
Trd, 259119.467, 138
Trd, 259120.017, 140
Trd, 259120.100, 140
Trd, 259120.650, 140
Trd, 259120.733, 139
Trd, 259120.767, 139
Trd, 259120.950, 138
Trd, 259121.067, 139
Trd, 259121.083, 140
Trd, 259121.200, 140
Trd, 259121.367, 140
Trd, 259121.883, 140
Trd, 259121.950, 140
Trd, 259121.967, 140
Trd, 259122.167, 139
Trd, 259122.350, 137
Trd, 259122.450, 140
Trd, 259122.533, 94
Trd, 259122.817, 126
Trd, 259122.833, 124
Trd, 259122.900, 123
Trd, 259123.117, 125
Trd, 259123.150, 140
Trd, 259123.967, 137
Trd, 259124.317, 125
Trd, 259124.383, 123
Trd, 259124.650, 109
Trd, 259125.100, 120
Trd, 259125.183, 132
Trd, 259125.667, 140
Trd, 259126.267, 140
Trd, 259126.383, 140
Trd, 259126.583, 140
Trd, 259126.600, 140
Trd, 259126.733, 140
Trd, 259127.033, 140
Trd, 259127.733, 140
Trd, 259127.800, 140
Trd, 259127.867, 140
Trd, 259127.967, 140
Trd, 259128.650, 140
Trd, 259128.967, 140
Trd, 259129.133, 140
Trd, 259129.483, 140
Trd, 259129.517, 140
Trd, 259129.650, 140
Trd, 259129.783, 140
Trd, 259130.000, 140
Trd, 259130.083, 140
Trd, 259130.850, 140
Trd, 259130.900, 140
Trd, 259130.950, 140
Trd, 259130.983, 139
Trd, 259131.067, 139
Trd, 259131.333, 139
Trd, 259131.350, 138
Trd, 259131.450, 138
Trd, 259131.483, 114
Trd, 259131.550, 95
Trd, 259131.800, 111
Trd, 259132.050, 101
Trd, 259132.067, 71
Trd, 259132.317, 113
Trd, 259132.717, 120
Trd, 259133.017, 138
Trd, 259133.567, 122
Trd, 259134.250, 119
Trd, 259134.283, 109
Trd, 259134.617, 140
Trd, 259134.700, 140
Trd, 259135.150, 140
Trd, 259135.483, 140
Trd, 259135.567, 140
Trd, 259135.700, 140
Trd, 259135.917, 140
Trd, 259136.017, 140
Trd, 259136.167, 140
Trd, 259136.233, 140
Trd, 259136.583, 140
Trd, 259136.717, 140
Trd, 259137.067, 140
Trd, 259137.267, 140
Trd, 259137.450, 140
Trd, 259137.867, 140
Trd, 259137.900, 140
Trd, 259138.017, 138
Trd, 259138.333, 140
Trd, 259138.533, 139
Trd, 259138.850, 140
Trd, 259139.033, 140
Trd, 259139.250, 140
Trd, 259139.317, 140
Trd, 259139.550, 140
Trd, 259139.783, 140
Trd, 259140.267, 140
Trd, 259140.367, 140
Trd, 259140.650, 140
Trd, 259140.833, 140
Trd, 259141.367, 140
Trd, 259141.533, 140
Trd, 259141.600, 140
Trd, 259141.667, 140
Trd, 259141.850, 140
Trd, 259141.883, 140
Trd, 259141.900, 140
Trd, 259141.967, 139
Trd, 259142.033, 138
Trd, 259142.167, 139
Trd, 259142.283, 139
Trd, 259142.400, 139
Trd, 259142.833, 139
Trd, 259143.383, 140
Trd, 259143.550, 140
Trd, 259144.200, 140
Trd, 259144.400, 139
Trd, 259144.700, 139
Trd, 259144.767, 139
Trd, 259145.283, 140
Trd, 259145.367, 138
Trd, 259145.633, 135
Trd, 259145.883, 136
Trd, 259145.917, 137
Trd, 259146.083, 123
Trd, 259146.250, 140
Trd, 259146.900, 140
Trd, 259147.200, 140
Trd, 259147.450, 140
Trd, 259147.467, 140
Trd, 259147.567, 140
Trd, 259147.650, 139
Trd, 259147.867, 140
Trd, 259148.250, 140
Trd, 259148.367, 139
Trd, 259148.683, 139
Trd, 259148.700, 138
Trd, 259149.183, 137
Trd, 259149.283, 138
Trd, 259149.650, 140
Trd, 259150.350, 140
Trd, 259150.517, 140
Trd, 259150.883, 140
Trd, 259150.917, 140
Trd, 259151.283, 140
Trd, 259151.433, 139
Trd, 259151.933, 139
Trd, 259152.150, 139
Trd, 259152.167, 138
Trd, 259152.300, 140
Trd, 259152.400, 138
Trd, 259152.533, 137
Trd, 259152.550, 105
Trd, 259152.667, 93
Trd, 259152.900, 75
Trd, 259153.100, 110
Trd, 259153.117, 71
Trd, 259153.600, 112
Trd, 259153.617, 110
Trd, 259153.900, 140
Trd, 259154.050, 140
Trd, 259154.533, 137
Trd, 259154.567, 138
Trd, 259154.700, 108
Trd, 259154.917, 107
Trd, 259155.017, 83
Trd, 259155.183, 67
Trd, 259155.317, 63
Trd, 259155.550, 125
Trd, 259156.050, 140
Trd, 259156.467, 140
Trd, 259156.533, 140
Trd, 259156.550, 140
Trd, 259156.617, 140
Trd, 259157.383, 140
Trd, 259157.717, 140
Trd, 259158.367, 140
Trd, 259158.500, 140
Trd, 259159.067, 140
Trd, 259159.100, 140
Trd, 259159.283, 140
Trd, 259159.483, 140
Trd, 259159.600, 140
Trd, 259159.617, 140
Trd, 259159.800, 140
Trd, 259160.250, 140
Trd, 259160.300, 140
Trd, 259160.467, 139
Trd, 259160.483, 139
Trd, 259160.867, 140
Trd, 259161.167, 140
Trd, 259161.533, 140
Trd, 259161.567, 140
Trd, 259162.450, 140
Trd, 259162.783, 140
Trd, 259162.867, 140
Trd, 259163.167, 140
Trd, 259163.300, 140
Trd, 259163.650, 140
Trd, 259163.733, 140
Trd, 259163.967, 140
Trd, 259164.050, 140
Trd, 259164.300, 140
Trd, 259165.067, 140
Trd, 259165.183, 140
Trd, 259165.200, 140
Trd, 259165.300, 139
Trd, 259165.450, 138
Trd, 259165.750, 139
Trd, 259165.883, 140
Trd, 259165.983, 139
Trd, 259166.100, 137
Trd, 259166.133, 125
Trd, 259166.267, 135
Trd, 259166.400, 124
Trd, 259166.433, 122
Trd, 259166.683, 66
Trd, 259167.383, 91
Trd, 259167.533, 90
Trd, 259167.650, 128
Trd, 259167.767, 129
Trd, 259167.983, 132
Trd, 259168.000, 110
Trd, 259168.450, 133
Trd, 259168.467, 134
Trd, 259168.633, 135
Trd, 259168.950, 139
Trd, 259169.100, 115
Trd, 259169.767, 140
Trd, 259170.767, 140
Trd, 259170.800, 140
Trd, 259170.950, 140
Trd, 259170.983, 140
Trd, 259171.033, 139
Trd, 259171.150, 140
Trd, 259171.350, 140
Trd, 259171.500, 138
Trd, 259171.983, 140
Trd, 259172.067, 139
Trd, 259172.500, 140
Trd, 259172.850, 140
Trd, 259173.000, 139
Trd, 259173.633, 140
Trd, 259173.667, 140
Trd, 259174.533, 140
Trd, 259174.983, 140
Trd, 259175.233, 140
Trd, 259175.250, 140
Trd, 259175.433, 140
Trd, 259175.600, 140
Trd, 259175.850, 140
Trd, 259175.983, 140
Trd, 259176.350, 140
Trd, 259176.550, 140
Trd, 259176.867, 140
Trd, 259177.583, 140
Trd, 259177.733, 140
Trd, 259178.000, 140
Trd, 259178.033, 140
Trd, 259178.067, 140
Trd, 259178.100, 140
Trd, 259178.117, 140
Trd, 259178.150, 140
Trd, 259178.183, 140
Trd, 259178.283, 140
Trd, 259178.750, 140
Trd, 259179.417, 138
Trd, 259179.683, 138
Trd, 259179.717, 139
Trd, 259180.133, 139
Trd, 259180.267, 137
Trd, 259180.550, 137
Trd, 259180.600, 131
Trd, 259180.950, 131
Trd, 259181.033, 132
Trd, 259181.183, 136
Trd, 259181.367, 124
Trd, 259181.467, 138
Trd, 259181.533, 134
Trd, 259181.600, 125
Trd, 259181.667, 124
Trd, 259181.750, 137
Trd, 259181.933, 139
Trd, 259182.617, 119
Trd, 259183.633, 140
Trd, 259183.783, 139
Trd, 259183.883, 139
Trd, 259184.167, 140
Trd, 259184.183, 138
Trd, 259184.217, 137
Trd, 259184.317, 123
Trd, 259184.383, 104
Trd, 259184.400, 100
Trd, 259184.650, 140
Trd, 259185.250, 140
Trd, 259185.433, 140
Trd, 259185.567, 140
Trd, 259185.833, 140
Trd, 259185.983, 140
Trd, 259186.100, 140
Trd, 259186.117, 139
Trd, 259186.217, 139
Trd, 259186.400, 138
Trd, 259186.417, 138
Trd, 259186.900, 137
Trd, 259186.950, 137
Trd, 259187.000, 120
Trd, 259187.233, 137
Trd, 259187.400, 136
Trd, 259187.717, 135
Trd, 259187.867, 136
Trd, 259188.000, 121
Trd, 259188.533, 125
Trd, 259188.683, 133
Trd, 259188.783, 131
Trd, 259188.950, 122
Trd, 259188.983, 120
Trd, 259189.217, 110
Trd, 259189.233, 109
Trd, 259189.250, 84
Trd, 259189.400, 125
Trd, 259189.433, 124
Trd, 259189.483, 123
Trd, 259189.717, 117
Trd, 259190.117, 90
Trd, 259190.283, 123
Trd, 259190.583, 121
Trd, 259190.817, 96
Trd, 259190.917, 95
Trd, 259191.083, 103
Trd, 259191.283, 90
Trd, 259191.367, 119
Trd, 259191.467, 120
Trd, 259191.500, 72
Trd, 259191.783, 117
Trd, 259191.800, 118
Trd, 259192.067, 112
Trd, 259192.167, 125
Trd, 259192.283, 137
Trd, 259193.733, 140
Trd, 259194.000, 140
Trd, 259194.033, 140
Trd, 259194.333, 140
Trd, 259194.483, 140
Trd, 259194.517, 140
Trd, 259194.533, 140
Trd, 259194.683, 140
Trd, 259195.183, 140
Trd, 259195.300, 140
Trd, 259195.633, 140
Trd, 259195.817, 140
Trd, 259195.867, 139
Trd, 259195.917, 138
Trd, 259196.033, 140
Trd, 259196.300, 133
Trd, 259196.617, 138
Trd, 259196.933, 131
Trd, 259197.067, 130
Trd, 259197.250, 128
Trd, 259197.517, 140
Trd, 259197.533, 140
Trd, 259197.567, 140
Trd, 259197.600, 117
Trd, 259197.917, 140
Trd, 259199.283, 140
Trd, 259199.333, 140
Trd, 259199.367, 139
Trd, 259199.467, 140
Trd, 259199.983, 140
