Trd, 258582.533, 98
Trd, 258583.200, 140
Trd, 258583.583, 132
Trd, 258584.200, 128
Trd, 258584.550, 140
Trd, 258584.633, 125
Trd, 258584.767, 120
Trd, 258584.783, 129
Trd, 258584.833, 120
Trd, 258585.067, 112
Trd, 258585.283, 107
Trd, 258585.317, 97
Trd, 258585.617, 94
Trd, 258585.950, 124
Trd, 258586.100, 118
Trd, 258586.383, 112
Trd, 258586.567, 131
Trd, 258586.883, 138
Trd, 258587.017, 132
Trd, 258587.467, 137
Trd, 258587.500, 116
Trd, 258587.800, 130
Trd, 258587.950, 128
Trd, 258588.367, 91
Trd, 258588.500, 90
Trd, 258588.567, 87
Trd, 258588.633, 98
Trd, 258588.950, 96
Trd, 258589.233, 111
Trd, 258589.300, 124
Trd, 258589.683, 98
Trd, 258590.433, 130
Trd, 258590.583, 131
Trd, 258590.833, 120
Trd, 258591.083, 116
Trd, 258591.300, 113
Trd, 258591.400, 127
Trd, 258591.433, 130
Trd, 258591.683, 139
Trd, 258591.917, 137
Trd, 258592.017, 102
Trd, 258592.200, 109
Trd, 258592.300, 106
Trd, 258592.367, 103
Trd, 258592.750, 131
Trd, 258592.933, 95
Trd, 258593.450, 121
Trd, 258593.533, 95
Trd, 258594.083, 88
Trd, 258594.183, 88
Trd, 258594.200, 82
Trd, 258594.517, 93
Trd, 258595.000, 129
Trd, 258595.083, 119
Trd, 258595.117, 97
Trd, 258595.400, 134
Trd, 258595.583, 91
Trd, 258595.967, 84
Trd, 258596.117, 77
Trd, 258596.133, 84
Trd, 258596.233, 97
Trd, 258596.267, 117
Trd, 258596.550, 83
Trd, 258596.950, 134
Trd, 258597.067, 121
Trd, 258597.517, 118
Trd, 258597.600, 107
Trd, 258597.700, 133
Trd, 258598.017, 138
Trd, 258598.083, 132
Trd, 258598.417, 110
Trd, 258598.717, 90
Trd, 258599.467, 121
Trd, 258599.567, 103
Trd, 258599.617, 124
Trd, 258599.783, 123
Trd, 258600.200, 125
Trd, 258600.400, 116
Trd, 258600.500, 130
Trd, 258600.700, 109
Trd, 258600.800, 104
Trd, 258601.850, 103
Trd, 258601.917, 114
Trd, 258602.233, 130
Trd, 258602.450, 110
Trd, 258602.567, 139
Trd, 258602.600, 100
Trd, 258602.633, 140
Trd, 258602.800, 138
Trd, 258602.867, 94
Trd, 258603.400, 130
Trd, 258603.483, 125
Trd, 258603.633, 122
Trd, 258604.000, 140
Trd, 258604.200, 133
Trd, 258604.333, 120
Trd, 258604.550, 135
Trd, 258605.583, 124
Trd, 258605.683, 140
Trd, 258605.717, 119
Trd, 258606.067, 137
Trd, 258606.217, 103
Trd, 258606.683, 112
Trd, 258606.767, 101
Trd, 258606.833, 100
Trd, 258606.867, 99
Trd, 258607.317, 112
Trd, 258607.433, 129
Trd, 258607.567, 87
Trd, 258608.133, 131
Trd, 258608.550, 83
Trd, 258608.767, 110
Trd, 258608.967, 109
Trd, 258609.217, 131
Trd, 258609.383, 139
Trd, 258609.400, 138
Trd, 258609.433, 85
Trd, 258609.517, 136
Trd, 258609.983, 97
Trd, 258610.017, 90
Trd, 258610.183, 79
Trd, 258610.817, 103
Trd, 258611.017, 84
Trd, 258611.067, 107
Trd, 258611.150, 79
Trd, 258611.200, 78
Trd, 258611.700, 110
Trd, 258611.867, 98
Trd, 258612.167, 140
Trd, 258612.733, 137
Trd, 258612.783, 136
Trd, 258612.917, 128
Trd, 258612.983, 115
Trd, 258613.400, 122
Trd, 258613.517, 113
Trd, 258613.900, 129
Trd, 258614.183, 119
Trd, 258614.350, 112
Trd, 258614.400, 117
Trd, 258614.633, 139
Trd, 258615.233, 102
Trd, 258615.633, 114
Trd, 258615.917, 110
Trd, 258616.183, 111
Trd, 258616.633, 132
Trd, 258616.717, 121
Trd, 258616.950, 116
Trd, 258617.067, 105
Trd, 258617.150, 101
Trd, 258617.383, 140
Trd, 258617.517, 113
Trd, 258618.433, 134
Trd, 258618.483, 132
Trd, 258618.783, 139
Trd, 258618.867, 122
Trd, 258618.950, 110
Trd, 258619.183, 139
Trd, 258619.383, 140
Trd, 258620.000, 137
Trd, 258620.333, 136
Trd, 258620.467, 115
Trd, 258620.517, 114
Trd, 258620.783, 120
Trd, 258620.883, 99
Trd, 258621.283, 139
Trd, 258621.367, 138
Trd, 258621.467, 138
Trd, 258621.533, 128
Trd, 258621.983, 120
Trd, 258622.283, 133
Trd, 258622.333, 116
Trd, 258622.350, 100
Trd, 258622.367, 97
Trd, 258622.633, 140
Trd, 258622.683, 139
Trd, 258623.183, 137
Trd, 258623.383, 129
Trd, 258623.483, 123
Trd, 258623.517, 122
Trd, 258623.783, 102
Trd, 258624.150, 116
Trd, 258624.450, 139
Trd, 258625.350, 107
Trd, 258625.733, 89
Trd, 258625.767, 81
Trd, 258625.950, 79
Trd, 258625.967, 114
Trd, 258626.217, 83
Trd, 258626.333, 82
Trd, 258626.383, 83
Trd, 258626.417, 102
Trd, 258627.133, 119
Trd, 258627.300, 120
Trd, 258627.567, 138
Trd, 258627.617, 119
Trd, 258628.050, 102
Trd, 258628.267, 100
Trd, 258628.500, 118
Trd, 258628.633, 121
Trd, 258629.000, 136
Trd, 258629.100, 90
Trd, 258629.733, 77
Trd, 258629.883, 131
Trd, 258630.133, 69
Trd, 258630.250, 132
Trd, 258630.617, 120
Trd, 258630.817, 122
Trd, 258631.133, 114
Trd, 258631.317, 140
Trd, 258631.333, 118
Trd, 258631.850, 140
Trd, 258632.150, 133
Trd, 258632.267, 111
Trd, 258632.317, 129
Trd, 258632.883, 139
Trd, 258633.050, 140
Trd, 258633.100, 138
Trd, 258633.483, 140
Trd, 258633.817, 140
Trd, 258633.850, 139
Trd, 258633.900, 136
Trd, 258634.133, 130
Trd, 258634.450, 139
Trd, 258634.650, 128
Trd, 258634.900, 130
Trd, 258635.117, 126
Trd, 258635.150, 118
Trd, 258635.167, 131
Trd, 258635.267, 138
Trd, 258635.633, 134
Trd, 258635.900, 115
Trd, 258635.933, 111
Trd, 258636.067, 110
Trd, 258636.250, 105
Trd, 258636.450, 94
Trd, 258636.550, 97
Trd, 258637.450, 125
Trd, 258637.583, 124
Trd, 258637.617, 117
Trd, 258637.717, 130
Trd, 258637.950, 129
Trd, 258638.333, 125
Trd, 258638.850, 124
Trd, 258639.333, 109
Trd, 258639.650, 108
Trd, 258639.783, 122
Trd, 258639.950, 126
Trd, 258640.517, 136
Trd, 258640.533, 132
Trd, 258640.900, 116
Trd, 258640.967, 107
Trd, 258641.150, 138
Trd, 258641.367, 133
Trd, 258641.500, 125
Trd, 258641.517, 123
Trd, 258641.600, 119
Trd, 258642.167, 124
Trd, 258642.717, 114
Trd, 258643.417, 127
Trd, 258643.617, 130
Trd, 258644.117, 124
Trd, 258644.150, 111
Trd, 258644.283, 104
Trd, 258644.367, 102
Trd, 258645.050, 113
Trd, 258645.167, 112
Trd, 258645.467, 140
Trd, 258645.500, 129
Trd, 258645.583, 103
Trd, 258645.667, 102
Trd, 258646.350, 121
Trd, 258646.733, 134
Trd, 258646.833, 122
Trd, 258646.917, 127
Trd, 258646.950, 120
Trd, 258647.017, 137
Trd, 258647.383, 113
Trd, 258647.633, 111
Trd, 258648.200, 110
Trd, 258648.267, 97
Trd, 258648.433, 123
Trd, 258649.133, 140
Trd, 258649.467, 139
Trd, 258649.900, 134
Trd, 258649.967, 133
Trd, 258650.100, 121
Trd, 258650.133, 120
Trd, 258650.200, 113
Trd, 258650.733, 121
Trd, 258650.783, 119
Trd, 258651.200, 112
Trd, 258651.367, 108
Trd, 258651.533, 137
Trd, 258651.683, 107
Trd, 258651.917, 113
Trd, 258651.950, 104
Trd, 258651.967, 97
Trd, 258652.267, 124
Trd, 258652.400, 137
Trd, 258652.600, 140
Trd, 258652.850, 134
Trd, 258653.033, 139
Trd, 258653.217, 122
Trd, 258653.433, 94
Trd, 258654.083, 140
Trd, 258654.133, 140
Trd, 258654.333, 140
Trd, 258654.383, 139
Trd, 258654.633, 107
Trd, 258654.683, 92
Trd, 258655.450, 120
Trd, 258655.583, 105
Trd, 258655.633, 92
Trd, 258655.800, 90
Trd, 258656.100, 103
Trd, 258656.450, 77
Trd, 258656.500, 121
Trd, 258656.683, 80
Trd, 258656.717, 73
Trd, 258657.400, 140
Trd, 258657.767, 139
Trd, 258657.833, 129
Trd, 258657.917, 129
Trd, 258658.067, 140
Trd, 258658.300, 140
Trd, 258658.317, 120
Trd, 258658.533, 110
Trd, 258658.600, 109
Trd, 258659.683, 138
Trd, 258659.850, 116
Trd, 258659.967, 112
Trd, 258660.417, 140
Trd, 258660.533, 139
Trd, 258660.600, 135
Trd, 258660.733, 101
Trd, 258661.083, 139
Trd, 258661.250, 139
Trd, 258661.350, 132
Trd, 258661.367, 127
Trd, 258661.533, 110
Trd, 258661.967, 102
Trd, 258662.233, 136
Trd, 258662.450, 95
Trd, 258662.767, 122
Trd, 258664.317, 135
Trd, 258664.467, 134
Trd, 258664.533, 133
Trd, 258664.550, 116
Trd, 258664.767, 94
Trd, 258664.933, 91
Trd, 258665.717, 132
Trd, 258665.983, 135
Trd, 258666.350, 121
Trd, 258666.367, 120
Trd, 258666.400, 112
Trd, 258666.483, 111
Trd, 258667.017, 129
Trd, 258667.033, 130
Trd, 258667.100, 127
Trd, 258667.117, 112
Trd, 258667.167, 109
Trd, 258667.233, 107
Trd, 258667.433, 107
Trd, 258667.700, 140
Trd, 258667.717, 106
Trd, 258667.767, 104
Trd, 258667.800, 103
Trd, 258667.817, 98
Trd, 258667.867, 93
Trd, 258668.450, 103
Trd, 258668.717, 86
Trd, 258669.500, 118
Trd, 258669.517, 88
Trd, 258669.817, 128
Trd, 258669.900, 78
Trd, 258670.000, 79
Trd, 258670.033, 67
Trd, 258670.200, 64
Trd, 258670.383, 82
Trd, 258670.517, 76
Trd, 258670.633, 130
Trd, 258671.133, 119
Trd, 258671.567, 106
Trd, 258671.600, 97
Trd, 258671.733, 95
Trd, 258671.950, 116
Trd, 258672.150, 139
Trd, 258672.633, 120
Trd, 258673.033, 119
Trd, 258673.050, 122
Trd, 258673.283, 107
Trd, 258673.317, 129
Trd, 258673.367, 103
Trd, 258673.650, 94
Trd, 258673.700, 120
Trd, 258674.067, 113
Trd, 258674.500, 108
Trd, 258674.700, 101
Trd, 258674.983, 138
Trd, 258675.433, 119
Trd, 258675.917, 140
Trd, 258676.133, 126
Trd, 258676.250, 116
Trd, 258676.267, 108
Trd, 258676.483, 137
Trd, 258676.550, 103
Trd, 258677.067, 140
Trd, 258677.283, 140
Trd, 258677.600, 140
Trd, 258677.633, 134
Trd, 258677.667, 134
Trd, 258677.800, 140
Trd, 258677.900, 130
Trd, 258678.000, 113
Trd, 258678.117, 135
Trd, 258678.217, 118
Trd, 258678.750, 129
Trd, 258679.017, 94
Trd, 258679.450, 124
Trd, 258679.617, 116
Trd, 258679.700, 101
Trd, 258679.883, 100
Trd, 258680.117, 109
Trd, 258680.183, 99
Trd, 258680.883, 74
Trd, 258681.100, 100
Trd, 258681.333, 140
Trd, 258681.350, 112
Trd, 258681.500, 120
Trd, 258682.333, 140
Trd, 258682.433, 135
Trd, 258682.817, 126
Trd, 258683.350, 140
Trd, 258683.617, 140
Trd, 258683.683, 139
Trd, 258683.967, 132
Trd, 258684.400, 138
Trd, 258685.150, 132
Trd, 258685.433, 133
Trd, 258685.583, 135
Trd, 258685.733, 127
Trd, 258685.867, 121
Trd, 258686.050, 120
Trd, 258686.150, 119
Trd, 258686.183, 116
Trd, 258686.367, 137
Trd, 258687.117, 120
Trd, 258687.333, 134
Trd, 258687.633, 138
Trd, 258687.750, 134
Trd, 258687.833, 118
Trd, 258687.983, 135
Trd, 258688.117, 139
Trd, 258688.633, 130
Trd, 258688.900, 113
Trd, 258689.167, 110
Trd, 258689.567, 112
Trd, 258689.933, 113
Trd, 258689.950, 109
Trd, 258689.967, 107
Trd, 258689.983, 96
Trd, 258690.000, 114
Trd, 258690.200, 134
Trd, 258690.250, 130
Trd, 258690.450, 122
Trd, 258690.800, 139
Trd, 258690.867, 131
Trd, 258691.050, 130
Trd, 258691.650, 135
Trd, 258691.750, 119
Trd, 258691.967, 125
Trd, 258692.050, 123
Trd, 258692.067, 118
Trd, 258692.250, 102
Trd, 258692.433, 130
Trd, 258692.483, 100
Trd, 258692.800, 138
Trd, 258693.000, 139
Trd, 258693.100, 137
Trd, 258693.167, 129
Trd, 258693.317, 111
Trd, 258693.450, 107
Trd, 258694.733, 140
Trd, 258694.967, 124
Trd, 258695.150, 117
Trd, 258695.167, 116
Trd, 258695.267, 104
Trd, 258695.317, 104
Trd, 258695.367, 127
Trd, 258696.350, 121
Trd, 258696.533, 120
Trd, 258697.217, 129
Trd, 258697.233, 119
Trd, 258697.567, 137
Trd, 258697.650, 135
Trd, 258697.700, 133
Trd, 258697.733, 125
Trd, 258697.750, 124
Trd, 258697.867, 99
Trd, 258698.267, 87
Trd, 258698.400, 139
Trd, 258698.667, 131
Trd, 258699.050, 125
Trd, 258699.267, 139
Trd, 258699.583, 138
Trd, 258699.633, 135
Trd, 258699.783, 132
Trd, 258700.100, 140
Trd, 258700.900, 134
Trd, 258701.350, 134
Trd, 258701.500, 133
Trd, 258702.367, 140
Trd, 258702.467, 133
Trd, 258702.483, 112
Trd, 258702.567, 111
Trd, 258702.617, 102
Trd, 258702.767, 97
Trd, 258702.900, 124
Trd, 258703.450, 133
Trd, 258703.650, 121
Trd, 258703.783, 110
Trd, 258704.483, 127
Trd, 258704.933, 112
Trd, 258705.400, 132
Trd, 258705.650, 137
Trd, 258705.900, 131
Trd, 258705.917, 119
Trd, 258706.217, 108
Trd, 258706.250, 98
Trd, 258706.583, 118
Trd, 258707.017, 140
Trd, 258707.117, 134
Trd, 258707.133, 123
Trd, 258707.533, 120
Trd, 258707.683, 120
Trd, 258707.700, 119
Trd, 258707.933, 125
Trd, 258708.000, 117
Trd, 258708.433, 140
Trd, 258708.600, 116
Trd, 258708.683, 106
Trd, 258709.050, 102
Trd, 258709.133, 102
Trd, 258709.317, 119
Trd, 258709.783, 133
Trd, 258710.000, 125
Trd, 258710.433, 137
Trd, 258710.567, 134
Trd, 258711.083, 138
Trd, 258711.683, 127
Trd, 258711.800, 125
Trd, 258711.833, 116
Trd, 258711.850, 112
Trd, 258711.883, 112
Trd, 258712.083, 114
Trd, 258712.250, 112
Trd, 258712.350, 139
Trd, 258712.900, 129
Trd, 258713.017, 129
Trd, 258713.033, 104
Trd, 258713.183, 100
Trd, 258713.217, 105
Trd, 258713.500, 120
Trd, 258713.617, 112
Trd, 258713.983, 140
Trd, 258714.350, 118
Trd, 258714.633, 140
Trd, 258714.983, 116
Trd, 258715.100, 117
Trd, 258715.333, 118
Trd, 258716.017, 130
Trd, 258716.517, 118
Trd, 258716.600, 114
Trd, 258716.733, 95
Trd, 258716.950, 116
Trd, 258717.167, 124
Trd, 258717.667, 139
Trd, 258717.767, 137
Trd, 258717.967, 133
Trd, 258718.467, 122
Trd, 258718.900, 116
Trd, 258719.050, 118
Trd, 258719.117, 113
Trd, 258719.267, 133
Trd, 258719.417, 138
Trd, 258719.567, 124
Trd, 258719.683, 103
Trd, 258720.050, 111
Trd, 258720.100, 102
Trd, 258720.133, 137
Trd, 258720.800, 136
Trd, 258720.917, 114
Trd, 258721.083, 102
Trd, 258721.217, 140
Trd, 258721.683, 88
Trd, 258722.217, 92
Trd, 258722.367, 88
Trd, 258722.483, 92
Trd, 258722.717, 132
Trd, 258723.250, 140
Trd, 258723.267, 138
Trd, 258723.483, 114
Trd, 258723.533, 96
Trd, 258723.567, 84
Trd, 258723.767, 116
Trd, 258724.183, 108
Trd, 258724.533, 138
Trd, 258724.600, 104
Trd, 258725.117, 116
Trd, 258725.383, 133
Trd, 258725.783, 140
Trd, 258726.050, 115
Trd, 258726.633, 140
Trd, 258727.000, 134
Trd, 258727.183, 118
Trd, 258727.367, 120
Trd, 258727.650, 138
Trd, 258727.700, 116
Trd, 258727.950, 138
Trd, 258728.033, 120
Trd, 258728.133, 128
Trd, 258728.267, 110
Trd, 258728.700, 118
Trd, 258729.050, 114
Trd, 258729.217, 118
Trd, 258729.300, 107
Trd, 258729.600, 105
Trd, 258729.767, 119
Trd, 258729.783, 104
Trd, 258730.150, 140
Trd, 258730.200, 97
Trd, 258731.283, 114
Trd, 258731.533, 120
Trd, 258731.567, 120
Trd, 258731.933, 126
Trd, 258732.283, 134
Trd, 258732.650, 133
Trd, 258732.800, 132
Trd, 258733.000, 140
Trd, 258733.217, 139
Trd, 258733.250, 131
Trd, 258733.550, 114
Trd, 258733.800, 126
Trd, 258733.850, 122
Trd, 258734.433, 136
Trd, 258734.667, 116
Trd, 258735.233, 140
Trd, 258735.450, 136
Trd, 258735.717, 136
Trd, 258735.900, 139
Trd, 258736.433, 116
Trd, 258737.117, 137
Trd, 258737.167, 114
Trd, 258737.183, 114
Trd, 258737.267, 110
Trd, 258737.283, 109
Trd, 258737.483, 123
Trd, 258737.533, 105
Trd, 258738.267, 108
Trd, 258738.533, 127
Trd, 258738.817, 111
Trd, 258739.267, 118
Trd, 258739.483, 136
Trd, 258739.700, 115
Trd, 258739.733, 101
Trd, 258739.800, 115
Trd, 258740.117, 93
Trd, 258740.233, 118
Trd, 258740.533, 101
Trd, 258740.733, 81
Trd, 258740.900, 100
Trd, 258741.133, 78
Trd, 258741.700, 117
Trd, 258741.750, 88
Trd, 258742.000, 115
Trd, 258742.217, 108
Trd, 258742.533, 100
Trd, 258742.600, 93
Trd, 258742.867, 138
Trd, 258743.617, 138
Trd, 258743.633, 113
Trd, 258743.650, 112
Trd, 258743.733, 104
Trd, 258743.933, 103
Trd, 258744.133, 86
Trd, 258744.233, 83
Trd, 258745.100, 129
Trd, 258745.117, 108
Trd, 258745.383, 133
Trd, 258745.667, 131
Trd, 258745.733, 113
Trd, 258745.817, 123
Trd, 258745.983, 97
Trd, 258746.217, 120
Trd, 258746.383, 101
Trd, 258746.667, 103
Trd, 258746.800, 92
Trd, 258747.000, 88
Trd, 258747.200, 79
Trd, 258747.900, 108
Trd, 258748.133, 123
Trd, 258748.267, 101
Trd, 258748.383, 96
Trd, 258748.483, 79
Trd, 258748.600, 117
Trd, 258748.633, 78
Trd, 258749.183, 85
Trd, 258749.250, 110
Trd, 258749.433, 97
Trd, 258749.800, 121
Trd, 258750.450, 104
Trd, 258750.617, 136
Trd, 258750.767, 117
Trd, 258751.000, 140
Trd, 258751.100, 140
Trd, 258751.183, 139
Trd, 258751.233, 137
Trd, 258751.750, 122
Trd, 258751.850, 105
Trd, 258751.900, 96
Trd, 258752.367, 137
Trd, 258752.417, 137
Trd, 258752.467, 94
Trd, 258752.600, 93
Trd, 258753.033, 71
Trd, 258753.300, 88
Trd, 258753.367, 95
Trd, 258754.000, 140
Trd, 258754.250, 140
Trd, 258754.783, 115
Trd, 258755.083, 118
Trd, 258755.300, 105
Trd, 258755.433, 101
Trd, 258755.700, 138
Trd, 258755.850, 105
Trd, 258755.867, 101
Trd, 258755.900, 134
Trd, 258756.417, 140
Trd, 258756.667, 126
Trd, 258756.817, 138
Trd, 258757.017, 118
Trd, 258757.250, 117
Trd, 258757.600, 139
Trd, 258757.750, 127
Trd, 258757.867, 137
Trd, 258758.333, 125
Trd, 258758.500, 115
Trd, 258758.600, 131
Trd, 258758.683, 110
Trd, 258758.933, 109
Trd, 258758.983, 101
Trd, 258759.133, 112
Trd, 258759.767, 112
Trd, 258760.183, 101
Trd, 258760.200, 101
Trd, 258760.333, 119
Trd, 258760.517, 133
Trd, 258760.950, 135
Trd, 258761.100, 138
Trd, 258761.200, 117
Trd, 258761.367, 114
Trd, 258761.433, 127
Trd, 258761.467, 94
Trd, 258762.000, 129
Trd, 258762.283, 126
Trd, 258762.350, 112
Trd, 258763.067, 137
Trd, 258763.550, 135
Trd, 258763.600, 117
Trd, 258763.767, 137
Trd, 258763.850, 140
Trd, 258764.417, 116
Trd, 258764.783, 138
Trd, 258764.850, 113
Trd, 258765.117, 112
Trd, 258765.383, 118
Trd, 258765.667, 130
Trd, 258766.367, 139
Trd, 258766.400, 128
Trd, 258766.600, 129
Trd, 258766.633, 129
Trd, 258766.933, 140
Trd, 258767.100, 140
Trd, 258767.283, 137
Trd, 258767.533, 119
Trd, 258767.983, 138
Trd, 258768.550, 116
Trd, 258768.850, 100
Trd, 258769.000, 98
Trd, 258769.083, 96
Trd, 258769.117, 92
Trd, 258769.217, 90
Trd, 258769.967, 140
Trd, 258770.067, 127
Trd, 258770.133, 124
Trd, 258770.500, 136
Trd, 258770.533, 135
Trd, 258771.000, 112
Trd, 258771.283, 109
Trd, 258771.317, 106
Trd, 258771.383, 104
Trd, 258771.417, 92
Trd, 258771.567, 83
Trd, 258771.617, 104
Trd, 258771.717, 110
Trd, 258771.967, 132
Trd, 258772.067, 129
Trd, 258772.467, 114
Trd, 258772.533, 108
Trd, 258772.617, 139
Trd, 258772.700, 131
Trd, 258773.667, 138
Trd, 258773.950, 136
Trd, 258774.333, 130
Trd, 258774.900, 136
Trd, 258775.817, 134
Trd, 258776.483, 140
Trd, 258776.517, 131
Trd, 258776.783, 139
Trd, 258776.883, 125
Trd, 258777.117, 140
Trd, 258777.300, 138
Trd, 258777.383, 115
Trd, 258777.700, 118
Trd, 258777.717, 117
Trd, 258778.050, 111
Trd, 258778.117, 109
Trd, 258778.200, 99
Trd, 258778.800, 134
Trd, 258779.017, 116
Trd, 258779.417, 134
Trd, 258779.450, 126
Trd, 258779.483, 116
Trd, 258779.683, 115
Trd, 258779.717, 104
Trd, 258780.117, 138
Trd, 258780.200, 137
Trd, 258780.683, 119
Trd, 258780.750, 114
Trd, 258781.183, 96
Trd, 258781.733, 101
Trd, 258781.917, 108
Trd, 258781.933, 98
Trd, 258782.417, 121
Trd, 258782.567, 123
Trd, 258782.817, 103
Trd, 258783.283, 94
Trd, 258783.400, 100
Trd, 258783.683, 94
Trd, 258783.867, 86
Trd, 258784.317, 127
Trd, 258784.550, 91
Trd, 258784.583, 112
Trd, 258784.617, 83
Trd, 258784.983, 95
Trd, 258785.033, 84
Trd, 258785.433, 119
Trd, 258785.483, 122
Trd, 258785.633, 103
Trd, 258785.733, 68
Trd, 258786.233, 64
Trd, 258786.817, 69
Trd, 258787.167, 70
Trd, 258787.450, 89
Trd, 258787.467, 103
Trd, 258787.667, 116
Trd, 258787.950, 107
Trd, 258788.200, 96
Trd, 258788.550, 128
Trd, 258788.683, 111
Trd, 258788.700, 106
Trd, 258788.717, 103
Trd, 258788.967, 93
Trd, 258789.167, 83
Trd, 258789.517, 69
Trd, 258789.700, 129
Trd, 258789.800, 138
Trd, 258790.350, 133
Trd, 258790.583, 115
Trd, 258790.750, 103
Trd, 258790.800, 88
Trd, 258790.950, 82
Trd, 258791.150, 136
Trd, 258791.200, 140
Trd, 258791.250, 75
Trd, 258791.600, 132
Trd, 258792.117, 129
Trd, 258792.367, 111
Trd, 258792.800, 109
Trd, 258792.917, 111
Trd, 258792.983, 108
Trd, 258793.483, 106
Trd, 258793.500, 112
Trd, 258793.967, 135
Trd, 258794.683, 100
Trd, 258794.900, 139
Trd, 258795.083, 126
Trd, 258795.183, 133
Trd, 258795.617, 137
Trd, 258795.883, 112
Trd, 258795.983, 110
Trd, 258796.500, 108
Trd, 258796.883, 100
Trd, 258797.300, 107
Trd, 258797.383, 127
Trd, 258797.467, 128
Trd, 258797.850, 131
Trd, 258797.983, 137
Trd, 258798.033, 125
Trd, 258798.400, 115
Trd, 258798.500, 129
Trd, 258798.533, 114
Trd, 258798.567, 107
Trd, 258798.800, 106
Trd, 258799.517, 140
Trd, 258799.667, 139
Trd, 258799.717, 135
Trd, 258799.833, 122
Trd, 258800.067, 139
Trd, 258800.150, 119
Trd, 258800.200, 103
Trd, 258800.700, 101
Trd, 258800.733, 100
Trd, 258800.800, 104
Trd, 258801.133, 122
Trd, 258801.217, 113
Trd, 258801.233, 107
Trd, 258801.350, 94
Trd, 258801.367, 87
Trd, 258801.817, 112
Trd, 258801.883, 127
Trd, 258802.783, 125
Trd, 258802.833, 119
Trd, 258802.850, 106
Trd, 258802.867, 128
Trd, 258803.417, 101
Trd, 258803.817, 102
Trd, 258804.367, 115
Trd, 258804.500, 104
Trd, 258804.600, 110
Trd, 258804.633, 76
Trd, 258804.950, 139
Trd, 258804.983, 123
Trd, 258805.050, 114
Trd, 258805.250, 81
Trd, 258806.100, 139
Trd, 258806.200, 121
Trd, 258806.900, 107
Trd, 258807.067, 108
Trd, 258807.250, 104
Trd, 258807.450, 98
Trd, 258807.633, 134
Trd, 258807.733, 94
Trd, 258808.317, 140
Trd, 258808.383, 132
Trd, 258808.433, 116
Trd, 258808.483, 113
Trd, 258808.783, 137
Trd, 258808.933, 118
Trd, 258809.100, 140
Trd, 258809.600, 140
Trd, 258809.817, 140
Trd, 258809.933, 120
Trd, 258810.333, 110
Trd, 258810.433, 97
Trd, 258810.750, 94
Trd, 258810.883, 119
Trd, 258811.200, 126
Trd, 258811.300, 93
Trd, 258811.367, 97
Trd, 258811.500, 93
Trd, 258811.933, 107
Trd, 258813.250, 123
Trd, 258813.517, 131
Trd, 258813.650, 130
Trd, 258813.983, 131
Trd, 258814.117, 120
Trd, 258814.267, 110
Trd, 258814.350, 131
Trd, 258814.483, 127
Trd, 258814.517, 123
Trd, 258814.617, 124
Trd, 258814.817, 126
Trd, 258814.950, 140
Trd, 258815.150, 116
Trd, 258815.250, 108
Trd, 258815.267, 107
Trd, 258815.483, 101
Trd, 258815.767, 110
Trd, 258815.800, 98
Trd, 258816.183, 128
Trd, 258816.400, 134
Trd, 258816.667, 112
Trd, 258817.000, 119
Trd, 258817.433, 140
Trd, 258817.517, 120
Trd, 258817.650, 115
Trd, 258818.017, 124
Trd, 258818.117, 108
Trd, 258818.300, 139
Trd, 258819.400, 139
Trd, 258819.800, 113
Trd, 258820.000, 134
Trd, 258820.167, 111
Trd, 258820.350, 120
Trd, 258820.400, 130
Trd, 258820.583, 135
Trd, 258820.617, 120
Trd, 258821.083, 139
Trd, 258821.917, 139
Trd, 258822.233, 138
Trd, 258822.683, 137
Trd, 258822.717, 120
Trd, 258822.933, 109
Trd, 258823.283, 105
Trd, 258823.367, 122
Trd, 258823.467, 100
Trd, 258823.500, 130
Trd, 258823.533, 96
Trd, 258823.583, 104
Trd, 258823.817, 94
Trd, 258824.950, 106
Trd, 258825.267, 111
Trd, 258825.367, 107
Trd, 258825.733, 122
Trd, 258825.817, 102
Trd, 258825.833, 90
Trd, 258825.933, 89
Trd, 258826.033, 99
Trd, 258826.200, 108
Trd, 258826.883, 117
Trd, 258827.200, 116
Trd, 258827.350, 115
Trd, 258827.783, 138
Trd, 258827.833, 138
Trd, 258828.000, 137
Trd, 258828.350, 115
Trd, 258828.450, 97
Trd, 258828.683, 84
Trd, 258828.983, 139
Trd, 258829.267, 139
Trd, 258829.350, 127
Trd, 258829.650, 138
Trd, 258829.683, 137
Trd, 258829.900, 110
Trd, 258829.950, 106
Trd, 258830.250, 130
Trd, 258830.267, 113
Trd, 258830.300, 135
Trd, 258830.617, 140
Trd, 258830.800, 140
Trd, 258830.867, 123
Trd, 258830.917, 119
Trd, 258831.167, 121
Trd, 258831.350, 118
Trd, 258831.650, 112
Trd, 258831.867, 107
Trd, 258831.917, 100
Trd, 258831.967, 98
Trd, 258832.117, 91
Trd, 258832.367, 98
Trd, 258832.433, 115
Trd, 258832.917, 62
Trd, 258833.083, 63
Trd, 258833.750, 140
Trd, 258834.050, 140
Trd, 258834.217, 137
Trd, 258834.933, 111
Trd, 258834.950, 106
Trd, 258834.983, 105
Trd, 258835.050, 92
Trd, 258835.133, 88
Trd, 258835.333, 94
Trd, 258835.450, 78
Trd, 258836.050, 72
Trd, 258836.117, 65
Trd, 258836.367, 83
Trd, 258836.583, 96
Trd, 258836.600, 100
Trd, 258836.733, 103
Trd, 258836.883, 113
Trd, 258837.500, 104
Trd, 258838.150, 104
Trd, 258838.633, 92
Trd, 258838.817, 99
Trd, 258838.883, 117
Trd, 258839.117, 139
Trd, 258839.467, 140
Trd, 258839.667, 116
Trd, 258839.950, 110
Trd, 258840.217, 115
Trd, 258840.300, 101
Trd, 258840.650, 100
Trd, 258840.750, 140
Trd, 258840.817, 93
Trd, 258841.067, 92
Trd, 258841.417, 138
Trd, 258841.667, 117
Trd, 258841.967, 128
Trd, 258842.283, 114
Trd, 258842.633, 87
Trd, 258842.800, 89
Trd, 258842.917, 86
Trd, 258843.000, 110
Trd, 258843.100, 111
Trd, 258843.117, 84
Trd, 258843.283, 106
Trd, 258843.433, 89
Trd, 258843.983, 116
Trd, 258844.033, 78
Trd, 258844.100, 74
Trd, 258844.217, 70
Trd, 258844.267, 65
Trd, 258844.400, 133
Trd, 258844.617, 66
Trd, 258845.133, 82
Trd, 258845.250, 80
Trd, 258845.600, 102
Trd, 258845.833, 63
Trd, 258845.850, 65
Trd, 258846.300, 103
Trd, 258846.433, 138
Trd, 258846.867, 133
Trd, 258847.017, 124
Trd, 258847.283, 114
Trd, 258847.467, 111
Trd, 258847.733, 120
Trd, 258848.200, 107
Trd, 258848.217, 117
Trd, 258848.333, 118
Trd, 258848.450, 140
Trd, 258849.083, 118
Trd, 258849.250, 130
Trd, 258849.350, 118
Trd, 258849.450, 135
Trd, 258849.583, 140
Trd, 258849.883, 140
Trd, 258850.183, 119
Trd, 258850.333, 116
Trd, 258850.417, 109
Trd, 258850.750, 134
Trd, 258850.967, 121
Trd, 258851.500, 116
Trd, 258851.717, 107
Trd, 258851.783, 129
Trd, 258851.817, 123
Trd, 258852.033, 121
Trd, 258852.050, 94
Trd, 258852.083, 87
Trd, 258852.583, 106
Trd, 258852.783, 132
Trd, 258853.167, 122
Trd, 258853.267, 118
Trd, 258853.317, 116
Trd, 258853.483, 110
Trd, 258853.850, 136
Trd, 258853.933, 140
Trd, 258854.483, 128
Trd, 258854.617, 131
Trd, 258854.767, 126
Trd, 258854.900, 111
Trd, 258855.217, 109
Trd, 258855.333, 105
Trd, 258855.683, 104
Trd, 258855.800, 124
Trd, 258855.883, 75
Trd, 258857.167, 126
Trd, 258857.267, 117
Trd, 258857.367, 135
Trd, 258857.383, 82
Trd, 258857.583, 75
Trd, 258857.767, 138
Trd, 258858.267, 113
Trd, 258858.300, 114
Trd, 258859.033, 112
Trd, 258859.067, 110
Trd, 258859.133, 119
Trd, 258859.183, 137
Trd, 258859.250, 117
Trd, 258859.617, 108
Trd, 258859.650, 106
Trd, 258859.900, 109
Trd, 258859.933, 103
Trd, 258860.233, 112
Trd, 258860.283, 116
Trd, 258860.533, 134
Trd, 258860.617, 140
Trd, 258861.067, 140
Trd, 258861.217, 116
Trd, 258861.567, 124
Trd, 258861.767, 126
Trd, 258861.783, 126
Trd, 258861.933, 127
Trd, 258861.983, 106
Trd, 258862.467, 105
Trd, 258863.700, 104
Trd, 258863.733, 116
Trd, 258863.783, 98
Trd, 258863.933, 98
Trd, 258864.200, 112
Trd, 258864.400, 111
Trd, 258864.433, 110
Trd, 258864.583, 96
Trd, 258864.700, 95
Trd, 258864.733, 91
Trd, 258865.283, 140
Trd, 258865.633, 137
Trd, 258865.733, 126
Trd, 258865.883, 138
Trd, 258866.000, 117
Trd, 258866.067, 112
Trd, 258866.350, 108
Trd, 258866.383, 108
Trd, 258866.533, 105
Trd, 258866.567, 104
Trd, 258867.000, 105
Trd, 258868.150, 133
Trd, 258868.367, 108
Trd, 258868.700, 119
Trd, 258868.883, 107
Trd, 258869.050, 106
Trd, 258869.083, 104
Trd, 258869.383, 137
Trd, 258869.400, 128
Trd, 258869.750, 130
Trd, 258870.117, 109
Trd, 258870.550, 140
Trd, 258870.950, 135
Trd, 258871.133, 127
Trd, 258871.567, 138
Trd, 258871.617, 127
Trd, 258871.667, 126
Trd, 258871.733, 122
Trd, 258871.900, 111
Trd, 258872.317, 111
Trd, 258872.583, 133
Trd, 258872.667, 111
Trd, 258872.967, 110
Trd, 258873.017, 122
Trd, 258873.750, 140
Trd, 258873.833, 124
Trd, 258873.983, 131
Trd, 258874.367, 120
Trd, 258874.500, 111
Trd, 258874.683, 110
Trd, 258874.750, 105
Trd, 258874.817, 104
Trd, 258874.850, 118
Trd, 258874.933, 134
Trd, 258875.200, 107
Trd, 258875.417, 102
Trd, 258875.600, 118
Trd, 258876.167, 111
Trd, 258876.267, 95
Trd, 258876.317, 135
Trd, 258876.517, 120
Trd, 258876.900, 108
Trd, 258877.267, 140
Trd, 258877.600, 124
Trd, 258878.083, 108
Trd, 258878.167, 95
Trd, 258878.233, 90
Trd, 258878.883, 130
Trd, 258878.900, 129
Trd, 258879.017, 121
Trd, 258879.200, 117
Trd, 258879.417, 125
Trd, 258879.517, 136
Trd, 258879.667, 107
Trd, 258879.733, 136
Trd, 258879.883, 105
Trd, 258880.217, 96
Trd, 258880.333, 100
Trd, 258880.467, 130
Trd, 258881.100, 91
Trd, 258881.300, 94
Trd, 258881.367, 86
Trd, 258881.483, 81
Trd, 258881.733, 97
Trd, 258882.083, 88
Trd, 258882.317, 115
Trd, 258882.600, 116
Trd, 258883.283, 140
Trd, 258883.633, 139
Trd, 258883.733, 122
Trd, 258884.067, 122
Trd, 258884.117, 121
Trd, 258884.217, 138
Trd, 258884.467, 106
Trd, 258884.583, 127
Trd, 258884.883, 102
Trd, 258885.117, 138
Trd, 258885.200, 113
Trd, 258885.567, 138
Trd, 258885.917, 137
Trd, 258885.933, 137
Trd, 258886.050, 122
Trd, 258886.283, 136
Trd, 258886.383, 121
Trd, 258886.700, 139
Trd, 258886.783, 119
Trd, 258887.217, 135
Trd, 258887.517, 130
Trd, 258887.800, 127
Trd, 258887.817, 118
Trd, 258888.017, 117
Trd, 258888.067, 115
Trd, 258888.317, 128
Trd, 258888.383, 113
Trd, 258888.517, 109
Trd, 258888.600, 109
Trd, 258888.783, 102
Trd, 258888.833, 91
Trd, 258889.150, 114
Trd, 258889.250, 104
Trd, 258889.550, 116
Trd, 258889.683, 126
Trd, 258889.883, 115
Trd, 258890.250, 129
Trd, 258890.283, 96
Trd, 258890.667, 126
Trd, 258891.183, 140
Trd, 258891.217, 121
Trd, 258891.400, 71
Trd, 258891.667, 112
Trd, 258892.250, 116
Trd, 258892.783, 99
Trd, 258892.850, 123
Trd, 258893.000, 124
Trd, 258893.167, 117
Trd, 258894.100, 140
Trd, 258894.117, 137
Trd, 258894.800, 127
Trd, 258895.000, 115
Trd, 258895.017, 109
Trd, 258895.033, 109
Trd, 258895.333, 124
Trd, 258895.367, 116
Trd, 258895.767, 140
Trd, 258896.750, 134
Trd, 258896.800, 123
Trd, 258897.000, 116
Trd, 258897.117, 120
Trd, 258897.150, 110
Trd, 258897.767, 137
Trd, 258897.933, 136
Trd, 258898.083, 115
Trd, 258898.367, 135
Trd, 258898.483, 123
Trd, 258898.517, 121
Trd, 258898.650, 112
Trd, 258898.833, 109
Trd, 258898.900, 116
Trd, 258899.083, 120
Trd, 258899.633, 133
Trd, 258900.017, 118
Trd, 258900.033, 114
Trd, 258900.250, 94
Trd, 258900.467, 76
Trd, 258900.650, 75
Trd, 258900.817, 96
Trd, 258900.950, 72
Trd, 258901.500, 67
Trd, 258901.550, 75
Trd, 258901.767, 70
Trd, 258901.967, 69
Trd, 258902.083, 65
Trd, 258902.367, 61
Trd, 258902.550, 123
Trd, 258902.733, 94
Trd, 258903.133, 121
Trd, 258903.183, 120
Trd, 258903.617, 130
Trd, 258904.250, 126
Trd, 258904.267, 107
Trd, 258904.383, 105
Trd, 258904.800, 99
Trd, 258904.983, 140
Trd, 258905.000, 113
Trd, 258905.100, 107
Trd, 258905.417, 139
Trd, 258905.633, 129
Trd, 258905.717, 128
Trd, 258905.750, 128
Trd, 258905.783, 108
Trd, 258906.083, 106
Trd, 258906.200, 120
Trd, 258907.017, 125
Trd, 258907.567, 118
Trd, 258908.000, 108
Trd, 258908.717, 125
Trd, 258908.750, 134
Trd, 258908.967, 138
Trd, 258909.233, 139
Trd, 258909.433, 140
Trd, 258909.733, 140
Trd, 258909.867, 126
Trd, 258910.067, 106
Trd, 258910.317, 107
Trd, 258910.333, 105
Trd, 258910.517, 106
Trd, 258910.750, 104
Trd, 258910.817, 102
Trd, 258910.883, 116
Trd, 258911.267, 120
Trd, 258911.283, 107
Trd, 258911.400, 130
Trd, 258911.900, 101
Trd, 258912.083, 115
Trd, 258912.433, 126
Trd, 258912.467, 88
Trd, 258912.533, 77
Trd, 258913.200, 136
Trd, 258913.267, 139
Trd, 258913.367, 128
Trd, 258913.700, 137
Trd, 258913.733, 130
Trd, 258913.933, 107
Trd, 258913.983, 106
Trd, 258914.050, 99
Trd, 258914.383, 105
Trd, 258914.667, 140
Trd, 258915.400, 138
Trd, 258915.517, 136
Trd, 258915.617, 124
Trd, 258915.867, 120
Trd, 258915.983, 121
Trd, 258916.367, 134
Trd, 258916.467, 118
Trd, 258916.767, 139
Trd, 258916.900, 118
Trd, 258917.217, 112
Trd, 258917.233, 110
Trd, 258917.617, 112
Trd, 258917.733, 109
Trd, 258917.783, 131
Trd, 258917.967, 101
Trd, 258918.000, 131
Trd, 258918.117, 81
Trd, 258918.250, 77
Trd, 258919.033, 139
Trd, 258919.450, 140
Trd, 258919.483, 140
Trd, 258919.600, 139
Trd, 258919.683, 138
Trd, 258919.767, 125
Trd, 258919.850, 123
Trd, 258920.233, 129
Trd, 258920.417, 118
Trd, 258920.783, 128
Trd, 258920.967, 117
Trd, 258920.983, 99
Trd, 258921.283, 103
Trd, 258921.483, 114
Trd, 258921.967, 138
Trd, 258922.917, 140
Trd, 258922.967, 116
Trd, 258923.000, 112
Trd, 258923.050, 106
Trd, 258923.483, 92
Trd, 258923.583, 87
Trd, 258923.900, 87
Trd, 258924.167, 88
Trd, 258924.317, 78
Trd, 258924.767, 138
Trd, 258924.917, 116
Trd, 258924.950, 110
Trd, 258925.067, 109
Trd, 258925.433, 93
Trd, 258925.467, 116
Trd, 258925.517, 81
Trd, 258925.633, 95
Trd, 258926.467, 91
Trd, 258926.733, 117
Trd, 258927.000, 120
Trd, 258927.600, 93
Trd, 258927.733, 90
Trd, 258927.800, 82
Trd, 258928.017, 79
Trd, 258928.233, 114
Trd, 258928.567, 122
Trd, 258928.667, 110
Trd, 258929.150, 98
Trd, 258929.450, 138
Trd, 258929.550, 127
Trd, 258929.867, 117
Trd, 258930.317, 123
Trd, 258930.400, 134
Trd, 258930.633, 134
Trd, 258930.750, 118
Trd, 258930.917, 122
Trd, 258931.400, 130
Trd, 258931.600, 126
Trd, 258931.650, 115
Trd, 258931.983, 105
Trd, 258932.033, 93
Trd, 258932.150, 106
Trd, 258933.033, 91
Trd, 258933.067, 85
Trd, 258933.817, 140
Trd, 258933.833, 140
Trd, 258934.150, 140
Trd, 258934.850, 140
Trd, 258935.567, 139
Trd, 258935.600, 139
Trd, 258935.817, 134
Trd, 258936.067, 139
Trd, 258936.100, 127
Trd, 258936.167, 113
Trd, 258936.250, 107
Trd, 258936.367, 120
Trd, 258936.567, 106
Trd, 258936.600, 104
Trd, 258936.783, 98
Trd, 258937.617, 139
Trd, 258937.867, 119
Trd, 258937.950, 103
Trd, 258938.050, 140
Trd, 258938.133, 139
Trd, 258938.150, 103
Trd, 258938.467, 89
Trd, 258938.617, 90
Trd, 258938.667, 88
Trd, 258938.717, 80
Trd, 258939.100, 114
Trd, 258939.283, 137
Trd, 258940.067, 139
Trd, 258940.317, 124
Trd, 258940.333, 122
Trd, 258940.350, 119
Trd, 258940.500, 105
Trd, 258940.533, 127
Trd, 258940.717, 94
Trd, 258940.850, 123
Trd, 258941.000, 89
Trd, 258941.617, 114
Trd, 258941.883, 107
Trd, 258942.717, 140
Trd, 258942.833, 139
Trd, 258943.333, 137
Trd, 258943.533, 132
Trd, 258943.850, 128
Trd, 258943.900, 126
Trd, 258944.117, 125
Trd, 258944.167, 111
Trd, 258944.250, 138
Trd, 258944.267, 133
Trd, 258944.333, 108
Trd, 258944.550, 101
Trd, 258944.800, 99
Trd, 258945.817, 137
Trd, 258945.883, 115
Trd, 258946.317, 114
Trd, 258946.617, 114
Trd, 258946.683, 106
Trd, 258947.083, 128
Trd, 258947.117, 134
Trd, 258947.683, 126
Trd, 258948.067, 120
Trd, 258948.117, 104
Trd, 258948.133, 102
Trd, 258948.150, 100
Trd, 258948.183, 140
Trd, 258948.683, 129
Trd, 258948.833, 112
Trd, 258948.850, 105
Trd, 258948.950, 92
Trd, 258949.433, 138
Trd, 258949.517, 139
Trd, 258949.650, 133
Trd, 258949.800, 108
Trd, 258949.933, 115
Trd, 258950.200, 133
Trd, 258950.250, 112
Trd, 258951.483, 138
Trd, 258951.683, 139
Trd, 258951.700, 129
Trd, 258952.183, 134
Trd, 258952.683, 132
Trd, 258953.067, 138
Trd, 258953.483, 137
Trd, 258953.833, 136
Trd, 258953.900, 126
Trd, 258954.217, 116
Trd, 258954.233, 115
Trd, 258954.500, 137
Trd, 258955.067, 133
Trd, 258955.183, 130
Trd, 258955.667, 131
Trd, 258955.750, 130
Trd, 258955.767, 120
Trd, 258956.500, 123
Trd, 258956.517, 119
Trd, 258956.917, 124
Trd, 258957.017, 115
Trd, 258957.183, 140
Trd, 258957.583, 140
Trd, 258957.750, 140
Trd, 258958.283, 138
Trd, 258958.617, 138
Trd, 258959.167, 127
Trd, 258959.283, 120
Trd, 258959.417, 112
Trd, 258959.467, 127
Trd, 258959.850, 111
Trd, 258959.900, 120
Trd, 258959.950, 110
Trd, 258960.017, 128
Trd, 258960.333, 128
Trd, 258960.650, 133
Trd, 258960.767, 113
Trd, 258960.833, 128
Trd, 258961.050, 112
Trd, 258961.217, 139
Trd, 258961.283, 127
Trd, 258961.783, 138
Trd, 258962.000, 126
Trd, 258962.400, 109
Trd, 258962.467, 101
Trd, 258962.900, 139
Trd, 258962.967, 117
Trd, 258963.150, 101
Trd, 258963.767, 128
Trd, 258964.067, 125
Trd, 258964.117, 105
Trd, 258964.250, 103
Trd, 258964.383, 139
Trd, 258964.483, 88
Trd, 258964.717, 88
Trd, 258964.833, 90
Trd, 258965.450, 139
Trd, 258965.767, 139
Trd, 258966.017, 139
Trd, 258966.267, 138
Trd, 258966.417, 136
Trd, 258966.883, 128
Trd, 258967.017, 108
Trd, 258967.150, 122
Trd, 258967.450, 119
Trd, 258967.467, 99
Trd, 258967.883, 129
Trd, 258967.950, 133
Trd, 258968.400, 138
Trd, 258968.417, 122
Trd, 258968.800, 122
Trd, 258969.033, 114
Trd, 258969.533, 138
Trd, 258969.617, 115
Trd, 258970.083, 135
Trd, 258970.267, 138
Trd, 258970.867, 125
Trd, 258971.017, 139
Trd, 258971.200, 140
Trd, 258971.433, 126
Trd, 258971.450, 121
Trd, 258971.483, 117
Trd, 258971.900, 109
Trd, 258972.133, 103
Trd, 258972.200, 83
Trd, 258972.267, 118
Trd, 258972.483, 95
Trd, 258972.617, 82
Trd, 258972.650, 77
Trd, 258972.683, 98
Trd, 258972.850, 61
Trd, 258972.933, 115
Trd, 258973.050, 68
Trd, 258973.233, 135
Trd, 258973.250, 123
Trd, 258973.383, 101
Trd, 258974.050, 139
Trd, 258974.433, 115
Trd, 258974.500, 103
Trd, 258975.150, 133
Trd, 258975.483, 127
Trd, 258975.783, 134
Trd, 258975.933, 126
Trd, 258976.850, 102
Trd, 258977.400, 101
Trd, 258977.417, 100
Trd, 258977.500, 92
Trd, 258977.700, 116
Trd, 258977.733, 100
Trd, 258977.783, 91
Trd, 258978.100, 136
Trd, 258978.233, 120
Trd, 258978.400, 106
Trd, 258978.500, 126
Trd, 258978.533, 99
Trd, 258979.050, 93
Trd, 258979.383, 122
Trd, 258979.450, 138
Trd, 258979.633, 111
Trd, 258980.567, 140
Trd, 258980.583, 128
Trd, 258980.967, 122
Trd, 258981.167, 121
Trd, 258981.433, 131
Trd, 258981.600, 133
Trd, 258981.833, 116
Trd, 258981.867, 104
Trd, 258982.000, 101
Trd, 258982.283, 96
Trd, 258982.833, 128
Trd, 258983.033, 105
Trd, 258983.233, 98
Trd, 258983.283, 109
Trd, 258983.450, 120
Trd, 258983.500, 99
Trd, 258983.667, 138
Trd, 258983.800, 98
Trd, 258983.867, 134
Trd, 258984.017, 122
Trd, 258984.200, 109
Trd, 258984.567, 125
Trd, 258984.783, 120
Trd, 258985.050, 111
Trd, 258985.250, 104
Trd, 258985.383, 93
Trd, 258985.467, 91
Trd, 258985.717, 126
Trd, 258985.833, 93
Trd, 258986.000, 87
Trd, 258986.550, 137
Trd, 258986.683, 135
Trd, 258986.933, 139
Trd, 258987.933, 139
Trd, 258988.300, 117
Trd, 258988.500, 129
Trd, 258988.733, 116
Trd, 258988.917, 120
Trd, 258989.000, 129
Trd, 258989.283, 112
Trd, 258989.983, 127
Trd, 258990.083, 130
Trd, 258990.383, 134
Trd, 258990.517, 109
Trd, 258991.050, 134
Trd, 258991.517, 130
Trd, 258991.700, 133
Trd, 258992.033, 135
Trd, 258992.150, 131
Trd, 258992.217, 131
Trd, 258992.317, 134
Trd, 258993.083, 122
Trd, 258993.150, 121
Trd, 258994.100, 120
Trd, 258994.117, 119
Trd, 258994.233, 127
Trd, 258994.317, 107
Trd, 258994.550, 110
Trd, 258994.683, 112
Trd, 258994.917, 107
Trd, 258994.967, 128
Trd, 258995.217, 106
Trd, 258995.233, 103
Trd, 258995.517, 118
Trd, 258995.750, 135
Trd, 258996.400, 120
Trd, 258996.450, 106
Trd, 258996.500, 102
Trd, 258996.617, 102
Trd, 258996.700, 99
Trd, 258996.933, 93
Trd, 258996.950, 91
Trd, 258997.100, 82
Trd, 258997.167, 90
Trd, 258997.283, 116
Trd, 258997.350, 127
Trd, 258998.233, 73
Trd, 258998.267, 80
Trd, 258998.483, 97
Trd, 258998.750, 81
Trd, 258998.867, 140
Trd, 258999.233, 63
Trd, 258999.500, 126
Trd, 258999.900, 129
Trd, 258999.983, 120
Trd, 259000.017, 134
Trd, 259000.417, 140
Trd, 259001.217, 121
Trd, 259001.400, 116
Trd, 259001.600, 115
Trd, 259001.850, 107
Trd, 259002.350, 93
Trd, 259002.867, 127
Trd, 259002.933, 138
Trd, 259003.167, 108
Trd, 259003.500, 110
Trd, 259003.817, 138
Trd, 259004.100, 110
Trd, 259004.150, 103
Trd, 259004.450, 140
Trd, 259004.533, 132
Trd, 259004.800, 128
Trd, 259004.817, 114
Trd, 259004.833, 103
Trd, 259004.883, 97
Trd, 259005.267, 93
Trd, 259005.283, 90
Trd, 259005.317, 103
Trd, 259005.367, 85
Trd, 259005.850, 71
Trd, 259005.967, 78
Trd, 259006.067, 68
Trd, 259006.250, 101
Trd, 259006.583, 105
Trd, 259006.700, 94
Trd, 259006.733, 132
Trd, 259006.917, 65
Trd, 259007.100, 124
Trd, 259007.250, 134
Trd, 259007.267, 137
Trd, 259007.517, 122
Trd, 259007.617, 87
Trd, 259007.867, 65
Trd, 259008.133, 75
Trd, 259008.200, 140
Trd, 259008.733, 135
Trd, 259008.750, 110
Trd, 259009.133, 107
Trd, 259009.617, 93
Trd, 259009.700, 110
Trd, 259009.933, 97
Trd, 259009.967, 90
Trd, 259009.983, 89
Trd, 259010.017, 98
Trd, 259010.800, 140
Trd, 259011.133, 118
Trd, 259011.367, 117
Trd, 259011.683, 134
Trd, 259011.800, 134
Trd, 259011.950, 112
Trd, 259012.733, 140
Trd, 259012.933, 104
Trd, 259013.117, 93
Trd, 259013.467, 102
Trd, 259013.683, 140
Trd, 259013.900, 140
Trd, 259014.767, 132
Trd, 259014.900, 132
Trd, 259015.233, 123
Trd, 259015.400, 123
Trd, 259015.450, 113
Trd, 259015.733, 119
Trd, 259015.850, 140
Trd, 259015.933, 139
Trd, 259015.950, 118
Trd, 259016.233, 101
Trd, 259016.383, 117
Trd, 259016.683, 114
Trd, 259016.850, 110
Trd, 259017.083, 108
Trd, 259017.683, 136
Trd, 259018.033, 138
Trd, 259018.783, 130
Trd, 259018.833, 128
Trd, 259019.100, 122
Trd, 259019.383, 113
Trd, 259019.450, 103
Trd, 259019.633, 100
Trd, 259019.750, 119
Trd, 259019.867, 97
Trd, 259020.267, 103
Trd, 259020.383, 128
Trd, 259020.433, 94
Trd, 259020.883, 132
Trd, 259021.050, 127
Trd, 259021.217, 117
Trd, 259021.400, 99
Trd, 259022.467, 102
Trd, 259022.867, 96
Trd, 259023.083, 133
Trd, 259023.133, 120
Trd, 259023.817, 140
Trd, 259023.967, 124
Trd, 259024.000, 138
Trd, 259024.367, 124
Trd, 259024.500, 136
Trd, 259024.550, 131
Trd, 259024.683, 139
Trd, 259024.917, 123
Trd, 259025.067, 133
Trd, 259025.200, 118
Trd, 259025.217, 114
Trd, 259025.817, 139
Trd, 259025.933, 113
Trd, 259026.000, 109
Trd, 259026.483, 103
Trd, 259026.850, 111
Trd, 259027.300, 96
Trd, 259027.317, 91
Trd, 259027.483, 138
Trd, 259027.683, 132
Trd, 259027.900, 124
Trd, 259028.017, 107
Trd, 259028.250, 138
Trd, 259028.433, 110
Trd, 259028.533, 105
Trd, 259028.850, 109
Trd, 259028.917, 102
Trd, 259028.933, 99
Trd, 259029.117, 90
Trd, 259029.233, 109
Trd, 259029.767, 140
Trd, 259030.433, 117
Trd, 259030.767, 108
Trd, 259031.033, 107
Trd, 259031.133, 104
Trd, 259031.450, 125
Trd, 259031.650, 120
Trd, 259031.733, 99
Trd, 259031.750, 106
Trd, 259032.017, 130
Trd, 259032.183, 130
Trd, 259032.417, 140
Trd, 259032.867, 115
Trd, 259033.117, 108
Trd, 259033.367, 127
Trd, 259033.433, 111
Trd, 259033.450, 108
Trd, 259033.550, 114
Trd, 259034.050, 136
Trd, 259034.467, 135
Trd, 259034.650, 123
Trd, 259034.800, 140
Trd, 259035.200, 123
Trd, 259035.250, 138
Trd, 259035.683, 136
Trd, 259035.750, 119
Trd, 259035.767, 116
Trd, 259035.883, 109
Trd, 259035.950, 108
Trd, 259036.200, 136
Trd, 259036.500, 136
Trd, 259036.800, 97
Trd, 259037.100, 82
Trd, 259037.850, 81
Trd, 259038.017, 91
Trd, 259038.300, 116
Trd, 259038.700, 105
Trd, 259039.317, 102
Trd, 259039.517, 88
Trd, 259039.683, 103
Trd, 259039.850, 106
Trd, 259039.917, 105
Trd, 259040.083, 124
Trd, 259040.100, 112
Trd, 259040.233, 134
Trd, 259040.367, 122
Trd, 259040.383, 95
Trd, 259040.533, 110
Trd, 259040.800, 94
Trd, 259040.883, 87
Trd, 259040.933, 83
Trd, 259041.550, 140
Trd, 259041.650, 137
Trd, 259041.683, 105
Trd, 259041.800, 125
Trd, 259042.000, 98
Trd, 259042.150, 104
Trd, 259042.250, 100
Trd, 259042.633, 135
Trd, 259042.983, 118
Trd, 259043.250, 113
Trd, 259043.683, 110
Trd, 259043.767, 93
Trd, 259044.100, 120
Trd, 259045.083, 109
Trd, 259045.217, 124
Trd, 259045.350, 95
Trd, 259045.517, 130
Trd, 259045.717, 130
Trd, 259046.017, 111
Trd, 259046.050, 97
Trd, 259046.083, 94
Trd, 259046.100, 91
Trd, 259046.217, 88
Trd, 259046.267, 92
Trd, 259046.500, 123
Trd, 259046.600, 125
Trd, 259046.800, 91
Trd, 259046.833, 108
Trd, 259046.867, 124
Trd, 259047.133, 129
Trd, 259047.883, 130
Trd, 259048.217, 135
Trd, 259048.250, 120
Trd, 259048.333, 120
Trd, 259048.617, 117
Trd, 259048.667, 108
Trd, 259048.800, 120
Trd, 259048.833, 99
Trd, 259048.933, 140
Trd, 259048.983, 138
Trd, 259049.200, 102
Trd, 259050.750, 136
Trd, 259050.967, 140
Trd, 259051.217, 139
Trd, 259051.233, 133
Trd, 259051.533, 135
Trd, 259051.633, 136
Trd, 259051.717, 131
Trd, 259051.783, 123
Trd, 259051.950, 112
Trd, 259052.117, 132
Trd, 259052.183, 118
Trd, 259052.567, 112
Trd, 259053.133, 105
Trd, 259053.783, 139
Trd, 259053.933, 138
Trd, 259053.967, 133
Trd, 259054.200, 119
Trd, 259054.233, 109
Trd, 259054.483, 101
Trd, 259055.183, 117
Trd, 259055.283, 108
Trd, 259055.483, 112
Trd, 259055.633, 108
Trd, 259056.150, 130
Trd, 259056.750, 139
Trd, 259056.767, 132
Trd, 259056.833, 130
Trd, 259057.167, 140
Trd, 259057.450, 140
Trd, 259058.067, 135
Trd, 259058.150, 127
Trd, 259058.233, 120
Trd, 259058.350, 118
Trd, 259058.467, 109
Trd, 259058.733, 107
Trd, 259059.233, 137
Trd, 259059.433, 136
Trd, 259059.500, 117
Trd, 259059.567, 138
Trd, 259059.600, 132
Trd, 259060.017, 138
Trd, 259060.133, 106
Trd, 259060.367, 129
Trd, 259060.417, 120
Trd, 259061.067, 125
Trd, 259061.150, 133
Trd, 259061.200, 122
Trd, 259061.517, 114
Trd, 259061.783, 112
Trd, 259061.833, 112
Trd, 259062.150, 111
Trd, 259062.650, 139
Trd, 259062.833, 120
Trd, 259062.917, 118
Trd, 259063.083, 119
Trd, 259063.150, 138
Trd, 259063.783, 140
Trd, 259064.250, 139
Trd, 259064.283, 138
Trd, 259064.583, 132
Trd, 259064.700, 126
Trd, 259065.133, 138
Trd, 259065.367, 138
Trd, 259065.467, 112
Trd, 259065.850, 122
Trd, 259065.967, 123
Trd, 259066.000, 105
Trd, 259066.217, 139
Trd, 259066.333, 123
Trd, 259066.450, 115
Trd, 259066.633, 140
Trd, 259067.017, 120
Trd, 259067.333, 114
Trd, 259067.400, 113
Trd, 259067.733, 138
Trd, 259068.000, 125
Trd, 259068.133, 121
Trd, 259068.233, 110
Trd, 259068.800, 132
Trd, 259069.117, 121
Trd, 259069.800, 106
Trd, 259069.900, 104
Trd, 259069.933, 122
Trd, 259070.050, 131
Trd, 259070.067, 94
Trd, 259070.117, 87
Trd, 259070.333, 95
Trd, 259070.633, 108
Trd, 259070.817, 140
Trd, 259071.283, 86
Trd, 259071.350, 86
Trd, 259071.733, 122
Trd, 259072.067, 112
Trd, 259072.317, 121
Trd, 259072.467, 118
Trd, 259072.633, 122
Trd, 259073.000, 107
Trd, 259073.150, 130
Trd, 259073.583, 134
Trd, 259074.433, 138
Trd, 259074.767, 134
Trd, 259074.850, 125
Trd, 259075.067, 128
Trd, 259075.417, 123
Trd, 259075.433, 123
Trd, 259075.450, 117
Trd, 259075.567, 138
Trd, 259076.000, 140
Trd, 259076.200, 127
Trd, 259076.317, 126
Trd, 259076.350, 110
Trd, 259076.550, 115
Trd, 259076.683, 102
Trd, 259077.000, 117
Trd, 259077.050, 97
Trd, 259077.467, 110
Trd, 259077.717, 140
Trd, 259077.733, 127
Trd, 259077.950, 137
Trd, 259078.067, 119
Trd, 259078.583, 140
Trd, 259078.917, 139
Trd, 259079.267, 136
Trd, 259079.300, 135
Trd, 259079.350, 122
Trd, 259079.550, 121
Trd, 259080.300, 140
Trd, 259080.350, 139
Trd, 259080.583, 130
Trd, 259080.667, 114
Trd, 259080.800, 111
Trd, 259081.000, 139
Trd, 259081.100, 109
Trd, 259081.200, 102
Trd, 259081.667, 136
Trd, 259081.767, 102
Trd, 259081.983, 91
Trd, 259082.050, 79
Trd, 259082.283, 75
Trd, 259082.700, 134
Trd, 259082.767, 112
Trd, 259083.400, 111
Trd, 259083.500, 138
Trd, 259084.050, 104
Trd, 259084.217, 135
Trd, 259084.250, 124
Trd, 259084.550, 109
Trd, 259084.833, 140
Trd, 259084.900, 109
Trd, 259085.367, 138
Trd, 259085.617, 134
Trd, 259085.800, 140
Trd, 259086.100, 125
Trd, 259086.217, 122
Trd, 259086.450, 120
Trd, 259086.850, 123
Trd, 259087.167, 131
Trd, 259087.300, 119
Trd, 259087.733, 120
Trd, 259088.133, 113
Trd, 259088.200, 132
Trd, 259088.300, 112
Trd, 259088.333, 133
Trd, 259088.500, 104
Trd, 259089.167, 119
Trd, 259089.200, 118
Trd, 259089.417, 111
Trd, 259089.700, 98
Trd, 259090.100, 101
Trd, 259090.233, 109
Trd, 259090.317, 92
Trd, 259090.350, 122
Trd, 259090.400, 83
Trd, 259090.467, 92
Trd, 259090.600, 129
Trd, 259090.667, 106
Trd, 259091.150, 132
Trd, 259091.667, 139
Trd, 259091.917, 116
Trd, 259092.000, 98
Trd, 259092.483, 121
Trd, 259093.117, 140
Trd, 259093.333, 123
Trd, 259093.983, 140
Trd, 259094.033, 139
Trd, 259094.350, 135
Trd, 259095.017, 135
Trd, 259095.117, 117
Trd, 259095.250, 114
Trd, 259095.283, 112
Trd, 259095.300, 106
Trd, 259095.350, 105
Trd, 259095.367, 100
Trd, 259095.517, 95
Trd, 259095.533, 95
Trd, 259095.600, 85
Trd, 259095.867, 99
Trd, 259096.000, 84
Trd, 259096.317, 137
Trd, 259096.350, 119
Trd, 259096.483, 93
Trd, 259096.767, 93
Trd, 259097.000, 140
Trd, 259097.050, 130
Trd, 259097.517, 140
Trd, 259097.800, 134
Trd, 259098.683, 136
Trd, 259098.783, 119
Trd, 259099.117, 131
Trd, 259099.200, 122
Trd, 259099.533, 122
Trd, 259099.567, 116
Trd, 259099.817, 122
Trd, 259099.833, 115
Trd, 259100.700, 133
Trd, 259100.817, 130
Trd, 259100.850, 120
Trd, 259101.100, 116
Trd, 259101.267, 126
Trd, 259101.417, 114
Trd, 259101.650, 114
Trd, 259101.967, 113
Trd, 259102.083, 100
Trd, 259102.117, 101
Trd, 259102.133, 116
Trd, 259102.150, 99
Trd, 259102.333, 88
Trd, 259102.367, 119
Trd, 259103.133, 139
Trd, 259103.250, 121
Trd, 259103.283, 119
Trd, 259103.600, 134
Trd, 259103.967, 139
Trd, 259104.433, 117
Trd, 259104.450, 113
Trd, 259105.083, 107
Trd, 259105.167, 108
Trd, 259105.533, 137
Trd, 259105.667, 115
Trd, 259105.817, 139
Trd, 259106.417, 138
Trd, 259106.817, 120
Trd, 259106.833, 106
Trd, 259106.883, 99
Trd, 259107.017, 110
Trd, 259107.517, 103
Trd, 259107.550, 102
Trd, 259107.800, 93
Trd, 259107.867, 87
Trd, 259108.317, 134
Trd, 259108.533, 123
Trd, 259108.750, 122
Trd, 259108.833, 140
Trd, 259109.083, 140
Trd, 259110.167, 128
Trd, 259110.283, 107
Trd, 259110.517, 111
Trd, 259110.683, 112
Trd, 259110.733, 139
Trd, 259111.233, 129
Trd, 259111.283, 112
Trd, 259111.683, 137
Trd, 259112.583, 139
Trd, 259112.800, 134
Trd, 259112.950, 121
Trd, 259113.183, 109
Trd, 259113.317, 107
Trd, 259113.333, 106
Trd, 259113.417, 140
Trd, 259113.517, 106
Trd, 259114.233, 139
Trd, 259114.517, 139
Trd, 259114.683, 136
Trd, 259114.717, 119
Trd, 259115.033, 131
Trd, 259115.067, 126
Trd, 259115.283, 136
Trd, 259115.883, 133
Trd, 259115.933, 124
Trd, 259116.533, 102
Trd, 259116.567, 100
Trd, 259117.100, 119
Trd, 259117.133, 124
Trd, 259117.367, 140
Trd, 259117.467, 118
Trd, 259117.567, 137
Trd, 259117.967, 116
Trd, 259118.000, 126
Trd, 259118.183, 116
Trd, 259118.217, 109
Trd, 259118.300, 106
Trd, 259118.517, 113
Trd, 259118.567, 111
Trd, 259118.767, 102
Trd, 259118.917, 88
Trd, 259119.200, 110
Trd, 259119.467, 121
Trd, 259119.867, 103
Trd, 259119.917, 95
Trd, 259120.950, 119
Trd, 259121.117, 134
Trd, 259121.150, 116
Trd, 259121.383, 140
Trd, 259121.433, 140
Trd, 259122.067, 140
Trd, 259122.183, 133
Trd, 259122.350, 118
Trd, 259122.533, 109
Trd, 259122.700, 99
Trd, 259122.800, 96
Trd, 259122.850, 96
Trd, 259123.267, 117
Trd, 259123.400, 114
Trd, 259123.633, 139
Trd, 259124.383, 130
Trd, 259124.717, 136
Trd, 259124.817, 126
Trd, 259124.900, 140
Trd, 259125.667, 139
Trd, 259125.967, 120
Trd, 259126.683, 122
Trd, 259127.033, 112
Trd, 259127.233, 139
Trd, 259127.367, 136
Trd, 259127.383, 124
Trd, 259127.917, 109
Trd, 259127.933, 108
Trd, 259128.250, 139
Trd, 259128.283, 138
Trd, 259128.417, 140
Trd, 259128.633, 128
Trd, 259128.700, 125
Trd, 259129.300, 136
Trd, 259129.500, 119
Trd, 259129.817, 140
Trd, 259130.150, 140
Trd, 259130.367, 140
Trd, 259130.517, 139
Trd, 259130.600, 134
Trd, 259130.783, 135
Trd, 259131.700, 115
Trd, 259131.767, 110
Trd, 259131.867, 107
Trd, 259132.333, 104
Trd, 259132.567, 116
Trd, 259132.633, 103
Trd, 259132.650, 117
Trd, 259132.950, 139
Trd, 259133.367, 132
Trd, 259133.667, 119
Trd, 259133.717, 117
Trd, 259133.783, 124
Trd, 259133.867, 117
Trd, 259134.067, 115
Trd, 259134.133, 110
Trd, 259134.217, 132
Trd, 259134.333, 140
Trd, 259134.700, 109
Trd, 259135.483, 137
Trd, 259135.717, 124
Trd, 259135.783, 133
Trd, 259135.850, 118
Trd, 259136.183, 117
Trd, 259136.350, 121
Trd, 259137.483, 140
Trd, 259137.550, 138
Trd, 259137.633, 123
Trd, 259138.267, 136
Trd, 259138.550, 129
Trd, 259138.600, 136
Trd, 259138.800, 121
Trd, 259138.983, 120
Trd, 259139.350, 119
Trd, 259139.367, 114
Trd, 259139.450, 104
Trd, 259140.117, 120
Trd, 259140.183, 132
Trd, 259140.550, 131
Trd, 259140.767, 131
Trd, 259140.800, 126
Trd, 259141.133, 134
Trd, 259141.200, 129
Trd, 259141.317, 140
Trd, 259141.433, 114
Trd, 259141.483, 107
Trd, 259141.833, 118
Trd, 259142.133, 124
Trd, 259142.317, 94
Trd, 259142.883, 98
Trd, 259143.017, 114
Trd, 259143.183, 101
Trd, 259143.333, 93
Trd, 259143.467, 124
Trd, 259143.667, 80
Trd, 259143.950, 93
Trd, 259144.050, 112
Trd, 259144.250, 112
Trd, 259144.317, 136
Trd, 259144.333, 78
Trd, 259144.517, 119
Trd, 259144.550, 108
Trd, 259144.983, 125
Trd, 259145.283, 125
Trd, 259145.783, 110
Trd, 259145.950, 102
Trd, 259146.217, 107
Trd, 259146.250, 99
Trd, 259147.367, 130
Trd, 259147.533, 129
Trd, 259147.800, 126
Trd, 259147.983, 121
Trd, 259148.050, 119
Trd, 259148.283, 138
Trd, 259148.467, 140
Trd, 259148.500, 136
Trd, 259148.617, 138
Trd, 259148.767, 117
Trd, 259149.017, 140
Trd, 259149.100, 125
Trd, 259149.267, 135
Trd, 259149.517, 100
Trd, 259149.600, 122
Trd, 259149.900, 104
Trd, 259150.200, 118
Trd, 259150.250, 109
Trd, 259150.533, 100
Trd, 259150.950, 126
Trd, 259151.167, 140
Trd, 259151.500, 126
Trd, 259151.617, 117
Trd, 259152.183, 138
Trd, 259152.283, 116
Trd, 259152.567, 126
Trd, 259152.750, 123
Trd, 259152.800, 113
Trd, 259152.867, 126
Trd, 259152.900, 110
Trd, 259152.950, 127
Trd, 259153.533, 131
Trd, 259154.117, 138
Trd, 259154.150, 131
Trd, 259154.317, 125
Trd, 259154.700, 140
Trd, 259154.917, 116
Trd, 259154.933, 108
Trd, 259155.033, 100
Trd, 259155.300, 110
Trd, 259155.567, 96
Trd, 259155.717, 94
Trd, 259155.733, 90
Trd, 259156.083, 123
Trd, 259156.150, 140
Trd, 259156.283, 119
Trd, 259156.833, 134
Trd, 259156.867, 115
Trd, 259156.900, 105
Trd, 259156.967, 139
Trd, 259157.067, 103
Trd, 259157.317, 101
Trd, 259157.417, 95
Trd, 259157.650, 107
Trd, 259158.017, 125
Trd, 259158.550, 133
Trd, 259158.883, 119
Trd, 259159.267, 128
Trd, 259159.367, 114
Trd, 259159.383, 85
Trd, 259159.700, 95
Trd, 259160.000, 140
Trd, 259160.050, 124
Trd, 259160.200, 138
Trd, 259160.367, 103
Trd, 259160.767, 112
Trd, 259160.967, 130
Trd, 259161.233, 134
Trd, 259161.333, 120
Trd, 259161.983, 137
Trd, 259162.367, 138
Trd, 259163.267, 140
Trd, 259163.717, 137
Trd, 259163.800, 137
Trd, 259164.250, 135
Trd, 259164.417, 129
Trd, 259164.517, 118
Trd, 259165.483, 116
Trd, 259165.633, 121
Trd, 259165.700, 115
Trd, 259166.050, 128
Trd, 259166.300, 132
Trd, 259166.517, 112
Trd, 259166.550, 106
Trd, 259166.650, 106
Trd, 259166.733, 118
Trd, 259167.100, 107
Trd, 259167.117, 98
Trd, 259167.317, 92
Trd, 259167.350, 90
Trd, 259167.600, 102
Trd, 259167.917, 99
Trd, 259167.967, 103
Trd, 259167.983, 85
Trd, 259168.017, 104
Trd, 259168.433, 72
Trd, 259168.567, 119
Trd, 259169.067, 88
Trd, 259169.333, 74
Trd, 259169.683, 78
Trd, 259169.850, 96
Trd, 259170.067, 127
Trd, 259170.333, 118
Trd, 259170.433, 75
Trd, 259170.817, 136
Trd, 259170.933, 121
Trd, 259171.083, 96
Trd, 259171.133, 92
Trd, 259171.250, 85
Trd, 259171.317, 105
Trd, 259171.483, 131
Trd, 259171.733, 90
Trd, 259172.150, 140
Trd, 259172.167, 140
Trd, 259172.417, 76
Trd, 259173.050, 127
Trd, 259173.067, 115
Trd, 259173.333, 100
Trd, 259173.433, 86
Trd, 259173.550, 126
Trd, 259173.917, 92
Trd, 259174.167, 140
Trd, 259174.583, 122
Trd, 259174.600, 105
Trd, 259174.850, 140
Trd, 259175.317, 140
Trd, 259175.333, 134
Trd, 259175.650, 123
Trd, 259175.900, 114
Trd, 259176.150, 136
Trd, 259176.250, 124
Trd, 259176.683, 125
Trd, 259176.883, 118
Trd, 259177.083, 102
Trd, 259177.600, 123
Trd, 259177.650, 140
Trd, 259177.733, 109
Trd, 259177.750, 102
Trd, 259178.167, 125
Trd, 259178.500, 140
Trd, 259178.633, 135
Trd, 259179.433, 136
Trd, 259179.600, 126
Trd, 259179.683, 122
Trd, 259179.767, 132
Trd, 259180.117, 131
Trd, 259180.300, 124
Trd, 259181.067, 124
Trd, 259181.100, 120
Trd, 259181.167, 118
Trd, 259181.350, 140
Trd, 259181.500, 127
Trd, 259181.517, 115
Trd, 259181.600, 131
Trd, 259182.100, 126
Trd, 259182.750, 139
Trd, 259182.783, 121
Trd, 259182.850, 122
Trd, 259183.367, 125
Trd, 259183.467, 125
Trd, 259183.583, 111
Trd, 259183.650, 109
Trd, 259184.050, 108
Trd, 259184.067, 99
Trd, 259184.500, 109
Trd, 259184.600, 88
Trd, 259184.933, 116
Trd, 259184.950, 117
Trd, 259185.167, 101
Trd, 259185.200, 99
Trd, 259185.317, 101
Trd, 259185.500, 84
Trd, 259185.633, 93
Trd, 259185.783, 109
Trd, 259185.867, 125
Trd, 259185.933, 139
Trd, 259186.017, 135
Trd, 259186.083, 112
Trd, 259186.467, 138
Trd, 259186.750, 137
Trd, 259186.900, 140
Trd, 259187.283, 126
Trd, 259187.517, 139
Trd, 259187.600, 139
Trd, 259187.617, 121
Trd, 259187.883, 114
Trd, 259188.467, 121
Trd, 259188.617, 111
Trd, 259188.983, 113
Trd, 259189.133, 112
Trd, 259189.217, 101
Trd, 259189.450, 131
Trd, 259189.583, 119
Trd, 259189.850, 129
Trd, 259190.083, 140
Trd, 259190.433, 117
Trd, 259190.467, 115
Trd, 259190.700, 112
Trd, 259190.750, 109
Trd, 259191.633, 136
Trd, 259191.667, 126
Trd, 259191.900, 139
Trd, 259192.033, 134
Trd, 259192.417, 140
Trd, 259192.450, 128
Trd, 259192.650, 132
Trd, 259192.950, 124
Trd, 259193.100, 118
Trd, 259193.267, 117
Trd, 259193.517, 109
Trd, 259193.633, 106
Trd, 259193.700, 102
Trd, 259194.533, 135
Trd, 259195.050, 128
Trd, 259195.167, 115
Trd, 259195.317, 117
Trd, 259196.317, 131
Trd, 259196.467, 121
Trd, 259196.717, 101
Trd, 259196.800, 100
Trd, 259196.933, 121
Trd, 259197.000, 133
Trd, 259197.650, 95
Trd, 259197.967, 140
Trd, 259198.217, 132
Trd, 259198.767, 139
Trd, 259198.867, 136
Trd, 259199.150, 140
Trd, 259199.517, 138
Trd, 259199.683, 138
Trd, 259199.950, 127
