Trd, 258583.633, 140
Trd, 258584.367, 140
Trd, 258584.633, 140
Trd, 258585.217, 140
Trd, 258585.267, 140
Trd, 258585.317, 140
Trd, 258585.550, 139
Trd, 258585.717, 139
Trd, 258585.817, 140
Trd, 258586.083, 139
Trd, 258586.117, 140
Trd, 258586.217, 139
Trd, 258586.517, 139
Trd, 258587.033, 140
Trd, 258587.267, 140
Trd, 258587.717, 140
Trd, 258587.733, 140
Trd, 258587.767, 139
Trd, 258588.000, 140
Trd, 258588.250, 140
Trd, 258588.367, 140
Trd, 258588.400, 140
Trd, 258588.667, 140
Trd, 258589.117, 140
Trd, 258589.417, 140
Trd, 258590.133, 140
Trd, 258590.533, 140
Trd, 258590.700, 140
Trd, 258591.033, 140
Trd, 258591.117, 140
Trd, 258591.200, 140
Trd, 258591.550, 140
Trd, 258591.567, 140
Trd, 258591.600, 140
Trd, 258591.767, 140
Trd, 258591.833, 139
Trd, 258591.883, 139
Trd, 258592.083, 139
Trd, 258592.100, 139
Trd, 258592.717, 138
Trd, 258592.800, 140
Trd, 258592.900, 129
Trd, 258593.667, 140
Trd, 258594.083, 140
Trd, 258594.183, 140
Trd, 258594.450, 140
Trd, 258594.600, 140
Trd, 258594.767, 140
Trd, 258594.833, 140
Trd, 258595.100, 140
Trd, 258595.117, 139
Trd, 258595.600, 139
Trd, 258595.800, 138
Trd, 258596.283, 140
Trd, 258596.583, 140
Trd, 258596.717, 140
Trd, 258596.800, 140
Trd, 258596.900, 140
Trd, 258597.100, 138
Trd, 258597.900, 140
Trd, 258597.967, 140
Trd, 258597.983, 140
Trd, 258598.050, 137
Trd, 258598.217, 140
Trd, 258598.383, 139
Trd, 258598.800, 137
Trd, 258599.117, 131
Trd, 258599.450, 130
Trd, 258599.467, 137
Trd, 258599.733, 137
Trd, 258600.267, 130
Trd, 258600.383, 137
Trd, 258600.433, 139
Trd, 258600.683, 140
Trd, 258601.000, 140
Trd, 258601.150, 140
Trd, 258601.217, 139
Trd, 258601.950, 133
Trd, 258602.133, 122
Trd, 258602.333, 139
Trd, 258602.600, 140
Trd, 258602.850, 140
Trd, 258603.283, 140
Trd, 258603.533, 140
Trd, 258604.000, 140
Trd, 258604.217, 140
Trd, 258604.483, 140
Trd, 258604.500, 140
Trd, 258604.650, 140
Trd, 258604.767, 139
Trd, 258604.917, 140
Trd, 258605.100, 140
Trd, 258605.200, 140
Trd, 258605.233, 140
Trd, 258605.833, 140
Trd, 258605.883, 140
Trd, 258605.983, 139
Trd, 258606.133, 113
Trd, 258606.200, 118
Trd, 258606.267, 140
Trd, 258606.583, 139
Trd, 258606.950, 138
Trd, 258607.650, 128
Trd, 258607.783, 128
Trd, 258607.850, 118
Trd, 258608.017, 117
Trd, 258608.067, 116
Trd, 258608.350, 131
Trd, 258608.367, 140
Trd, 258608.800, 136
Trd, 258609.083, 140
Trd, 258609.117, 140
Trd, 258609.383, 138
Trd, 258609.950, 140
Trd, 258610.317, 140
Trd, 258610.433, 140
Trd, 258610.617, 140
Trd, 258611.017, 140
Trd, 258611.167, 139
Trd, 258611.467, 138
Trd, 258611.550, 138
Trd, 258611.833, 139
Trd, 258611.867, 138
Trd, 258612.100, 138
Trd, 258612.133, 137
Trd, 258612.183, 136
Trd, 258612.683, 140
Trd, 258612.750, 136
Trd, 258612.800, 135
Trd, 258613.883, 140
Trd, 258614.217, 140
Trd, 258614.250, 140
Trd, 258614.300, 140
Trd, 258614.533, 140
Trd, 258615.050, 140
Trd, 258615.100, 140
Trd, 258615.133, 134
Trd, 258615.500, 111
Trd, 258615.550, 138
Trd, 258615.733, 68
Trd, 258615.950, 67
Trd, 258616.533, 133
Trd, 258617.000, 140
Trd, 258617.033, 140
Trd, 258617.450, 140
Trd, 258617.767, 140
Trd, 258617.883, 140
Trd, 258618.017, 140
Trd, 258618.033, 139
Trd, 258618.100, 136
Trd, 258618.333, 140
Trd, 258618.500, 140
Trd, 258618.650, 140
Trd, 258618.967, 140
Trd, 258619.217, 140
Trd, 258619.683, 140
Trd, 258619.833, 140
Trd, 258619.933, 140
Trd, 258620.133, 140
Trd, 258620.150, 139
Trd, 258620.483, 134
Trd, 258621.100, 138
Trd, 258621.300, 121
Trd, 258621.450, 119
Trd, 258621.650, 132
Trd, 258621.667, 134
Trd, 258622.133, 106
Trd, 258622.300, 102
Trd, 258622.350, 132
Trd, 258622.767, 132
Trd, 258622.867, 131
Trd, 258623.217, 140
Trd, 258623.400, 140
Trd, 258623.567, 139
Trd, 258623.600, 138
Trd, 258623.967, 132
Trd, 258624.000, 131
Trd, 258624.033, 129
Trd, 258624.383, 140
Trd, 258624.967, 140
Trd, 258624.983, 140
Trd, 258625.367, 140
Trd, 258626.083, 140
Trd, 258626.283, 140
Trd, 258626.717, 140
Trd, 258627.200, 140
Trd, 258627.383, 140
Trd, 258627.533, 140
Trd, 258627.617, 139
Trd, 258627.633, 139
Trd, 258627.683, 139
Trd, 258627.967, 140
Trd, 258628.050, 137
Trd, 258628.333, 140
Trd, 258628.367, 139
Trd, 258628.450, 140
Trd, 258628.550, 138
Trd, 258628.650, 135
Trd, 258628.667, 135
Trd, 258628.733, 139
Trd, 258629.200, 140
Trd, 258629.283, 140
Trd, 258629.367, 140
Trd, 258629.467, 140
Trd, 258629.517, 139
Trd, 258629.950, 140
Trd, 258630.217, 135
Trd, 258630.267, 134
Trd, 258631.250, 121
Trd, 258631.350, 124
Trd, 258631.800, 127
Trd, 258631.817, 120
Trd, 258632.100, 123
Trd, 258632.267, 119
Trd, 258632.350, 135
Trd, 258632.500, 140
Trd, 258632.700, 139
Trd, 258633.417, 121
Trd, 258633.450, 139
Trd, 258633.467, 120
Trd, 258633.767, 138
Trd, 258633.867, 118
Trd, 258633.983, 117
Trd, 258634.100, 140
Trd, 258634.400, 139
Trd, 258634.800, 140
Trd, 258634.833, 138
Trd, 258634.933, 140
Trd, 258635.683, 134
Trd, 258635.900, 140
Trd, 258636.233, 135
Trd, 258637.033, 138
Trd, 258637.533, 140
Trd, 258637.567, 140
Trd, 258638.017, 140
Trd, 258638.133, 140
Trd, 258638.183, 140
Trd, 258638.200, 140
Trd, 258638.283, 140
Trd, 258638.383, 140
Trd, 258638.667, 140
Trd, 258638.850, 137
Trd, 258639.150, 102
Trd, 258640.500, 140
Trd, 258640.517, 140
Trd, 258640.800, 140
Trd, 258640.917, 140
Trd, 258641.167, 140
Trd, 258641.333, 140
Trd, 258641.433, 140
Trd, 258641.567, 140
Trd, 258641.750, 140
Trd, 258642.017, 140
Trd, 258642.217, 140
Trd, 258642.267, 139
Trd, 258642.333, 139
Trd, 258642.800, 139
Trd, 258643.017, 140
Trd, 258643.033, 140
Trd, 258643.533, 139
Trd, 258644.067, 140
Trd, 258644.150, 140
Trd, 258644.167, 140
Trd, 258644.267, 139
Trd, 258644.317, 139
Trd, 258644.517, 140
Trd, 258644.983, 139
Trd, 258645.017, 139
Trd, 258645.383, 137
Trd, 258645.683, 127
Trd, 258645.800, 113
Trd, 258645.850, 139
Trd, 258645.883, 92
Trd, 258645.900, 87
Trd, 258646.033, 74
Trd, 258646.100, 86
Trd, 258646.150, 140
Trd, 258646.267, 138
Trd, 258646.967, 113
Trd, 258647.650, 105
Trd, 258648.033, 128
Trd, 258648.117, 134
Trd, 258648.217, 129
Trd, 258648.683, 130
Trd, 258648.717, 131
Trd, 258648.967, 131
Trd, 258649.867, 140
Trd, 258649.883, 140
Trd, 258650.350, 140
Trd, 258650.383, 140
Trd, 258651.450, 140
Trd, 258651.467, 140
Trd, 258651.517, 140
Trd, 258651.533, 140
Trd, 258651.567, 140
Trd, 258651.633, 140
Trd, 258651.717, 140
Trd, 258651.767, 140
Trd, 258651.933, 140
Trd, 258652.317, 140
Trd, 258652.333, 140
Trd, 258652.600, 140
Trd, 258652.933, 140
Trd, 258653.117, 140
Trd, 258653.133, 139
Trd, 258653.367, 138
Trd, 258654.050, 140
Trd, 258654.150, 140
Trd, 258654.333, 140
Trd, 258654.467, 139
Trd, 258654.533, 140
Trd, 258654.983, 140
Trd, 258655.083, 140
Trd, 258655.367, 140
Trd, 258655.600, 140
Trd, 258656.033, 140
Trd, 258656.083, 140
Trd, 258656.167, 140
Trd, 258656.200, 140
Trd, 258656.417, 140
Trd, 258656.683, 140
Trd, 258656.733, 140
Trd, 258656.767, 140
Trd, 258657.283, 140
Trd, 258657.517, 140
Trd, 258658.100, 140
Trd, 258658.617, 140
Trd, 258658.833, 140
Trd, 258659.233, 139
Trd, 258659.433, 140
Trd, 258659.767, 135
Trd, 258660.217, 122
Trd, 258660.450, 96
Trd, 258660.767, 139
Trd, 258660.967, 140
Trd, 258661.417, 138
Trd, 258661.733, 140
Trd, 258662.100, 140
Trd, 258662.433, 140
Trd, 258662.583, 140
Trd, 258662.650, 140
Trd, 258662.733, 139
Trd, 258662.783, 138
Trd, 258662.950, 138
Trd, 258663.017, 138
Trd, 258663.333, 140
Trd, 258663.367, 140
Trd, 258663.483, 140
Trd, 258663.550, 136
Trd, 258663.750, 139
Trd, 258663.800, 136
Trd, 258663.833, 84
Trd, 258664.117, 140
Trd, 258664.167, 139
Trd, 258665.767, 140
Trd, 258666.600, 140
Trd, 258666.700, 140
Trd, 258667.067, 140
Trd, 258667.217, 140
Trd, 258667.317, 140
Trd, 258667.483, 140
Trd, 258667.500, 140
Trd, 258667.817, 140
Trd, 258667.983, 140
Trd, 258668.017, 140
Trd, 258668.183, 140
Trd, 258668.317, 140
Trd, 258668.817, 140
Trd, 258669.450, 140
Trd, 258669.850, 140
Trd, 258669.967, 140
Trd, 258670.117, 140
Trd, 258670.667, 140
Trd, 258670.767, 140
Trd, 258671.733, 140
Trd, 258671.800, 140
Trd, 258671.900, 140
Trd, 258672.033, 140
Trd, 258672.417, 140
Trd, 258672.717, 140
Trd, 258672.800, 140
Trd, 258672.983, 140
Trd, 258673.133, 140
Trd, 258673.150, 140
Trd, 258673.417, 140
Trd, 258673.567, 140
Trd, 258673.683, 140
Trd, 258673.800, 140
Trd, 258674.233, 140
Trd, 258674.367, 140
Trd, 258674.600, 140
Trd, 258674.767, 140
Trd, 258674.867, 139
Trd, 258675.567, 140
Trd, 258675.900, 139
Trd, 258676.150, 140
Trd, 258676.233, 140
Trd, 258676.433, 140
Trd, 258676.483, 140
Trd, 258677.183, 140
Trd, 258677.300, 140
Trd, 258677.683, 140
Trd, 258677.767, 140
Trd, 258678.233, 140
Trd, 258678.250, 140
Trd, 258678.717, 140
Trd, 258679.583, 140
Trd, 258679.617, 140
Trd, 258679.733, 140
Trd, 258680.133, 140
Trd, 258680.217, 139
Trd, 258680.467, 140
Trd, 258680.483, 140
Trd, 258680.617, 140
Trd, 258680.933, 138
Trd, 258681.050, 137
Trd, 258681.100, 137
Trd, 258681.150, 136
Trd, 258681.300, 125
Trd, 258681.433, 122
Trd, 258681.700, 133
Trd, 258681.750, 121
Trd, 258682.000, 127
Trd, 258682.050, 127
Trd, 258682.117, 132
Trd, 258682.233, 133
Trd, 258682.383, 129
Trd, 258682.683, 140
Trd, 258683.667, 140
Trd, 258684.283, 140
Trd, 258684.600, 140
Trd, 258684.800, 140
Trd, 258685.083, 140
Trd, 258685.467, 140
Trd, 258685.550, 140
Trd, 258685.750, 139
Trd, 258685.883, 140
Trd, 258686.117, 140
Trd, 258686.283, 139
Trd, 258686.433, 138
Trd, 258687.033, 136
Trd, 258687.350, 139
Trd, 258687.600, 140
Trd, 258687.633, 139
Trd, 258687.750, 140
Trd, 258688.033, 140
Trd, 258688.167, 140
Trd, 258688.950, 140
Trd, 258689.133, 140
Trd, 258689.383, 140
Trd, 258689.583, 140
Trd, 258689.600, 140
Trd, 258689.733, 140
Trd, 258689.900, 139
Trd, 258689.933, 139
Trd, 258690.300, 140
Trd, 258690.483, 140
Trd, 258690.650, 139
Trd, 258691.133, 140
Trd, 258691.167, 140
Trd, 258691.350, 140
Trd, 258692.183, 140
Trd, 258692.250, 140
Trd, 258692.333, 140
Trd, 258692.350, 140
Trd, 258692.367, 140
Trd, 258692.783, 140
Trd, 258693.083, 140
Trd, 258693.233, 140
Trd, 258693.600, 140
Trd, 258693.967, 140
Trd, 258694.100, 140
Trd, 258694.150, 140
Trd, 258694.250, 140
Trd, 258694.317, 140
Trd, 258694.550, 140
Trd, 258694.767, 140
Trd, 258694.800, 139
Trd, 258694.900, 138
Trd, 258695.183, 138
Trd, 258695.217, 136
Trd, 258695.233, 138
Trd, 258695.350, 136
Trd, 258695.533, 137
Trd, 258695.733, 98
Trd, 258695.917, 139
Trd, 258696.433, 118
Trd, 258697.217, 112
Trd, 258697.550, 112
Trd, 258697.917, 113
Trd, 258697.933, 111
Trd, 258698.633, 128
Trd, 258699.500, 140
Trd, 258699.550, 140
Trd, 258699.583, 139
Trd, 258699.617, 139
Trd, 258700.367, 140
Trd, 258700.500, 139
Trd, 258700.750, 140
Trd, 258700.800, 140
Trd, 258701.733, 140
Trd, 258701.817, 140
Trd, 258701.900, 140
Trd, 258702.133, 140
Trd, 258702.217, 140
Trd, 258702.300, 140
Trd, 258702.500, 139
Trd, 258702.567, 139
Trd, 258703.100, 139
Trd, 258703.233, 138
Trd, 258703.400, 138
Trd, 258703.417, 137
Trd, 258703.500, 137
Trd, 258703.767, 139
Trd, 258703.883, 139
Trd, 258704.367, 140
Trd, 258704.550, 138
Trd, 258704.633, 136
Trd, 258704.683, 115
Trd, 258704.900, 111
Trd, 258705.133, 99
Trd, 258705.433, 139
Trd, 258705.517, 140
Trd, 258705.567, 139
Trd, 258705.650, 138
Trd, 258705.817, 138
Trd, 258705.967, 140
Trd, 258706.117, 102
Trd, 258706.850, 140
Trd, 258707.183, 140
Trd, 258707.217, 140
Trd, 258707.367, 140
Trd, 258707.633, 139
Trd, 258708.350, 140
Trd, 258709.117, 140
Trd, 258709.133, 140
Trd, 258710.350, 140
Trd, 258710.417, 140
Trd, 258710.650, 140
Trd, 258710.683, 140
Trd, 258710.750, 140
Trd, 258710.833, 140
Trd, 258710.867, 140
Trd, 258711.083, 140
Trd, 258711.167, 140
Trd, 258711.250, 140
Trd, 258711.383, 140
Trd, 258711.417, 139
Trd, 258711.600, 136
Trd, 258712.550, 140
Trd, 258712.650, 139
Trd, 258713.050, 140
Trd, 258713.600, 140
Trd, 258713.683, 140
Trd, 258713.817, 140
Trd, 258714.050, 140
Trd, 258714.083, 140
Trd, 258714.200, 139
Trd, 258714.233, 138
Trd, 258714.583, 133
Trd, 258714.600, 131
Trd, 258714.683, 114
Trd, 258715.017, 121
Trd, 258715.467, 138
Trd, 258715.533, 120
Trd, 258715.667, 139
Trd, 258715.867, 96
Trd, 258716.183, 140
Trd, 258716.550, 140
Trd, 258716.667, 140
Trd, 258716.800, 140
Trd, 258716.867, 139
Trd, 258717.433, 140
Trd, 258717.517, 140
Trd, 258717.583, 140
Trd, 258717.650, 111
Trd, 258717.867, 105
Trd, 258718.167, 83
Trd, 258718.217, 83
Trd, 258718.250, 84
Trd, 258718.633, 140
Trd, 258718.717, 140
Trd, 258718.767, 140
Trd, 258719.167, 140
Trd, 258720.200, 140
Trd, 258721.050, 140
Trd, 258721.467, 140
Trd, 258721.617, 140
Trd, 258721.633, 140
Trd, 258721.733, 140
Trd, 258721.883, 140
Trd, 258722.017, 140
Trd, 258722.050, 140
Trd, 258722.250, 140
Trd, 258722.300, 140
Trd, 258722.333, 140
Trd, 258722.350, 140
Trd, 258722.417, 140
Trd, 258722.567, 136
Trd, 258722.900, 140
Trd, 258722.950, 135
Trd, 258723.033, 127
Trd, 258723.267, 123
Trd, 258723.700, 123
Trd, 258723.833, 122
Trd, 258723.867, 136
Trd, 258724.050, 114
Trd, 258724.333, 137
Trd, 258724.367, 134
Trd, 258724.567, 109
Trd, 258724.650, 137
Trd, 258724.900, 138
Trd, 258725.250, 108
Trd, 258725.267, 139
Trd, 258725.383, 140
Trd, 258725.517, 139
Trd, 258725.950, 138
Trd, 258726.100, 137
Trd, 258727.283, 140
Trd, 258727.900, 140
Trd, 258728.817, 140
Trd, 258728.867, 140
Trd, 258729.633, 140
Trd, 258729.683, 140
Trd, 258729.750, 140
Trd, 258729.817, 140
Trd, 258729.833, 140
Trd, 258729.900, 140
Trd, 258730.233, 140
Trd, 258730.283, 140
Trd, 258730.667, 140
Trd, 258730.733, 140
Trd, 258730.767, 139
Trd, 258731.267, 140
Trd, 258731.400, 140
Trd, 258731.500, 140
Trd, 258731.583, 140
Trd, 258731.717, 140
Trd, 258731.767, 140
Trd, 258732.183, 140
Trd, 258732.350, 140
Trd, 258732.517, 140
Trd, 258732.650, 140
Trd, 258733.050, 140
Trd, 258733.167, 140
Trd, 258733.350, 140
Trd, 258733.583, 140
Trd, 258733.667, 140
Trd, 258733.717, 140
Trd, 258733.900, 139
Trd, 258734.050, 138
Trd, 258734.100, 137
Trd, 258734.417, 127
Trd, 258734.600, 126
Trd, 258734.700, 132
Trd, 258735.300, 122
Trd, 258735.367, 126
Trd, 258735.567, 121
Trd, 258735.617, 127
Trd, 258735.650, 130
Trd, 258736.200, 131
Trd, 258736.267, 136
Trd, 258736.600, 131
Trd, 258736.833, 131
Trd, 258737.333, 140
Trd, 258737.683, 140
Trd, 258737.733, 140
Trd, 258737.783, 140
Trd, 258737.883, 140
Trd, 258738.167, 140
Trd, 258738.933, 140
Trd, 258739.017, 140
Trd, 258739.250, 140
Trd, 258739.450, 140
Trd, 258739.483, 140
Trd, 258739.817, 140
Trd, 258739.867, 139
Trd, 258740.200, 138
Trd, 258740.383, 137
Trd, 258740.767, 137
Trd, 258740.900, 132
Trd, 258741.117, 137
Trd, 258741.167, 140
Trd, 258741.617, 140
Trd, 258741.700, 140
Trd, 258741.767, 140
Trd, 258741.883, 140
Trd, 258742.067, 140
Trd, 258742.183, 140
Trd, 258742.950, 140
Trd, 258743.100, 140
Trd, 258743.300, 140
Trd, 258743.517, 140
Trd, 258743.683, 140
Trd, 258744.200, 140
Trd, 258744.383, 139
Trd, 258744.750, 137
Trd, 258745.167, 140
Trd, 258745.400, 140
Trd, 258746.117, 140
Trd, 258746.167, 140
Trd, 258746.183, 140
Trd, 258746.283, 139
Trd, 258746.733, 137
Trd, 258746.817, 137
Trd, 258747.050, 140
Trd, 258747.150, 140
Trd, 258747.283, 139
Trd, 258747.467, 138
Trd, 258747.617, 137
Trd, 258747.683, 140
Trd, 258747.917, 138
Trd, 258747.983, 137
Trd, 258748.183, 137
Trd, 258748.233, 136
Trd, 258748.900, 140
Trd, 258748.950, 139
Trd, 258749.100, 139
Trd, 258749.500, 140
Trd, 258750.033, 140
Trd, 258750.283, 140
Trd, 258750.950, 140
Trd, 258751.400, 140
Trd, 258751.667, 140
Trd, 258751.850, 140
Trd, 258751.867, 140
Trd, 258751.933, 140
Trd, 258752.083, 140
Trd, 258752.233, 140
Trd, 258752.550, 139
Trd, 258752.600, 139
Trd, 258752.767, 139
Trd, 258752.833, 139
Trd, 258752.850, 138
Trd, 258753.100, 139
Trd, 258753.333, 140
Trd, 258753.617, 139
Trd, 258753.783, 138
Trd, 258754.000, 133
Trd, 258754.400, 139
Trd, 258754.900, 140
Trd, 258755.050, 140
Trd, 258755.183, 140
Trd, 258755.450, 138
Trd, 258755.467, 137
Trd, 258755.917, 140
Trd, 258756.150, 140
Trd, 258756.400, 138
Trd, 258756.600, 128
Trd, 258756.633, 140
Trd, 258757.117, 138
Trd, 258757.300, 137
Trd, 258757.350, 137
Trd, 258757.517, 128
Trd, 258757.833, 135
Trd, 258758.050, 127
Trd, 258758.367, 140
Trd, 258758.550, 140
Trd, 258759.000, 140
Trd, 258759.017, 140
Trd, 258759.367, 140
Trd, 258759.433, 140
Trd, 258759.617, 140
Trd, 258760.150, 140
Trd, 258760.283, 140
Trd, 258760.450, 139
Trd, 258760.967, 140
Trd, 258761.000, 140
Trd, 258761.567, 139
Trd, 258761.683, 139
Trd, 258762.150, 140
Trd, 258762.167, 139
Trd, 258762.450, 140
Trd, 258762.783, 139
Trd, 258763.650, 140
Trd, 258764.117, 140
Trd, 258764.783, 140
Trd, 258765.317, 140
Trd, 258765.750, 140
Trd, 258765.917, 140
Trd, 258766.233, 140
Trd, 258766.367, 140
Trd, 258766.600, 140
Trd, 258766.817, 140
Trd, 258766.967, 140
Trd, 258767.133, 140
Trd, 258767.167, 140
Trd, 258767.250, 140
Trd, 258767.667, 140
Trd, 258767.717, 140
Trd, 258767.783, 139
Trd, 258767.950, 139
Trd, 258768.083, 140
Trd, 258768.367, 140
Trd, 258768.517, 140
Trd, 258769.117, 140
Trd, 258769.333, 140
Trd, 258769.750, 140
Trd, 258769.767, 140
Trd, 258769.917, 140
Trd, 258770.333, 140
Trd, 258770.567, 140
Trd, 258771.033, 140
Trd, 258771.083, 140
Trd, 258771.367, 140
Trd, 258771.650, 140
Trd, 258772.017, 140
Trd, 258772.083, 140
Trd, 258773.183, 140
Trd, 258773.500, 140
Trd, 258773.800, 140
Trd, 258773.967, 140
Trd, 258774.150, 140
Trd, 258774.267, 140
Trd, 258774.483, 140
Trd, 258774.700, 140
Trd, 258774.933, 140
Trd, 258775.150, 140
Trd, 258775.483, 140
Trd, 258775.617, 140
Trd, 258775.683, 140
Trd, 258775.817, 140
Trd, 258775.967, 140
Trd, 258776.250, 140
Trd, 258776.400, 140
Trd, 258776.517, 140
Trd, 258777.017, 140
Trd, 258777.767, 140
Trd, 258778.317, 140
Trd, 258778.750, 140
Trd, 258779.150, 140
Trd, 258779.183, 140
Trd, 258779.617, 140
Trd, 258780.050, 140
Trd, 258780.617, 140
Trd, 258780.650, 140
Trd, 258780.667, 140
Trd, 258780.683, 140
Trd, 258781.100, 140
Trd, 258781.150, 140
Trd, 258781.467, 140
Trd, 258781.833, 140
Trd, 258782.317, 140
Trd, 258782.600, 140
Trd, 258782.617, 140
Trd, 258782.683, 140
Trd, 258782.867, 140
Trd, 258783.167, 140
Trd, 258783.183, 139
Trd, 258783.433, 140
Trd, 258783.633, 139
Trd, 258783.850, 138
Trd, 258783.933, 140
Trd, 258784.733, 140
Trd, 258785.067, 140
Trd, 258785.117, 139
Trd, 258785.133, 140
Trd, 258785.233, 140
Trd, 258785.550, 140
Trd, 258785.583, 139
Trd, 258785.750, 131
Trd, 258785.850, 139
Trd, 258786.450, 138
Trd, 258786.750, 136
Trd, 258786.783, 123
Trd, 258786.917, 122
Trd, 258786.950, 112
Trd, 258787.017, 111
Trd, 258787.333, 107
Trd, 258787.700, 140
Trd, 258787.717, 140
Trd, 258787.767, 139
Trd, 258788.117, 139
Trd, 258788.200, 138
Trd, 258788.283, 140
Trd, 258788.517, 140
Trd, 258788.767, 91
Trd, 258789.117, 140
Trd, 258789.183, 140
Trd, 258789.400, 140
Trd, 258789.767, 140
Trd, 258790.217, 140
Trd, 258790.833, 140
Trd, 258790.983, 140
Trd, 258791.267, 140
Trd, 258791.483, 139
Trd, 258791.500, 138
Trd, 258792.450, 138
Trd, 258792.633, 136
Trd, 258792.867, 115
Trd, 258793.167, 140
Trd, 258793.250, 140
Trd, 258793.367, 140
Trd, 258793.383, 140
Trd, 258793.600, 140
Trd, 258793.683, 140
Trd, 258793.850, 140
Trd, 258794.067, 139
Trd, 258794.617, 138
Trd, 258794.833, 138
Trd, 258794.983, 138
Trd, 258795.100, 138
Trd, 258795.300, 137
Trd, 258795.467, 135
Trd, 258795.500, 139
Trd, 258796.017, 140
Trd, 258796.067, 140
Trd, 258796.183, 113
Trd, 258796.400, 102
Trd, 258796.733, 106
Trd, 258796.917, 133
Trd, 258797.317, 136
Trd, 258797.867, 140
Trd, 258797.950, 140
Trd, 258798.050, 140
Trd, 258798.150, 140
Trd, 258798.300, 140
Trd, 258798.383, 140
Trd, 258798.417, 140
Trd, 258798.583, 140
Trd, 258799.383, 140
Trd, 258799.483, 140
Trd, 258799.533, 140
Trd, 258800.050, 140
Trd, 258800.167, 140
Trd, 258800.600, 140
Trd, 258800.683, 140
Trd, 258800.817, 140
Trd, 258801.117, 140
Trd, 258801.283, 140
Trd, 258801.433, 139
Trd, 258801.650, 139
Trd, 258802.083, 139
Trd, 258802.133, 138
Trd, 258802.333, 111
Trd, 258803.000, 140
Trd, 258803.417, 140
Trd, 258803.483, 140
Trd, 258804.033, 140
Trd, 258804.317, 140
Trd, 258804.367, 140
Trd, 258804.400, 140
Trd, 258804.433, 140
Trd, 258805.217, 140
Trd, 258805.317, 140
Trd, 258805.700, 140
Trd, 258805.733, 140
Trd, 258805.750, 140
Trd, 258806.050, 138
Trd, 258806.083, 139
Trd, 258806.300, 140
Trd, 258806.817, 139
Trd, 258806.983, 138
Trd, 258807.267, 131
Trd, 258807.367, 131
Trd, 258807.633, 129
Trd, 258808.033, 137
Trd, 258808.183, 140
Trd, 258808.233, 128
Trd, 258808.250, 125
Trd, 258808.550, 140
Trd, 258808.583, 140
Trd, 258808.683, 118
Trd, 258808.983, 140
Trd, 258809.083, 118
Trd, 258809.533, 140
Trd, 258809.550, 140
Trd, 258809.583, 139
Trd, 258809.883, 139
Trd, 258810.033, 140
Trd, 258810.367, 140
Trd, 258810.483, 140
Trd, 258810.500, 140
Trd, 258810.733, 140
Trd, 258811.250, 140
Trd, 258811.533, 140
Trd, 258811.750, 140
Trd, 258812.067, 140
Trd, 258812.400, 140
Trd, 258812.817, 140
Trd, 258813.100, 140
Trd, 258813.350, 140
Trd, 258813.400, 140
Trd, 258813.633, 140
Trd, 258813.767, 140
Trd, 258813.933, 140
Trd, 258814.017, 140
Trd, 258814.050, 140
Trd, 258814.550, 140
Trd, 258814.633, 139
Trd, 258814.750, 139
Trd, 258815.600, 117
Trd, 258816.600, 113
Trd, 258816.983, 114
Trd, 258817.067, 114
Trd, 258817.083, 113
Trd, 258817.217, 115
Trd, 258817.250, 110
Trd, 258817.567, 64
Trd, 258817.767, 60
Trd, 258817.783, 60
Trd, 258817.950, 61
Trd, 258818.000, 115
Trd, 258818.033, 116
Trd, 258818.283, 135
Trd, 258818.450, 139
Trd, 258818.467, 71
Trd, 258818.817, 112
Trd, 258818.833, 133
Trd, 258818.967, 89
Trd, 258819.067, 68
Trd, 258819.483, 140
Trd, 258819.767, 61
Trd, 258820.000, 61
Trd, 258820.117, 130
Trd, 258820.433, 134
Trd, 258821.533, 137
Trd, 258822.350, 140
Trd, 258822.817, 140
Trd, 258823.033, 140
Trd, 258823.050, 140
Trd, 258823.767, 140
Trd, 258824.183, 140
Trd, 258824.250, 140
Trd, 258824.333, 140
Trd, 258824.633, 140
Trd, 258824.733, 140
Trd, 258824.933, 140
Trd, 258825.000, 140
Trd, 258825.167, 139
Trd, 258825.183, 139
Trd, 258825.300, 138
Trd, 258825.400, 137
Trd, 258825.633, 140
Trd, 258825.667, 139
Trd, 258825.683, 139
Trd, 258825.700, 132
Trd, 258825.933, 98
Trd, 258827.367, 139
Trd, 258827.683, 139
Trd, 258827.883, 140
Trd, 258827.900, 140
Trd, 258828.000, 139
Trd, 258828.267, 140
Trd, 258828.367, 140
Trd, 258828.417, 140
Trd, 258828.450, 139
Trd, 258828.633, 139
Trd, 258829.000, 140
Trd, 258829.367, 140
Trd, 258829.517, 140
Trd, 258829.867, 140
Trd, 258829.983, 140
Trd, 258830.233, 139
Trd, 258830.383, 139
Trd, 258830.500, 140
Trd, 258830.667, 139
Trd, 258831.033, 140
Trd, 258831.283, 140
Trd, 258831.383, 140
Trd, 258831.550, 140
Trd, 258831.667, 140
Trd, 258832.000, 140
Trd, 258832.583, 140
Trd, 258833.533, 140
Trd, 258833.583, 140
Trd, 258833.600, 140
Trd, 258833.817, 138
Trd, 258834.000, 140
Trd, 258834.050, 131
Trd, 258834.950, 135
Trd, 258835.100, 137
Trd, 258835.117, 135
Trd, 258835.267, 138
Trd, 258835.583, 140
Trd, 258835.617, 135
Trd, 258835.750, 138
Trd, 258836.150, 137
Trd, 258836.283, 135
Trd, 258837.083, 140
Trd, 258837.567, 140
Trd, 258838.067, 140
Trd, 258838.283, 140
Trd, 258838.400, 140
Trd, 258838.467, 140
Trd, 258838.800, 140
Trd, 258838.983, 140
Trd, 258839.183, 140
Trd, 258839.233, 140
Trd, 258839.550, 140
Trd, 258839.717, 140
Trd, 258839.817, 140
Trd, 258839.883, 140
Trd, 258840.000, 140
Trd, 258840.167, 139
Trd, 258840.417, 131
Trd, 258840.517, 130
Trd, 258840.883, 137
Trd, 258841.700, 140
Trd, 258841.867, 140
Trd, 258842.067, 140
Trd, 258842.133, 140
Trd, 258842.183, 140
Trd, 258842.500, 140
Trd, 258842.800, 140
Trd, 258843.050, 139
Trd, 258843.683, 140
Trd, 258843.717, 140
Trd, 258843.933, 138
Trd, 258843.983, 120
Trd, 258844.033, 139
Trd, 258844.233, 138
Trd, 258844.517, 137
Trd, 258844.800, 138
Trd, 258844.933, 139
Trd, 258845.200, 140
Trd, 258845.500, 140
Trd, 258846.083, 137
Trd, 258846.283, 136
Trd, 258846.500, 136
Trd, 258846.700, 140
Trd, 258846.733, 135
Trd, 258846.950, 140
Trd, 258847.433, 134
Trd, 258847.633, 140
Trd, 258848.000, 140
Trd, 258848.250, 140
Trd, 258848.550, 140
Trd, 258848.833, 140
Trd, 258849.050, 140
Trd, 258849.217, 140
Trd, 258849.400, 140
Trd, 258849.533, 140
Trd, 258849.833, 140
Trd, 258850.217, 140
Trd, 258850.333, 140
Trd, 258850.383, 140
Trd, 258850.400, 140
Trd, 258850.483, 140
Trd, 258850.583, 140
Trd, 258850.667, 134
Trd, 258851.550, 139
Trd, 258851.683, 140
Trd, 258852.200, 139
Trd, 258852.333, 138
Trd, 258852.700, 140
Trd, 258852.750, 140
Trd, 258852.833, 140
Trd, 258853.217, 128
Trd, 258853.233, 127
Trd, 258853.383, 125
Trd, 258853.500, 140
Trd, 258853.967, 140
Trd, 258854.333, 139
Trd, 258854.367, 139
Trd, 258854.483, 125
Trd, 258854.600, 137
Trd, 258854.850, 124
Trd, 258854.950, 131
Trd, 258855.150, 137
Trd, 258855.317, 138
Trd, 258855.433, 139
Trd, 258855.767, 140
Trd, 258856.000, 140
Trd, 258856.100, 139
Trd, 258857.067, 140
Trd, 258857.100, 140
Trd, 258857.417, 129
Trd, 258857.750, 139
Trd, 258857.900, 128
Trd, 258858.033, 128
Trd, 258858.100, 134
Trd, 258858.483, 132
Trd, 258858.650, 132
Trd, 258858.683, 134
Trd, 258858.750, 130
Trd, 258859.117, 130
Trd, 258859.233, 127
Trd, 258859.583, 124
Trd, 258859.783, 139
Trd, 258859.933, 140
Trd, 258860.133, 136
Trd, 258860.150, 135
Trd, 258860.167, 98
Trd, 258860.517, 139
Trd, 258860.867, 97
Trd, 258860.900, 138
Trd, 258861.200, 92
Trd, 258861.267, 77
Trd, 258861.550, 138
Trd, 258861.700, 113
Trd, 258862.200, 127
Trd, 258862.283, 120
Trd, 258862.317, 112
Trd, 258862.433, 122
Trd, 258862.967, 94
Trd, 258863.700, 132
Trd, 258863.767, 120
Trd, 258863.783, 133
Trd, 258863.867, 133
Trd, 258863.967, 119
Trd, 258864.200, 99
Trd, 258864.833, 138
Trd, 258865.283, 140
Trd, 258865.300, 140
Trd, 258866.233, 140
Trd, 258866.717, 140
Trd, 258866.867, 140
Trd, 258867.167, 140
Trd, 258867.533, 140
Trd, 258867.700, 140
Trd, 258867.750, 140
Trd, 258867.917, 140
Trd, 258867.933, 140
Trd, 258867.983, 140
Trd, 258868.000, 140
Trd, 258868.133, 140
Trd, 258868.267, 140
Trd, 258868.333, 138
Trd, 258868.583, 130
Trd, 258868.733, 129
Trd, 258868.750, 125
Trd, 258868.783, 118
Trd, 258869.333, 137
Trd, 258869.683, 117
Trd, 258869.733, 114
Trd, 258869.800, 138
Trd, 258870.283, 129
Trd, 258870.350, 137
Trd, 258870.733, 140
Trd, 258871.100, 140
Trd, 258871.283, 140
Trd, 258871.617, 139
Trd, 258871.983, 139
Trd, 258873.150, 140
Trd, 258873.683, 140
Trd, 258874.000, 140
Trd, 258874.083, 140
Trd, 258874.117, 140
Trd, 258874.150, 140
Trd, 258874.167, 139
Trd, 258874.233, 140
Trd, 258874.367, 139
Trd, 258874.450, 140
Trd, 258874.567, 140
Trd, 258875.033, 140
Trd, 258875.217, 139
Trd, 258875.417, 139
Trd, 258875.567, 138
Trd, 258875.883, 125
Trd, 258876.283, 125
Trd, 258876.467, 125
Trd, 258877.133, 140
Trd, 258877.183, 140
Trd, 258877.233, 135
Trd, 258877.450, 140
Trd, 258877.567, 137
Trd, 258877.700, 136
Trd, 258877.917, 136
Trd, 258877.950, 136
Trd, 258878.283, 135
Trd, 258878.750, 136
Trd, 258878.917, 125
Trd, 258879.133, 138
Trd, 258879.233, 121
Trd, 258879.317, 138
Trd, 258879.517, 138
Trd, 258879.667, 140
Trd, 258880.650, 140
Trd, 258880.833, 140
Trd, 258881.067, 140
Trd, 258881.100, 140
Trd, 258881.150, 140
Trd, 258881.667, 140
Trd, 258882.167, 140
Trd, 258882.433, 140
Trd, 258882.967, 140
Trd, 258883.250, 140
Trd, 258883.900, 140
Trd, 258884.100, 140
Trd, 258885.083, 140
Trd, 258885.117, 140
Trd, 258885.167, 140
Trd, 258885.183, 140
Trd, 258885.317, 140
Trd, 258885.533, 140
Trd, 258886.050, 140
Trd, 258886.200, 140
Trd, 258886.217, 140
Trd, 258886.250, 140
Trd, 258886.300, 140
Trd, 258886.567, 140
Trd, 258886.650, 140
Trd, 258887.133, 140
Trd, 258887.150, 140
Trd, 258887.250, 140
Trd, 258887.533, 139
Trd, 258888.050, 140
Trd, 258888.350, 140
Trd, 258888.517, 140
Trd, 258888.533, 140
Trd, 258888.550, 140
Trd, 258888.667, 140
Trd, 258888.917, 140
Trd, 258889.067, 140
Trd, 258889.183, 140
Trd, 258889.217, 139
Trd, 258889.433, 140
Trd, 258889.850, 140
Trd, 258890.083, 139
Trd, 258890.300, 139
Trd, 258890.350, 138
Trd, 258891.033, 139
Trd, 258891.383, 140
Trd, 258892.117, 140
Trd, 258892.583, 140
Trd, 258892.817, 140
Trd, 258892.983, 140
Trd, 258893.467, 140
Trd, 258893.550, 140
Trd, 258893.600, 140
Trd, 258893.667, 140
Trd, 258893.733, 139
Trd, 258893.750, 140
Trd, 258893.833, 140
Trd, 258893.967, 139
Trd, 258894.083, 139
Trd, 258894.167, 139
Trd, 258894.183, 140
Trd, 258894.617, 140
Trd, 258895.000, 140
Trd, 258895.217, 140
Trd, 258896.100, 140
Trd, 258896.550, 140
Trd, 258896.617, 140
Trd, 258897.750, 140
Trd, 258897.800, 140
Trd, 258898.033, 140
Trd, 258898.100, 140
Trd, 258898.750, 140
Trd, 258898.850, 140
Trd, 258899.100, 140
Trd, 258899.217, 140
Trd, 258899.283, 140
Trd, 258899.383, 140
Trd, 258899.450, 140
Trd, 258899.500, 139
Trd, 258899.800, 140
Trd, 258900.217, 140
Trd, 258900.383, 140
Trd, 258900.400, 140
Trd, 258900.433, 139
Trd, 258900.700, 140
Trd, 258900.800, 140
Trd, 258901.233, 140
Trd, 258901.550, 140
Trd, 258901.817, 140
Trd, 258902.067, 140
Trd, 258902.133, 138
Trd, 258902.367, 140
Trd, 258902.417, 138
Trd, 258902.433, 137
Trd, 258902.833, 138
Trd, 258902.967, 135
Trd, 258903.183, 134
Trd, 258903.433, 132
Trd, 258903.717, 130
Trd, 258904.133, 100
Trd, 258904.717, 92
Trd, 258904.733, 104
Trd, 258904.867, 92
Trd, 258905.233, 102
Trd, 258905.267, 121
Trd, 258905.650, 121
Trd, 258905.767, 103
Trd, 258906.117, 120
Trd, 258906.267, 121
Trd, 258906.283, 122
Trd, 258906.317, 108
Trd, 258906.883, 108
Trd, 258907.267, 116
Trd, 258907.333, 117
Trd, 258907.467, 118
Trd, 258907.567, 118
Trd, 258907.683, 119
Trd, 258907.950, 118
Trd, 258908.017, 117
Trd, 258908.117, 140
Trd, 258908.483, 140
Trd, 258908.733, 140
Trd, 258908.800, 111
Trd, 258909.000, 140
Trd, 258909.350, 140
Trd, 258909.550, 139
Trd, 258909.567, 139
Trd, 258909.800, 139
Trd, 258910.200, 140
Trd, 258910.733, 140
Trd, 258911.483, 140
Trd, 258912.050, 140
Trd, 258912.317, 140
Trd, 258912.333, 140
Trd, 258912.417, 140
Trd, 258912.433, 140
Trd, 258912.467, 140
Trd, 258912.533, 137
Trd, 258912.633, 131
Trd, 258912.717, 136
Trd, 258912.967, 130
Trd, 258913.017, 88
Trd, 258913.100, 89
Trd, 258913.233, 88
Trd, 258913.333, 87
Trd, 258913.500, 135
Trd, 258913.683, 135
Trd, 258913.717, 125
Trd, 258913.850, 136
Trd, 258914.317, 121
Trd, 258914.500, 140
Trd, 258914.733, 117
Trd, 258915.200, 117
Trd, 258915.350, 138
Trd, 258916.050, 138
Trd, 258916.550, 79
Trd, 258916.900, 140
Trd, 258917.017, 140
Trd, 258917.900, 140
Trd, 258918.083, 140
Trd, 258918.350, 140
Trd, 258918.400, 140
Trd, 258918.517, 140
Trd, 258918.583, 140
Trd, 258918.683, 140
Trd, 258919.183, 140
Trd, 258919.333, 140
Trd, 258919.350, 140
Trd, 258919.583, 140
Trd, 258920.167, 140
Trd, 258920.217, 140
Trd, 258920.283, 140
Trd, 258920.367, 140
Trd, 258920.667, 140
Trd, 258920.783, 140
Trd, 258920.950, 138
Trd, 258921.650, 140
Trd, 258921.683, 139
Trd, 258921.867, 136
Trd, 258922.083, 135
Trd, 258922.117, 134
Trd, 258922.250, 132
Trd, 258922.300, 138
Trd, 258922.500, 112
Trd, 258922.600, 139
Trd, 258922.717, 134
Trd, 258923.517, 140
Trd, 258924.783, 140
Trd, 258924.933, 140
Trd, 258925.533, 140
Trd, 258925.700, 140
Trd, 258926.033, 140
Trd, 258926.117, 140
Trd, 258926.417, 140
Trd, 258926.667, 140
Trd, 258927.017, 140
Trd, 258927.333, 140
Trd, 258927.350, 140
Trd, 258927.450, 140
Trd, 258927.483, 140
Trd, 258927.617, 139
Trd, 258927.750, 140
Trd, 258928.200, 140
Trd, 258928.283, 140
Trd, 258928.400, 140
Trd, 258928.433, 140
Trd, 258928.467, 139
Trd, 258928.700, 140
Trd, 258928.767, 140
Trd, 258930.050, 140
Trd, 258930.117, 140
Trd, 258930.300, 140
Trd, 258930.367, 140
Trd, 258930.483, 140
Trd, 258930.633, 140
Trd, 258930.800, 140
Trd, 258931.000, 140
Trd, 258931.150, 140
Trd, 258931.333, 140
Trd, 258931.667, 140
Trd, 258932.317, 140
Trd, 258932.333, 140
Trd, 258932.533, 140
Trd, 258932.683, 140
Trd, 258932.767, 140
Trd, 258932.983, 140
Trd, 258933.033, 140
Trd, 258933.117, 139
Trd, 258933.250, 139
Trd, 258933.300, 140
Trd, 258933.400, 140
Trd, 258933.933, 139
Trd, 258933.983, 138
Trd, 258934.433, 139
Trd, 258934.567, 138
Trd, 258934.683, 134
Trd, 258934.717, 138
Trd, 258935.050, 137
Trd, 258935.150, 138
Trd, 258935.400, 135
Trd, 258935.467, 134
Trd, 258935.583, 134
Trd, 258935.633, 139
Trd, 258935.867, 138
Trd, 258936.767, 140
Trd, 258937.100, 140
Trd, 258937.183, 140
Trd, 258938.117, 140
Trd, 258938.917, 140
Trd, 258939.150, 140
Trd, 258939.500, 140
Trd, 258939.533, 140
Trd, 258939.583, 140
Trd, 258940.567, 140
Trd, 258940.650, 140
Trd, 258940.817, 140
Trd, 258940.917, 140
Trd, 258941.183, 140
Trd, 258941.750, 140
Trd, 258941.900, 140
Trd, 258942.033, 140
Trd, 258942.400, 140
Trd, 258942.783, 140
Trd, 258942.800, 140
Trd, 258943.233, 140
Trd, 258943.383, 140
Trd, 258943.550, 140
Trd, 258943.767, 140
Trd, 258943.817, 140
Trd, 258944.033, 140
Trd, 258944.050, 140
Trd, 258944.083, 140
Trd, 258944.117, 140
Trd, 258944.200, 140
Trd, 258944.233, 140
Trd, 258944.550, 138
Trd, 258944.867, 138
Trd, 258945.067, 137
Trd, 258945.333, 137
Trd, 258945.467, 136
Trd, 258945.567, 135
Trd, 258945.650, 134
Trd, 258945.817, 128
Trd, 258945.833, 137
Trd, 258945.867, 127
Trd, 258945.950, 114
Trd, 258946.367, 140
Trd, 258946.600, 140
Trd, 258946.717, 140
Trd, 258947.050, 140
Trd, 258947.317, 140
Trd, 258948.100, 140
Trd, 258948.917, 140
Trd, 258949.017, 140
Trd, 258950.100, 140
Trd, 258950.333, 140
Trd, 258950.350, 140
Trd, 258950.667, 140
Trd, 258950.950, 140
Trd, 258951.200, 140
Trd, 258951.433, 140
Trd, 258951.483, 140
Trd, 258951.817, 140
Trd, 258951.983, 140
Trd, 258952.050, 140
Trd, 258952.067, 140
Trd, 258952.167, 140
Trd, 258952.250, 138
Trd, 258952.433, 140
Trd, 258952.667, 137
Trd, 258953.017, 134
Trd, 258953.350, 127
Trd, 258953.383, 125
Trd, 258953.833, 134
Trd, 258954.083, 126
Trd, 258954.483, 128
Trd, 258954.533, 127
Trd, 258954.550, 126
Trd, 258954.867, 131
Trd, 258954.950, 125
Trd, 258955.117, 132
Trd, 258955.217, 140
Trd, 258955.250, 124
Trd, 258955.667, 124
Trd, 258956.767, 140
Trd, 258956.933, 140
Trd, 258957.167, 140
Trd, 258957.650, 140
Trd, 258957.900, 140
Trd, 258957.950, 140
Trd, 258958.550, 140
Trd, 258958.833, 140
Trd, 258958.933, 140
Trd, 258959.050, 139
Trd, 258959.267, 140
Trd, 258959.400, 140
Trd, 258959.550, 140
Trd, 258959.583, 140
Trd, 258959.667, 139
Trd, 258960.017, 139
Trd, 258960.117, 140
Trd, 258960.150, 137
Trd, 258960.200, 140
Trd, 258960.650, 137
Trd, 258961.283, 123
Trd, 258961.483, 140
Trd, 258961.767, 140
Trd, 258961.967, 140
Trd, 258962.000, 140
Trd, 258962.183, 140
Trd, 258962.450, 140
Trd, 258963.067, 140
Trd, 258963.333, 140
Trd, 258963.367, 140
Trd, 258963.483, 140
Trd, 258963.617, 140
Trd, 258963.800, 140
Trd, 258963.900, 139
Trd, 258963.917, 135
Trd, 258964.150, 120
Trd, 258964.367, 140
Trd, 258964.833, 139
Trd, 258964.900, 139
Trd, 258964.917, 139
Trd, 258965.167, 139
Trd, 258965.433, 140
Trd, 258965.467, 139
Trd, 258965.500, 138
Trd, 258966.317, 140
Trd, 258966.417, 140
Trd, 258966.567, 139
Trd, 258966.700, 136
Trd, 258966.817, 139
Trd, 258966.833, 127
Trd, 258966.950, 125
Trd, 258967.017, 124
Trd, 258967.233, 137
Trd, 258967.283, 136
Trd, 258967.367, 140
Trd, 258967.667, 89
Trd, 258967.967, 139
Trd, 258968.067, 138
Trd, 258968.317, 103
Trd, 258969.717, 140
Trd, 258969.800, 140
Trd, 258969.850, 140
Trd, 258970.283, 140
Trd, 258970.300, 140
Trd, 258970.483, 140
Trd, 258970.517, 140
Trd, 258970.600, 130
Trd, 258970.667, 129
Trd, 258971.033, 140
Trd, 258971.367, 140
Trd, 258971.733, 140
Trd, 258971.833, 140
Trd, 258972.133, 139
Trd, 258972.467, 137
Trd, 258972.700, 139
Trd, 258973.383, 139
Trd, 258973.483, 136
Trd, 258973.667, 140
Trd, 258974.433, 140
Trd, 258974.717, 140
Trd, 258974.783, 140
Trd, 258974.850, 140
Trd, 258974.983, 140
Trd, 258975.033, 140
Trd, 258975.067, 140
Trd, 258975.200, 139
Trd, 258975.233, 137
Trd, 258975.333, 139
Trd, 258975.717, 140
Trd, 258975.967, 140
Trd, 258976.050, 140
Trd, 258976.283, 139
Trd, 258976.617, 139
Trd, 258976.733, 138
Trd, 258976.867, 139
Trd, 258977.033, 137
Trd, 258977.467, 136
Trd, 258977.617, 138
Trd, 258977.650, 137
Trd, 258977.917, 136
Trd, 258978.183, 124
Trd, 258978.333, 139
Trd, 258978.683, 137
Trd, 258978.933, 138
Trd, 258979.000, 139
Trd, 258979.517, 140
Trd, 258979.633, 118
Trd, 258979.933, 135
Trd, 258980.350, 138
Trd, 258980.500, 137
Trd, 258980.567, 139
Trd, 258980.650, 140
Trd, 258980.833, 139
Trd, 258981.383, 140
Trd, 258982.533, 140
Trd, 258983.717, 140
Trd, 258983.750, 140
Trd, 258983.833, 140
Trd, 258983.933, 140
Trd, 258983.950, 140
Trd, 258983.983, 140
Trd, 258984.417, 140
Trd, 258984.517, 140
Trd, 258984.617, 140
Trd, 258984.833, 140
Trd, 258984.883, 140
Trd, 258984.967, 140
Trd, 258985.017, 140
Trd, 258985.083, 140
Trd, 258985.283, 140
Trd, 258985.333, 139
Trd, 258985.700, 140
Trd, 258985.983, 140
Trd, 258986.500, 140
Trd, 258986.533, 140
Trd, 258986.667, 139
Trd, 258986.717, 139
Trd, 258986.800, 138
Trd, 258986.983, 139
Trd, 258987.083, 137
Trd, 258987.517, 140
Trd, 258987.683, 140
Trd, 258987.750, 140
Trd, 258988.050, 140
Trd, 258988.450, 140
Trd, 258989.517, 140
Trd, 258990.100, 140
Trd, 258990.317, 140
Trd, 258990.400, 140
Trd, 258990.650, 140
Trd, 258990.867, 140
Trd, 258990.900, 140
Trd, 258991.133, 139
Trd, 258991.150, 140
Trd, 258991.267, 139
Trd, 258991.333, 140
Trd, 258991.400, 136
Trd, 258991.783, 139
Trd, 258991.800, 135
Trd, 258992.067, 112
Trd, 258992.533, 140
Trd, 258992.650, 140
Trd, 258992.967, 140
Trd, 258993.267, 140
Trd, 258993.350, 139
Trd, 258993.417, 130
Trd, 258993.633, 120
Trd, 258993.950, 104
Trd, 258994.050, 99
Trd, 258994.200, 84
Trd, 258994.750, 127
Trd, 258994.917, 115
Trd, 258994.950, 113
Trd, 258995.200, 140
Trd, 258995.383, 140
Trd, 258995.600, 140
Trd, 258995.633, 140
Trd, 258996.183, 140
Trd, 258996.267, 106
Trd, 258996.633, 83
Trd, 258996.933, 138
Trd, 258997.133, 137
Trd, 258997.717, 140
Trd, 258997.767, 139
Trd, 258997.800, 138
Trd, 258998.233, 140
Trd, 258998.350, 140
Trd, 258998.367, 140
Trd, 258998.450, 140
Trd, 258998.467, 136
Trd, 258998.667, 138
Trd, 258999.017, 140
Trd, 258999.033, 139
Trd, 258999.350, 138
Trd, 258999.650, 140
Trd, 258999.750, 140
Trd, 259000.067, 140
Trd, 259000.533, 139
Trd, 259001.083, 140
Trd, 259001.250, 140
Trd, 259001.500, 140
Trd, 259001.800, 140
Trd, 259002.117, 140
Trd, 259002.150, 140
Trd, 259002.383, 140
Trd, 259002.483, 140
Trd, 259002.600, 140
Trd, 259002.950, 140
Trd, 259003.150, 140
Trd, 259003.333, 140
Trd, 259003.667, 140
Trd, 259003.883, 140
Trd, 259003.933, 140
Trd, 259003.950, 139
Trd, 259004.117, 140
Trd, 259004.367, 140
Trd, 259004.567, 139
Trd, 259004.617, 140
Trd, 259005.533, 140
Trd, 259005.917, 140
Trd, 259005.983, 140
Trd, 259006.200, 140
Trd, 259006.267, 140
Trd, 259006.317, 140
Trd, 259006.450, 140
Trd, 259007.233, 140
Trd, 259007.317, 139
Trd, 259007.417, 136
Trd, 259007.567, 140
Trd, 259007.583, 137
Trd, 259007.617, 128
Trd, 259007.767, 138
Trd, 259008.517, 116
Trd, 259008.733, 118
Trd, 259008.867, 121
Trd, 259009.117, 102
Trd, 259009.467, 137
Trd, 259009.933, 136
Trd, 259010.033, 136
Trd, 259010.117, 106
Trd, 259010.133, 137
Trd, 259010.167, 105
Trd, 259010.333, 138
Trd, 259010.467, 127
Trd, 259010.667, 140
Trd, 259011.550, 140
Trd, 259012.183, 140
Trd, 259012.267, 140
Trd, 259012.800, 140
Trd, 259013.200, 140
Trd, 259013.367, 140
Trd, 259013.617, 140
Trd, 259013.883, 140
Trd, 259014.167, 140
Trd, 259014.933, 140
Trd, 259015.083, 140
Trd, 259015.200, 140
Trd, 259015.317, 140
Trd, 259015.767, 140
Trd, 259016.233, 140
Trd, 259016.633, 140
Trd, 259016.833, 140
Trd, 259017.017, 140
Trd, 259017.417, 140
Trd, 259017.450, 140
Trd, 259017.550, 140
Trd, 259017.767, 140
Trd, 259017.783, 140
Trd, 259017.983, 140
Trd, 259018.033, 139
Trd, 259018.050, 139
Trd, 259018.433, 138
Trd, 259018.967, 138
Trd, 259019.083, 138
Trd, 259019.233, 137
Trd, 259019.467, 136
Trd, 259019.583, 109
Trd, 259020.350, 116
Trd, 259020.483, 106
Trd, 259020.700, 117
Trd, 259020.900, 116
Trd, 259021.000, 118
Trd, 259021.017, 119
Trd, 259021.100, 120
Trd, 259021.300, 112
Trd, 259022.183, 119
Trd, 259022.383, 121
Trd, 259022.450, 122
Trd, 259022.700, 121
Trd, 259023.150, 130
Trd, 259023.300, 140
Trd, 259023.450, 121
Trd, 259023.617, 137
Trd, 259024.167, 140
Trd, 259024.400, 140
Trd, 259024.417, 140
Trd, 259024.483, 140
Trd, 259024.817, 140
Trd, 259025.000, 140
Trd, 259025.133, 140
Trd, 259025.400, 140
Trd, 259025.467, 139
Trd, 259025.517, 139
Trd, 259025.750, 138
Trd, 259026.033, 137
Trd, 259026.250, 136
Trd, 259026.317, 137
Trd, 259026.383, 140
Trd, 259026.917, 136
Trd, 259026.967, 135
Trd, 259027.050, 133
Trd, 259027.200, 123
Trd, 259027.233, 73
Trd, 259027.467, 137
Trd, 259027.767, 137
Trd, 259028.150, 73
Trd, 259028.550, 135
Trd, 259028.817, 138
Trd, 259029.017, 79
Trd, 259029.050, 78
Trd, 259029.150, 77
Trd, 259029.167, 76
Trd, 259029.183, 138
Trd, 259029.700, 98
Trd, 259029.783, 79
Trd, 259030.167, 135
Trd, 259030.233, 134
Trd, 259030.500, 137
Trd, 259030.567, 136
Trd, 259031.483, 140
Trd, 259031.733, 140
Trd, 259032.367, 140
Trd, 259032.633, 140
Trd, 259032.717, 140
Trd, 259032.850, 139
Trd, 259033.100, 140
Trd, 259033.767, 140
Trd, 259034.067, 140
Trd, 259034.100, 140
Trd, 259034.433, 140
Trd, 259034.483, 140
Trd, 259034.517, 140
Trd, 259034.683, 140
Trd, 259034.750, 137
Trd, 259035.583, 134
Trd, 259035.633, 126
Trd, 259035.983, 125
Trd, 259036.317, 132
Trd, 259036.483, 133
Trd, 259036.600, 135
Trd, 259036.800, 138
Trd, 259037.050, 135
Trd, 259037.233, 134
Trd, 259037.583, 128
Trd, 259037.750, 127
Trd, 259037.900, 127
Trd, 259038.000, 127
Trd, 259038.033, 126
Trd, 259038.050, 124
Trd, 259038.150, 137
Trd, 259038.233, 138
Trd, 259038.250, 137
Trd, 259039.283, 139
Trd, 259039.933, 140
Trd, 259040.133, 140
Trd, 259040.217, 140
Trd, 259040.883, 140
Trd, 259041.050, 140
Trd, 259041.333, 140
Trd, 259041.550, 140
Trd, 259041.650, 140
Trd, 259042.033, 140
Trd, 259042.050, 140
Trd, 259042.267, 140
Trd, 259042.500, 140
Trd, 259042.683, 140
Trd, 259042.983, 140
Trd, 259043.150, 140
Trd, 259043.333, 140
Trd, 259043.650, 140
Trd, 259043.767, 140
Trd, 259043.817, 140
Trd, 259044.067, 140
Trd, 259044.283, 140
Trd, 259044.333, 140
Trd, 259044.983, 140
Trd, 259045.100, 140
Trd, 259045.183, 140
Trd, 259045.350, 140
Trd, 259045.583, 140
Trd, 259045.633, 140
Trd, 259045.783, 140
Trd, 259045.933, 139
Trd, 259046.117, 133
Trd, 259046.750, 140
Trd, 259046.883, 139
Trd, 259047.367, 135
Trd, 259047.483, 94
Trd, 259048.017, 86
Trd, 259048.100, 85
Trd, 259048.300, 137
Trd, 259048.450, 110
Trd, 259048.933, 128
Trd, 259049.150, 134
Trd, 259049.433, 83
Trd, 259049.717, 130
Trd, 259049.817, 135
Trd, 259049.867, 88
Trd, 259049.900, 87
Trd, 259050.317, 140
Trd, 259050.333, 140
Trd, 259050.717, 140
Trd, 259050.767, 140
Trd, 259050.900, 140
Trd, 259051.367, 140
Trd, 259051.417, 140
Trd, 259051.717, 140
Trd, 259052.100, 140
Trd, 259052.367, 140
Trd, 259052.617, 134
Trd, 259052.633, 137
Trd, 259052.950, 126
Trd, 259052.983, 133
Trd, 259053.000, 62
Trd, 259053.050, 137
Trd, 259053.200, 138
Trd, 259053.450, 134
Trd, 259053.817, 88
Trd, 259053.933, 88
Trd, 259054.050, 138
Trd, 259054.217, 139
Trd, 259054.567, 100
Trd, 259054.583, 91
Trd, 259054.733, 102
Trd, 259055.000, 118
Trd, 259055.883, 140
Trd, 259055.917, 140
Trd, 259056.133, 140
Trd, 259056.800, 140
Trd, 259057.050, 140
Trd, 259057.367, 140
Trd, 259057.383, 140
Trd, 259057.700, 140
Trd, 259058.633, 140
Trd, 259058.667, 140
Trd, 259058.833, 140
Trd, 259058.917, 140
Trd, 259059.117, 140
Trd, 259059.250, 140
Trd, 259059.333, 140
Trd, 259059.567, 140
Trd, 259059.617, 140
Trd, 259059.833, 140
Trd, 259060.033, 140
Trd, 259060.100, 140
Trd, 259060.217, 140
Trd, 259060.517, 140
Trd, 259060.650, 140
Trd, 259060.767, 139
Trd, 259060.800, 138
Trd, 259061.100, 135
Trd, 259061.150, 131
Trd, 259061.217, 138
Trd, 259061.717, 140
Trd, 259062.000, 140
Trd, 259062.183, 140
Trd, 259062.317, 140
Trd, 259062.450, 140
Trd, 259062.950, 140
Trd, 259063.117, 140
Trd, 259064.117, 140
Trd, 259064.317, 140
Trd, 259064.400, 140
Trd, 259065.100, 140
Trd, 259065.617, 140
Trd, 259065.650, 140
Trd, 259065.817, 140
Trd, 259066.017, 140
Trd, 259066.217, 140
Trd, 259066.467, 140
Trd, 259066.517, 139
Trd, 259066.567, 139
Trd, 259066.633, 139
Trd, 259066.917, 140
Trd, 259067.033, 140
Trd, 259067.067, 140
Trd, 259067.083, 139
Trd, 259067.600, 139
Trd, 259067.933, 138
Trd, 259068.283, 137
Trd, 259068.350, 137
Trd, 259068.450, 136
Trd, 259068.517, 137
Trd, 259068.600, 138
Trd, 259068.767, 140
Trd, 259068.867, 135
Trd, 259068.900, 134
Trd, 259069.100, 133
Trd, 259069.350, 138
Trd, 259069.450, 139
Trd, 259069.850, 103
Trd, 259070.167, 132
Trd, 259070.250, 131
Trd, 259070.550, 93
Trd, 259070.983, 129
Trd, 259071.133, 66
Trd, 259071.200, 133
Trd, 259071.450, 135
Trd, 259072.217, 134
Trd, 259072.350, 135
Trd, 259072.533, 134
Trd, 259072.650, 133
Trd, 259073.150, 90
Trd, 259073.517, 88
Trd, 259073.633, 130
Trd, 259073.683, 89
Trd, 259074.033, 129
Trd, 259074.117, 131
Trd, 259074.167, 133
Trd, 259074.833, 140
Trd, 259075.250, 140
Trd, 259075.283, 140
Trd, 259075.450, 140
Trd, 259075.650, 140
Trd, 259075.783, 140
Trd, 259075.883, 140
Trd, 259075.933, 140
Trd, 259076.300, 140
Trd, 259076.433, 140
Trd, 259076.883, 140
Trd, 259077.067, 140
Trd, 259077.317, 140
Trd, 259077.500, 140
Trd, 259077.583, 139
Trd, 259077.800, 139
Trd, 259077.983, 137
Trd, 259078.150, 136
Trd, 259078.183, 124
Trd, 259078.333, 137
Trd, 259078.517, 134
Trd, 259078.667, 139
Trd, 259078.967, 138
Trd, 259079.000, 139
Trd, 259079.433, 136
Trd, 259079.583, 114
Trd, 259079.967, 140
Trd, 259080.350, 140
Trd, 259080.500, 140
Trd, 259080.667, 140
Trd, 259080.983, 140
Trd, 259081.067, 140
Trd, 259081.400, 140
Trd, 259081.733, 140
Trd, 259082.233, 140
Trd, 259082.267, 140
Trd, 259082.700, 138
Trd, 259082.883, 138
Trd, 259083.300, 139
Trd, 259083.367, 139
Trd, 259083.450, 139
Trd, 259083.583, 133
Trd, 259083.883, 140
Trd, 259084.050, 140
Trd, 259084.133, 140
Trd, 259084.400, 139
Trd, 259084.833, 131
Trd, 259084.850, 137
Trd, 259085.000, 133
Trd, 259085.050, 130
Trd, 259085.067, 118
Trd, 259085.467, 131
Trd, 259085.500, 136
Trd, 259086.350, 95
Trd, 259086.617, 107
Trd, 259086.650, 106
Trd, 259086.917, 89
Trd, 259087.033, 131
Trd, 259087.217, 61
Trd, 259087.483, 65
Trd, 259087.567, 64
Trd, 259087.733, 60
Trd, 259088.133, 66
Trd, 259088.333, 75
Trd, 259088.350, 76
Trd, 259088.383, 77
Trd, 259088.500, 117
Trd, 259089.233, 60
Trd, 259089.533, 60
Trd, 259089.550, 69
Trd, 259089.900, 64
Trd, 259090.417, 84
Trd, 259090.567, 86
Trd, 259090.667, 86
Trd, 259090.817, 125
Trd, 259091.000, 71
Trd, 259091.750, 139
Trd, 259092.083, 135
Trd, 259092.317, 135
Trd, 259092.350, 134
Trd, 259092.650, 140
Trd, 259092.667, 140
Trd, 259092.733, 125
Trd, 259092.750, 123
Trd, 259092.900, 114
Trd, 259092.983, 113
Trd, 259093.217, 140
Trd, 259093.267, 139
Trd, 259093.400, 132
Trd, 259093.767, 134
Trd, 259093.817, 139
Trd, 259094.400, 140
Trd, 259094.517, 138
Trd, 259095.567, 140
Trd, 259095.617, 140
Trd, 259096.033, 140
Trd, 259096.483, 140
Trd, 259097.167, 140
Trd, 259097.450, 140
Trd, 259097.683, 140
Trd, 259098.067, 140
Trd, 259098.217, 140
Trd, 259098.467, 140
Trd, 259098.483, 140
Trd, 259098.500, 140
Trd, 259098.767, 140
Trd, 259098.833, 140
Trd, 259098.850, 140
Trd, 259098.900, 140
Trd, 259099.200, 140
Trd, 259099.417, 140
Trd, 259099.683, 140
Trd, 259100.367, 140
Trd, 259100.650, 140
Trd, 259100.783, 140
Trd, 259100.800, 140
Trd, 259101.050, 139
Trd, 259101.217, 139
Trd, 259101.317, 139
Trd, 259101.350, 140
Trd, 259101.500, 140
Trd, 259101.750, 139
Trd, 259101.883, 122
Trd, 259102.050, 128
Trd, 259102.167, 108
Trd, 259102.733, 131
Trd, 259102.983, 138
Trd, 259103.050, 131
Trd, 259103.133, 130
Trd, 259103.333, 139
Trd, 259103.417, 129
Trd, 259103.550, 128
Trd, 259103.833, 139
Trd, 259104.117, 139
Trd, 259104.500, 140
Trd, 259104.600, 139
Trd, 259105.667, 140
Trd, 259105.750, 140
Trd, 259105.950, 140
Trd, 259106.250, 140
Trd, 259106.433, 140
Trd, 259106.950, 140
Trd, 259107.350, 140
Trd, 259107.517, 140
Trd, 259108.267, 140
Trd, 259108.367, 140
Trd, 259108.417, 140
Trd, 259108.500, 140
Trd, 259108.517, 140
Trd, 259108.533, 137
Trd, 259108.733, 122
Trd, 259109.600, 140
Trd, 259109.617, 140
Trd, 259110.133, 140
Trd, 259110.333, 140
Trd, 259110.367, 140
Trd, 259110.550, 140
Trd, 259110.767, 140
Trd, 259110.800, 140
Trd, 259111.050, 140
Trd, 259111.667, 140
Trd, 259111.917, 140
Trd, 259112.250, 140
Trd, 259112.367, 140
Trd, 259112.400, 140
Trd, 259112.467, 140
Trd, 259112.483, 140
Trd, 259112.533, 140
Trd, 259112.583, 140
Trd, 259112.650, 140
Trd, 259112.967, 140
Trd, 259113.083, 139
Trd, 259113.283, 129
Trd, 259113.333, 92
Trd, 259113.450, 120
Trd, 259113.750, 138
Trd, 259114.067, 117
Trd, 259114.417, 140
Trd, 259115.350, 140
Trd, 259115.550, 140
Trd, 259115.750, 140
Trd, 259116.700, 140
Trd, 259116.817, 140
Trd, 259116.933, 140
Trd, 259117.033, 140
Trd, 259117.117, 140
Trd, 259117.733, 140
Trd, 259117.917, 140
Trd, 259118.217, 140
Trd, 259118.400, 140
Trd, 259118.433, 140
Trd, 259118.500, 140
Trd, 259118.567, 140
Trd, 259118.767, 140
Trd, 259119.333, 140
Trd, 259119.583, 140
Trd, 259119.800, 140
Trd, 259119.817, 140
Trd, 259120.050, 139
Trd, 259120.417, 140
Trd, 259120.450, 139
Trd, 259120.583, 140
Trd, 259120.867, 139
Trd, 259120.900, 138
Trd, 259121.083, 138
Trd, 259121.283, 140
Trd, 259121.350, 139
Trd, 259121.950, 139
Trd, 259122.050, 139
Trd, 259122.267, 138
Trd, 259122.367, 137
Trd, 259122.933, 140
Trd, 259123.200, 138
Trd, 259123.617, 140
Trd, 259123.750, 140
Trd, 259123.833, 139
Trd, 259124.050, 138
Trd, 259124.533, 140
Trd, 259124.900, 140
Trd, 259124.917, 138
Trd, 259125.417, 140
Trd, 259125.983, 140
Trd, 259126.067, 140
Trd, 259126.200, 140
Trd, 259126.400, 140
Trd, 259126.567, 140
Trd, 259126.617, 140
Trd, 259128.233, 140
Trd, 259128.367, 140
Trd, 259128.550, 140
Trd, 259128.750, 140
Trd, 259129.317, 140
Trd, 259129.483, 140
Trd, 259129.500, 140
Trd, 259129.583, 140
Trd, 259129.667, 140
Trd, 259129.733, 140
Trd, 259129.833, 140
Trd, 259129.967, 140
Trd, 259130.050, 140
Trd, 259130.200, 140
Trd, 259130.650, 140
Trd, 259130.900, 140
Trd, 259131.133, 140
Trd, 259131.367, 140
Trd, 259131.533, 140
Trd, 259131.833, 140
Trd, 259132.200, 140
Trd, 259132.250, 140
Trd, 259132.267, 139
Trd, 259132.550, 137
Trd, 259132.700, 136
Trd, 259132.750, 137
Trd, 259132.783, 133
Trd, 259133.133, 133
Trd, 259133.233, 131
Trd, 259133.350, 134
Trd, 259133.617, 131
Trd, 259133.633, 139
Trd, 259134.033, 140
Trd, 259134.100, 138
Trd, 259134.350, 135
Trd, 259134.883, 136
Trd, 259134.950, 135
Trd, 259135.450, 139
Trd, 259135.667, 140
Trd, 259135.900, 140
Trd, 259136.083, 140
Trd, 259136.550, 140
Trd, 259137.183, 140
Trd, 259137.267, 140
Trd, 259137.317, 139
Trd, 259137.583, 139
Trd, 259138.383, 140
Trd, 259138.617, 140
Trd, 259139.017, 140
Trd, 259139.200, 140
Trd, 259139.300, 140
Trd, 259139.383, 140
Trd, 259139.467, 140
Trd, 259139.550, 140
Trd, 259140.233, 139
Trd, 259140.300, 139
Trd, 259140.350, 139
Trd, 259140.433, 139
Trd, 259140.517, 138
Trd, 259140.817, 118
Trd, 259141.067, 138
Trd, 259141.167, 139
Trd, 259141.667, 140
Trd, 259142.033, 140
Trd, 259142.217, 140
Trd, 259142.333, 140
Trd, 259142.717, 140
Trd, 259143.183, 140
Trd, 259143.450, 140
Trd, 259143.983, 140
Trd, 259144.000, 140
Trd, 259144.200, 140
Trd, 259144.400, 140
Trd, 259144.583, 140
Trd, 259144.717, 140
Trd, 259145.400, 140
Trd, 259145.800, 140
Trd, 259145.850, 140
Trd, 259145.900, 140
Trd, 259145.917, 140
Trd, 259146.033, 140
Trd, 259146.150, 140
Trd, 259146.283, 140
Trd, 259146.333, 140
Trd, 259146.467, 140
Trd, 259146.600, 140
Trd, 259146.617, 140
Trd, 259146.800, 137
Trd, 259147.283, 135
Trd, 259147.367, 133
Trd, 259147.683, 140
Trd, 259147.717, 140
Trd, 259147.767, 114
Trd, 259147.850, 140
Trd, 259148.017, 140
Trd, 259148.383, 140
Trd, 259148.800, 118
Trd, 259149.550, 140
Trd, 259150.483, 140
Trd, 259150.683, 140
Trd, 259150.700, 140
Trd, 259150.717, 140
Trd, 259150.933, 140
Trd, 259151.033, 140
Trd, 259151.133, 140
Trd, 259151.633, 140
Trd, 259151.850, 140
Trd, 259152.233, 140
Trd, 259152.350, 140
Trd, 259152.450, 139
Trd, 259152.583, 139
Trd, 259152.700, 139
Trd, 259152.850, 140
Trd, 259152.917, 139
Trd, 259153.000, 138
Trd, 259153.050, 137
Trd, 259153.117, 134
Trd, 259153.167, 130
Trd, 259153.367, 137
Trd, 259153.417, 140
Trd, 259154.350, 140
Trd, 259154.783, 140
Trd, 259154.850, 140
Trd, 259154.867, 140
Trd, 259154.917, 139
Trd, 259155.517, 140
Trd, 259156.150, 140
Trd, 259156.167, 140
Trd, 259156.233, 140
Trd, 259156.583, 140
Trd, 259156.633, 140
Trd, 259156.733, 140
Trd, 259156.933, 140
Trd, 259157.033, 140
Trd, 259157.533, 140
Trd, 259158.250, 140
Trd, 259158.917, 140
Trd, 259158.933, 140
Trd, 259159.217, 140
Trd, 259159.917, 140
Trd, 259160.017, 140
Trd, 259160.083, 140
Trd, 259160.117, 140
Trd, 259160.233, 140
Trd, 259160.700, 137
Trd, 259160.783, 140
Trd, 259160.800, 121
Trd, 259160.967, 121
Trd, 259161.233, 120
Trd, 259161.433, 126
Trd, 259161.500, 138
Trd, 259161.717, 136
Trd, 259161.733, 138
Trd, 259161.783, 116
Trd, 259162.250, 115
Trd, 259162.583, 104
Trd, 259162.750, 95
Trd, 259162.767, 94
Trd, 259162.967, 133
Trd, 259163.000, 134
Trd, 259163.067, 137
Trd, 259163.117, 93
Trd, 259163.300, 108
Trd, 259163.450, 139
Trd, 259164.417, 140
Trd, 259164.850, 140
Trd, 259165.217, 140
Trd, 259165.350, 140
Trd, 259165.417, 140
Trd, 259165.500, 140
Trd, 259165.533, 140
Trd, 259166.017, 140
Trd, 259166.067, 140
Trd, 259167.250, 140
Trd, 259167.317, 140
Trd, 259167.417, 140
Trd, 259167.517, 140
Trd, 259168.267, 140
Trd, 259168.350, 140
Trd, 259168.967, 140
Trd, 259169.017, 140
Trd, 259169.250, 140
Trd, 259169.517, 140
Trd, 259169.950, 140
Trd, 259170.067, 140
Trd, 259170.300, 140
Trd, 259170.500, 140
Trd, 259170.550, 140
Trd, 259170.583, 140
Trd, 259170.767, 140
Trd, 259170.800, 140
Trd, 259170.983, 140
Trd, 259171.317, 140
Trd, 259171.333, 140
Trd, 259172.067, 140
Trd, 259172.183, 140
Trd, 259172.233, 140
Trd, 259172.383, 140
Trd, 259172.400, 140
Trd, 259172.767, 140
Trd, 259172.783, 140
Trd, 259173.150, 140
Trd, 259173.267, 140
Trd, 259173.950, 140
Trd, 259174.067, 140
Trd, 259174.167, 140
Trd, 259174.250, 140
Trd, 259174.317, 140
Trd, 259174.417, 140
Trd, 259174.467, 140
Trd, 259174.667, 140
Trd, 259175.033, 140
Trd, 259175.500, 140
Trd, 259175.783, 140
Trd, 259175.867, 140
Trd, 259175.883, 140
Trd, 259176.283, 140
Trd, 259176.550, 139
Trd, 259177.267, 140
Trd, 259177.767, 140
Trd, 259177.900, 140
Trd, 259178.167, 140
Trd, 259178.217, 140
Trd, 259179.133, 140
Trd, 259179.600, 140
Trd, 259179.633, 140
Trd, 259179.867, 140
Trd, 259179.883, 140
Trd, 259179.900, 140
Trd, 259180.000, 140
Trd, 259180.083, 140
Trd, 259180.350, 140
Trd, 259181.017, 140
Trd, 259181.100, 140
Trd, 259181.167, 139
Trd, 259181.217, 139
Trd, 259181.267, 140
Trd, 259181.700, 140
Trd, 259181.750, 139
Trd, 259182.217, 139
Trd, 259182.483, 139
Trd, 259182.583, 140
Trd, 259182.600, 136
Trd, 259182.617, 132
Trd, 259182.850, 140
Trd, 259182.900, 99
Trd, 259183.350, 128
Trd, 259183.783, 94
Trd, 259183.933, 130
Trd, 259184.217, 65
Trd, 259184.750, 60
Trd, 259185.167, 60
Trd, 259185.233, 60
Trd, 259185.633, 60
Trd, 259185.817, 60
Trd, 259186.017, 60
Trd, 259186.183, 60
Trd, 259186.217, 61
Trd, 259186.333, 61
Trd, 259186.667, 140
Trd, 259186.983, 140
Trd, 259187.150, 140
Trd, 259187.333, 140
Trd, 259187.550, 140
Trd, 259187.983, 140
Trd, 259188.017, 140
Trd, 259188.100, 140
Trd, 259188.117, 140
Trd, 259188.817, 140
Trd, 259189.033, 140
Trd, 259189.717, 140
Trd, 259189.750, 140
Trd, 259189.783, 140
Trd, 259189.833, 140
Trd, 259190.100, 140
Trd, 259190.450, 140
Trd, 259190.550, 138
Trd, 259190.767, 138
Trd, 259190.833, 138
Trd, 259190.917, 137
Trd, 259191.017, 138
Trd, 259191.067, 139
Trd, 259191.233, 136
Trd, 259191.400, 118
Trd, 259191.550, 118
Trd, 259192.083, 135
Trd, 259192.117, 136
Trd, 259192.617, 136
Trd, 259192.633, 135
Trd, 259192.867, 137
Trd, 259193.033, 119
Trd, 259193.083, 118
Trd, 259193.433, 140
Trd, 259193.733, 127
Trd, 259194.067, 140
Trd, 259194.283, 137
Trd, 259194.417, 138
Trd, 259195.450, 140
Trd, 259195.683, 140
Trd, 259196.133, 140
Trd, 259196.200, 140
Trd, 259196.333, 140
Trd, 259196.450, 140
Trd, 259196.767, 140
Trd, 259197.300, 140
Trd, 259197.433, 140
Trd, 259197.667, 140
Trd, 259197.750, 140
Trd, 259198.117, 140
Trd, 259198.183, 140
Trd, 259198.333, 139
Trd, 259198.517, 140
Trd, 259198.900, 139
Trd, 259199.017, 139
Trd, 259199.517, 139
Trd, 259199.533, 139
Trd, 259199.767, 140
Trd, 259199.983, 139
Trd, 259200.000, 138
