Trd, 258570.950, 104
Trd, 258571.083, 101
Trd, 258571.733, 140
Trd, 258571.933, 134
Trd, 258571.967, 134
Trd, 258572.600, 131
Trd, 258572.650, 130
Trd, 258572.867, 124
Trd, 258573.367, 134
Trd, 258573.783, 127
Trd, 258573.800, 125
Trd, 258573.817, 108
Trd, 258574.017, 129
Trd, 258574.250, 119
Trd, 258574.683, 116
Trd, 258574.883, 113
Trd, 258575.300, 124
Trd, 258575.333, 119
Trd, 258575.700, 119
Trd, 258575.817, 124
Trd, 258576.667, 124
Trd, 258576.917, 111
Trd, 258576.933, 109
Trd, 258576.983, 115
Trd, 258577.800, 131
Trd, 258577.967, 136
Trd, 258578.000, 135
Trd, 258578.433, 126
Trd, 258578.667, 120
Trd, 258578.800, 113
Trd, 258578.917, 131
Trd, 258579.100, 108
Trd, 258579.433, 138
Trd, 258579.550, 128
Trd, 258579.567, 107
Trd, 258579.633, 103
Trd, 258579.850, 96
Trd, 258579.917, 94
Trd, 258579.933, 132
Trd, 258580.383, 92
Trd, 258580.767, 116
Trd, 258580.833, 90
Trd, 258581.533, 103
Trd, 258581.550, 97
Trd, 258581.633, 107
Trd, 258581.900, 108
Trd, 258581.967, 109
Trd, 258582.133, 104
Trd, 258582.467, 102
Trd, 258582.583, 100
Trd, 258582.783, 101
Trd, 258582.833, 97
Trd, 258583.283, 113
Trd, 258583.400, 120
Trd, 258583.917, 117
Trd, 258584.050, 111
Trd, 258584.167, 127
Trd, 258584.250, 110
Trd, 258585.567, 132
Trd, 258585.900, 127
Trd, 258585.983, 123
Trd, 258586.033, 122
Trd, 258586.233, 132
Trd, 258586.317, 132
Trd, 258586.350, 116
Trd, 258586.583, 121
Trd, 258586.917, 114
Trd, 258587.367, 121
Trd, 258587.450, 118
Trd, 258587.950, 122
Trd, 258588.567, 139
Trd, 258588.750, 137
Trd, 258589.050, 128
Trd, 258589.300, 136
Trd, 258589.383, 125
Trd, 258589.400, 120
Trd, 258589.567, 116
Trd, 258589.650, 114
Trd, 258590.250, 127
Trd, 258590.450, 124
Trd, 258590.667, 124
Trd, 258591.050, 125
Trd, 258591.200, 123
Trd, 258591.567, 114
Trd, 258591.867, 112
Trd, 258592.050, 123
Trd, 258592.133, 120
Trd, 258592.383, 110
Trd, 258593.100, 122
Trd, 258593.133, 109
Trd, 258593.483, 125
Trd, 258593.733, 126
Trd, 258593.850, 137
Trd, 258593.917, 101
Trd, 258594.000, 98
Trd, 258594.150, 108
Trd, 258594.433, 103
Trd, 258594.833, 130
Trd, 258594.900, 127
Trd, 258595.183, 123
Trd, 258595.367, 138
Trd, 258595.717, 130
Trd, 258595.767, 120
Trd, 258595.917, 120
Trd, 258596.083, 119
Trd, 258596.100, 111
Trd, 258596.217, 111
Trd, 258596.600, 105
Trd, 258597.017, 114
Trd, 258597.300, 110
Trd, 258597.367, 101
Trd, 258597.867, 96
Trd, 258598.300, 132
Trd, 258598.600, 133
Trd, 258598.717, 109
Trd, 258598.767, 107
Trd, 258599.000, 133
Trd, 258599.033, 106
Trd, 258599.983, 115
Trd, 258600.150, 120
Trd, 258600.883, 138
Trd, 258600.917, 131
Trd, 258601.117, 112
Trd, 258601.167, 106
Trd, 258601.750, 136
Trd, 258602.067, 132
Trd, 258602.733, 140
Trd, 258602.833, 140
Trd, 258602.850, 137
Trd, 258603.050, 117
Trd, 258603.500, 127
Trd, 258603.683, 117
Trd, 258603.933, 117
Trd, 258604.067, 124
Trd, 258604.167, 121
Trd, 258604.500, 128
Trd, 258604.517, 120
Trd, 258604.700, 115
Trd, 258604.717, 105
Trd, 258605.000, 136
Trd, 258605.417, 126
Trd, 258605.983, 134
Trd, 258606.083, 132
Trd, 258606.283, 103
Trd, 258606.667, 123
Trd, 258607.183, 114
Trd, 258607.650, 114
Trd, 258607.867, 133
Trd, 258608.133, 127
Trd, 258608.433, 136
Trd, 258608.600, 134
Trd, 258608.683, 124
Trd, 258608.833, 123
Trd, 258608.917, 122
Trd, 258609.300, 108
Trd, 258609.433, 110
Trd, 258610.033, 117
Trd, 258610.150, 101
Trd, 258610.183, 98
Trd, 258610.383, 95
Trd, 258610.533, 92
Trd, 258610.833, 111
Trd, 258611.083, 84
Trd, 258611.133, 83
Trd, 258611.600, 118
Trd, 258611.950, 132
Trd, 258612.033, 133
Trd, 258612.067, 127
Trd, 258612.117, 104
Trd, 258612.750, 121
Trd, 258613.367, 118
Trd, 258613.550, 109
Trd, 258613.567, 120
Trd, 258613.817, 87
Trd, 258614.017, 136
Trd, 258614.383, 114
Trd, 258614.417, 94
Trd, 258614.600, 114
Trd, 258615.183, 121
Trd, 258615.550, 125
Trd, 258615.683, 118
Trd, 258616.167, 88
Trd, 258616.300, 76
Trd, 258616.417, 77
Trd, 258616.700, 128
Trd, 258617.233, 119
Trd, 258617.433, 109
Trd, 258617.567, 103
Trd, 258618.483, 127
Trd, 258618.750, 131
Trd, 258618.933, 130
Trd, 258619.067, 125
Trd, 258619.400, 126
Trd, 258619.450, 122
Trd, 258619.983, 127
Trd, 258620.150, 130
Trd, 258620.250, 133
Trd, 258620.283, 128
Trd, 258621.200, 128
Trd, 258621.283, 125
Trd, 258621.383, 140
Trd, 258621.667, 136
Trd, 258621.700, 135
Trd, 258621.717, 123
Trd, 258621.783, 118
Trd, 258622.350, 134
Trd, 258622.383, 112
Trd, 258622.750, 94
Trd, 258623.000, 95
Trd, 258623.383, 111
Trd, 258623.467, 115
Trd, 258623.633, 110
Trd, 258623.950, 107
Trd, 258624.233, 104
Trd, 258624.250, 115
Trd, 258624.417, 95
Trd, 258624.717, 133
Trd, 258624.733, 129
Trd, 258625.183, 109
Trd, 258625.417, 110
Trd, 258625.600, 96
Trd, 258625.917, 121
Trd, 258625.933, 120
Trd, 258626.117, 128
Trd, 258626.317, 136
Trd, 258626.350, 113
Trd, 258626.733, 128
Trd, 258626.800, 115
Trd, 258626.900, 121
Trd, 258627.233, 129
Trd, 258627.250, 126
Trd, 258627.283, 100
Trd, 258627.483, 98
Trd, 258628.350, 128
Trd, 258628.550, 127
Trd, 258629.083, 113
Trd, 258629.117, 115
Trd, 258629.300, 123
Trd, 258629.733, 116
Trd, 258629.917, 117
Trd, 258630.217, 121
Trd, 258630.250, 130
Trd, 258630.267, 123
Trd, 258630.317, 115
Trd, 258630.483, 101
Trd, 258630.583, 101
Trd, 258630.883, 116
Trd, 258631.233, 107
Trd, 258631.383, 129
Trd, 258631.433, 97
Trd, 258631.783, 96
Trd, 258632.283, 107
Trd, 258632.300, 93
Trd, 258632.333, 108
Trd, 258632.417, 108
Trd, 258632.433, 110
Trd, 258632.550, 113
Trd, 258633.050, 120
Trd, 258633.117, 117
Trd, 258633.167, 124
Trd, 258633.500, 126
Trd, 258633.733, 100
Trd, 258634.400, 126
Trd, 258634.567, 133
Trd, 258635.150, 127
Trd, 258635.183, 135
Trd, 258635.350, 116
Trd, 258635.450, 115
Trd, 258635.617, 113
Trd, 258635.967, 118
Trd, 258636.667, 119
Trd, 258636.683, 117
Trd, 258637.083, 125
Trd, 258637.150, 126
Trd, 258637.300, 138
Trd, 258637.583, 135
Trd, 258637.667, 134
Trd, 258638.000, 124
Trd, 258638.300, 119
Trd, 258638.333, 116
Trd, 258638.383, 109
Trd, 258638.933, 120
Trd, 258639.200, 116
Trd, 258640.017, 130
Trd, 258640.033, 120
Trd, 258640.217, 136
Trd, 258640.367, 114
Trd, 258640.433, 114
Trd, 258640.450, 106
Trd, 258640.650, 86
Trd, 258641.150, 110
Trd, 258641.617, 123
Trd, 258642.000, 95
Trd, 258642.283, 115
Trd, 258642.567, 126
Trd, 258642.683, 110
Trd, 258642.767, 126
Trd, 258643.000, 129
Trd, 258643.233, 94
Trd, 258643.667, 121
Trd, 258643.767, 112
Trd, 258644.350, 116
Trd, 258644.417, 110
Trd, 258644.567, 107
Trd, 258644.733, 114
Trd, 258644.817, 117
Trd, 258644.867, 122
Trd, 258645.367, 119
Trd, 258646.083, 120
Trd, 258646.283, 122
Trd, 258646.500, 138
Trd, 258646.633, 119
Trd, 258646.967, 116
Trd, 258647.200, 118
Trd, 258647.250, 114
Trd, 258647.283, 113
Trd, 258647.450, 131
Trd, 258647.950, 128
Trd, 258648.050, 120
Trd, 258648.733, 116
Trd, 258648.783, 114
Trd, 258649.000, 100
Trd, 258649.067, 96
Trd, 258649.233, 72
Trd, 258649.433, 128
Trd, 258649.617, 100
Trd, 258649.917, 133
Trd, 258651.183, 126
Trd, 258651.500, 131
Trd, 258651.700, 130
Trd, 258651.867, 121
Trd, 258651.883, 113
Trd, 258652.167, 108
Trd, 258652.350, 106
Trd, 258652.500, 105
Trd, 258652.650, 133
Trd, 258652.783, 127
Trd, 258652.800, 118
Trd, 258653.367, 137
Trd, 258653.583, 128
Trd, 258653.600, 121
Trd, 258653.817, 138
Trd, 258654.033, 134
Trd, 258654.067, 116
Trd, 258654.150, 113
Trd, 258654.533, 121
Trd, 258655.150, 137
Trd, 258655.450, 112
Trd, 258655.950, 108
Trd, 258655.967, 108
Trd, 258656.067, 112
Trd, 258656.217, 108
Trd, 258656.333, 113
Trd, 258656.483, 106
Trd, 258656.817, 115
Trd, 258657.017, 102
Trd, 258657.150, 117
Trd, 258657.233, 124
Trd, 258657.250, 97
Trd, 258657.267, 92
Trd, 258657.650, 124
Trd, 258658.217, 99
Trd, 258658.600, 114
Trd, 258658.800, 131
Trd, 258659.617, 130
Trd, 258659.800, 128
Trd, 258660.117, 133
Trd, 258660.283, 125
Trd, 258660.383, 104
Trd, 258660.467, 103
Trd, 258660.650, 101
Trd, 258660.883, 124
Trd, 258660.900, 116
Trd, 258661.133, 88
Trd, 258661.267, 105
Trd, 258661.333, 87
Trd, 258662.017, 118
Trd, 258662.350, 110
Trd, 258662.450, 132
Trd, 258662.867, 115
Trd, 258662.983, 117
Trd, 258663.000, 92
Trd, 258663.650, 138
Trd, 258664.000, 134
Trd, 258664.517, 133
Trd, 258664.750, 133
Trd, 258665.017, 124
Trd, 258665.050, 102
Trd, 258665.983, 114
Trd, 258666.167, 109
Trd, 258666.183, 116
Trd, 258666.383, 106
Trd, 258666.633, 117
Trd, 258666.733, 100
Trd, 258667.017, 117
Trd, 258667.067, 112
Trd, 258667.133, 99
Trd, 258667.550, 123
Trd, 258667.800, 111
Trd, 258667.967, 108
Trd, 258668.283, 134
Trd, 258668.367, 131
Trd, 258668.550, 124
Trd, 258668.633, 95
Trd, 258668.750, 136
Trd, 258668.950, 131
Trd, 258669.083, 130
Trd, 258669.167, 129
Trd, 258669.317, 137
Trd, 258669.733, 128
Trd, 258669.800, 121
Trd, 258670.217, 129
Trd, 258670.400, 133
Trd, 258670.700, 117
Trd, 258670.767, 110
Trd, 258671.183, 96
Trd, 258671.433, 108
Trd, 258671.600, 116
Trd, 258671.733, 95
Trd, 258672.333, 136
Trd, 258672.750, 129
Trd, 258672.917, 117
Trd, 258673.033, 114
Trd, 258673.150, 130
Trd, 258673.333, 135
Trd, 258673.817, 109
Trd, 258673.900, 92
Trd, 258674.617, 100
Trd, 258674.717, 90
Trd, 258674.733, 85
Trd, 258674.750, 134
Trd, 258675.217, 139
Trd, 258675.633, 129
Trd, 258675.800, 137
Trd, 258676.017, 128
Trd, 258676.050, 127
Trd, 258676.300, 113
Trd, 258676.367, 119
Trd, 258676.383, 101
Trd, 258676.983, 134
Trd, 258677.000, 119
Trd, 258677.183, 124
Trd, 258677.350, 136
Trd, 258677.667, 112
Trd, 258677.800, 112
Trd, 258677.967, 134
Trd, 258678.183, 132
Trd, 258678.683, 134
Trd, 258679.083, 135
Trd, 258679.383, 126
Trd, 258679.500, 123
Trd, 258679.950, 127
Trd, 258680.350, 109
Trd, 258680.383, 125
Trd, 258680.800, 108
Trd, 258681.183, 109
Trd, 258681.533, 107
Trd, 258681.700, 123
Trd, 258681.800, 121
Trd, 258682.000, 110
Trd, 258682.267, 127
Trd, 258682.750, 126
Trd, 258682.833, 121
Trd, 258683.017, 117
Trd, 258683.067, 133
Trd, 258683.483, 111
Trd, 258683.500, 104
Trd, 258683.883, 98
Trd, 258684.017, 116
Trd, 258684.217, 98
Trd, 258684.317, 97
Trd, 258684.667, 107
Trd, 258684.733, 94
Trd, 258685.083, 103
Trd, 258685.250, 88
Trd, 258685.400, 87
Trd, 258685.600, 99
Trd, 258685.883, 81
Trd, 258686.417, 106
Trd, 258686.533, 107
Trd, 258686.933, 106
Trd, 258687.367, 129
Trd, 258687.417, 118
Trd, 258687.617, 112
Trd, 258687.833, 113
Trd, 258688.067, 105
Trd, 258688.117, 120
Trd, 258688.167, 102
Trd, 258688.300, 101
Trd, 258689.417, 137
Trd, 258689.933, 136
Trd, 258690.117, 108
Trd, 258690.283, 131
Trd, 258690.333, 126
Trd, 258690.350, 123
Trd, 258690.467, 110
Trd, 258690.867, 106
Trd, 258691.133, 116
Trd, 258691.150, 130
Trd, 258691.333, 115
Trd, 258692.250, 138
Trd, 258692.317, 124
Trd, 258692.367, 122
Trd, 258692.567, 102
Trd, 258693.100, 89
Trd, 258693.733, 110
Trd, 258693.850, 104
Trd, 258693.883, 98
Trd, 258694.183, 97
Trd, 258694.450, 95
Trd, 258694.717, 106
Trd, 258695.167, 118
Trd, 258695.350, 115
Trd, 258696.000, 101
Trd, 258696.067, 106
Trd, 258696.233, 91
Trd, 258696.317, 139
Trd, 258697.200, 123
Trd, 258697.683, 137
Trd, 258698.283, 138
Trd, 258698.683, 129
Trd, 258699.167, 120
Trd, 258699.283, 116
Trd, 258699.350, 103
Trd, 258699.417, 101
Trd, 258699.433, 96
Trd, 258699.633, 130
Trd, 258700.067, 135
Trd, 258700.300, 121
Trd, 258700.433, 81
Trd, 258700.750, 101
Trd, 258701.783, 140
Trd, 258701.983, 140
Trd, 258702.083, 139
Trd, 258702.650, 138
Trd, 258702.767, 121
Trd, 258702.917, 118
Trd, 258703.117, 120
Trd, 258703.200, 107
Trd, 258703.233, 106
Trd, 258703.767, 134
Trd, 258704.017, 123
Trd, 258704.467, 139
Trd, 258704.517, 120
Trd, 258704.800, 125
Trd, 258704.833, 134
Trd, 258704.933, 119
Trd, 258705.017, 117
Trd, 258705.033, 106
Trd, 258705.283, 103
Trd, 258705.383, 110
Trd, 258705.467, 97
Trd, 258705.550, 83
Trd, 258705.717, 80
Trd, 258705.867, 99
Trd, 258706.067, 100
Trd, 258706.267, 119
Trd, 258706.950, 111
Trd, 258707.050, 85
Trd, 258707.167, 103
Trd, 258707.183, 120
Trd, 258707.350, 120
Trd, 258707.533, 120
Trd, 258708.233, 124
Trd, 258708.517, 139
Trd, 258708.600, 126
Trd, 258709.333, 124
Trd, 258709.467, 128
Trd, 258709.650, 126
Trd, 258709.750, 121
Trd, 258709.783, 121
Trd, 258710.233, 118
Trd, 258711.183, 128
Trd, 258711.467, 114
Trd, 258711.600, 107
Trd, 258711.950, 124
Trd, 258712.350, 134
Trd, 258712.600, 139
Trd, 258712.867, 132
Trd, 258713.000, 128
Trd, 258714.083, 135
Trd, 258714.517, 135
Trd, 258714.633, 133
Trd, 258714.767, 125
Trd, 258715.017, 124
Trd, 258715.050, 123
Trd, 258715.117, 110
Trd, 258715.133, 106
Trd, 258715.700, 105
Trd, 258716.183, 104
Trd, 258716.267, 100
Trd, 258716.300, 108
Trd, 258716.483, 100
Trd, 258717.033, 118
Trd, 258717.050, 138
Trd, 258717.600, 112
Trd, 258717.617, 109
Trd, 258717.833, 99
Trd, 258718.083, 100
Trd, 258718.300, 122
Trd, 258718.683, 139
Trd, 258718.917, 134
Trd, 258718.983, 130
Trd, 258719.150, 126
Trd, 258719.283, 125
Trd, 258719.533, 117
Trd, 258719.550, 102
Trd, 258719.583, 122
Trd, 258719.800, 96
Trd, 258720.283, 128
Trd, 258720.633, 112
Trd, 258721.083, 137
Trd, 258721.300, 136
Trd, 258721.350, 129
Trd, 258721.367, 109
Trd, 258721.567, 138
Trd, 258721.633, 111
Trd, 258722.533, 110
Trd, 258722.667, 100
Trd, 258723.017, 101
Trd, 258723.250, 96
Trd, 258723.267, 107
Trd, 258723.350, 95
Trd, 258723.383, 90
Trd, 258723.467, 130
Trd, 258724.100, 138
Trd, 258724.550, 115
Trd, 258724.600, 112
Trd, 258724.633, 110
Trd, 258725.000, 138
Trd, 258725.017, 137
Trd, 258725.217, 130
Trd, 258725.300, 129
Trd, 258725.900, 111
Trd, 258725.933, 108
Trd, 258726.217, 125
Trd, 258726.267, 110
Trd, 258726.383, 125
Trd, 258726.450, 99
Trd, 258726.817, 111
Trd, 258727.117, 119
Trd, 258727.517, 96
Trd, 258727.883, 120
Trd, 258727.967, 92
Trd, 258728.383, 126
Trd, 258728.400, 116
Trd, 258728.617, 127
Trd, 258728.650, 120
Trd, 258728.833, 122
Trd, 258728.967, 88
Trd, 258729.183, 126
Trd, 258729.617, 119
Trd, 258729.833, 111
Trd, 258730.533, 125
Trd, 258730.950, 140
Trd, 258731.133, 121
Trd, 258731.200, 112
Trd, 258731.317, 84
Trd, 258731.583, 137
Trd, 258731.883, 109
Trd, 258731.967, 108
Trd, 258732.200, 124
Trd, 258733.050, 116
Trd, 258733.317, 110
Trd, 258733.400, 123
Trd, 258733.617, 124
Trd, 258733.800, 118
Trd, 258734.117, 110
Trd, 258734.200, 106
Trd, 258734.433, 100
Trd, 258734.450, 94
Trd, 258734.900, 116
Trd, 258735.250, 109
Trd, 258735.267, 129
Trd, 258735.567, 100
Trd, 258735.633, 83
Trd, 258735.683, 126
Trd, 258736.333, 132
Trd, 258736.350, 108
Trd, 258737.233, 109
Trd, 258737.400, 130
Trd, 258737.683, 130
Trd, 258738.100, 129
Trd, 258738.250, 134
Trd, 258738.567, 121
Trd, 258738.850, 121
Trd, 258739.050, 119
Trd, 258739.217, 116
Trd, 258739.250, 108
Trd, 258739.717, 131
Trd, 258740.633, 139
Trd, 258740.700, 134
Trd, 258740.883, 125
Trd, 258741.650, 134
Trd, 258741.817, 133
Trd, 258742.117, 132
Trd, 258742.933, 132
Trd, 258742.983, 120
Trd, 258743.017, 119
Trd, 258743.233, 118
Trd, 258743.333, 116
Trd, 258743.383, 107
Trd, 258744.150, 134
Trd, 258744.183, 123
Trd, 258744.267, 137
Trd, 258744.683, 121
Trd, 258744.783, 140
Trd, 258745.133, 119
Trd, 258745.150, 117
Trd, 258745.717, 135
Trd, 258745.833, 115
Trd, 258745.850, 114
Trd, 258746.600, 121
Trd, 258746.783, 131
Trd, 258746.850, 120
Trd, 258746.900, 128
Trd, 258747.033, 112
Trd, 258747.183, 128
Trd, 258747.350, 111
Trd, 258747.900, 121
Trd, 258748.117, 107
Trd, 258748.133, 134
Trd, 258748.717, 111
Trd, 258748.783, 130
Trd, 258748.983, 106
Trd, 258749.433, 106
Trd, 258749.533, 103
Trd, 258749.833, 102
Trd, 258750.217, 100
Trd, 258750.250, 92
Trd, 258750.417, 90
Trd, 258750.583, 99
Trd, 258750.733, 90
Trd, 258751.550, 116
Trd, 258751.600, 111
Trd, 258751.800, 127
Trd, 258751.817, 121
Trd, 258752.017, 118
Trd, 258752.067, 109
Trd, 258752.183, 97
Trd, 258752.267, 97
Trd, 258752.617, 126
Trd, 258752.633, 126
Trd, 258752.650, 125
Trd, 258753.517, 118
Trd, 258753.567, 132
Trd, 258753.867, 122
Trd, 258754.250, 129
Trd, 258755.067, 114
Trd, 258755.533, 117
Trd, 258755.550, 113
Trd, 258755.933, 130
Trd, 258756.017, 110
Trd, 258756.167, 124
Trd, 258756.183, 116
Trd, 258756.717, 132
Trd, 258757.200, 136
Trd, 258757.300, 122
Trd, 258757.667, 119
Trd, 258757.833, 126
Trd, 258758.033, 117
Trd, 258758.133, 112
Trd, 258758.250, 131
Trd, 258758.400, 106
Trd, 258758.617, 105
Trd, 258758.650, 96
Trd, 258758.717, 123
Trd, 258758.950, 102
Trd, 258759.333, 100
Trd, 258759.450, 94
Trd, 258759.567, 85
Trd, 258759.750, 113
Trd, 258760.300, 107
Trd, 258760.550, 94
Trd, 258760.700, 110
Trd, 258760.783, 120
Trd, 258761.133, 122
Trd, 258761.550, 104
Trd, 258762.100, 128
Trd, 258762.250, 119
Trd, 258762.733, 121
Trd, 258762.867, 138
Trd, 258762.950, 135
Trd, 258763.217, 116
Trd, 258763.417, 108
Trd, 258763.883, 122
Trd, 258764.050, 137
Trd, 258764.067, 122
Trd, 258764.083, 119
Trd, 258764.783, 135
Trd, 258765.333, 123
Trd, 258765.450, 122
Trd, 258765.900, 121
Trd, 258766.200, 129
Trd, 258766.450, 120
Trd, 258766.633, 111
Trd, 258766.750, 108
Trd, 258767.017, 138
Trd, 258767.083, 104
Trd, 258767.117, 101
Trd, 258767.150, 90
Trd, 258767.233, 71
Trd, 258767.567, 91
Trd, 258767.833, 85
Trd, 258768.000, 92
Trd, 258768.250, 87
Trd, 258768.700, 93
Trd, 258768.933, 128
Trd, 258769.050, 117
Trd, 258769.483, 118
Trd, 258769.933, 126
Trd, 258770.283, 122
Trd, 258770.633, 109
Trd, 258771.000, 102
Trd, 258771.300, 99
Trd, 258771.533, 112
Trd, 258771.567, 97
Trd, 258772.233, 138
Trd, 258772.283, 120
Trd, 258772.700, 136
Trd, 258773.200, 119
Trd, 258773.217, 111
Trd, 258773.367, 108
Trd, 258773.533, 100
Trd, 258773.600, 101
Trd, 258773.683, 93
Trd, 258773.833, 84
Trd, 258774.383, 92
Trd, 258774.583, 95
Trd, 258775.350, 123
Trd, 258775.367, 116
Trd, 258775.617, 118
Trd, 258775.700, 97
Trd, 258776.150, 78
Trd, 258776.467, 111
Trd, 258776.667, 112
Trd, 258776.767, 108
Trd, 258777.250, 93
Trd, 258777.967, 132
Trd, 258778.350, 131
Trd, 258778.450, 123
Trd, 258778.483, 120
Trd, 258778.517, 116
Trd, 258778.667, 105
Trd, 258778.800, 109
Trd, 258779.150, 119
Trd, 258779.217, 123
Trd, 258779.267, 118
Trd, 258779.283, 77
Trd, 258779.350, 126
Trd, 258779.417, 67
Trd, 258779.467, 91
Trd, 258779.500, 63
Trd, 258780.500, 60
Trd, 258780.550, 61
Trd, 258780.667, 85
Trd, 258781.600, 97
Trd, 258781.717, 91
Trd, 258781.733, 102
Trd, 258781.883, 89
Trd, 258782.317, 92
Trd, 258782.483, 117
Trd, 258782.867, 101
Trd, 258783.967, 95
Trd, 258784.133, 106
Trd, 258784.300, 114
Trd, 258784.617, 102
Trd, 258784.667, 84
Trd, 258784.817, 84
Trd, 258785.133, 102
Trd, 258785.633, 92
Trd, 258785.850, 95
Trd, 258786.017, 96
Trd, 258786.100, 95
Trd, 258786.183, 103
Trd, 258786.817, 99
Trd, 258786.850, 98
Trd, 258786.950, 115
Trd, 258787.217, 79
Trd, 258787.267, 126
Trd, 258787.350, 82
Trd, 258787.383, 123
Trd, 258787.633, 111
Trd, 258788.267, 105
Trd, 258788.283, 122
Trd, 258788.333, 88
Trd, 258788.533, 84
Trd, 258788.667, 125
Trd, 258788.850, 116
Trd, 258789.233, 126
Trd, 258789.283, 110
Trd, 258789.383, 127
Trd, 258789.683, 105
Trd, 258789.700, 98
Trd, 258790.533, 105
Trd, 258790.783, 101
Trd, 258791.567, 130
Trd, 258792.217, 128
Trd, 258792.383, 120
Trd, 258792.417, 114
Trd, 258792.700, 104
Trd, 258792.900, 96
Trd, 258793.017, 110
Trd, 258793.183, 132
Trd, 258793.317, 132
Trd, 258793.500, 131
Trd, 258793.767, 131
Trd, 258793.783, 117
Trd, 258793.850, 138
Trd, 258793.900, 112
Trd, 258793.983, 111
Trd, 258794.050, 119
Trd, 258794.333, 139
Trd, 258794.500, 117
Trd, 258794.567, 126
Trd, 258794.583, 116
Trd, 258795.333, 139
Trd, 258795.417, 101
Trd, 258795.867, 94
Trd, 258796.333, 94
Trd, 258797.000, 124
Trd, 258797.717, 126
Trd, 258797.983, 122
Trd, 258798.033, 115
Trd, 258798.050, 112
Trd, 258798.100, 110
Trd, 258798.317, 101
Trd, 258798.433, 98
Trd, 258798.767, 97
Trd, 258798.783, 127
Trd, 258798.967, 107
Trd, 258799.633, 112
Trd, 258799.867, 109
Trd, 258800.333, 119
Trd, 258800.483, 137
Trd, 258801.367, 133
Trd, 258801.633, 125
Trd, 258801.800, 124
Trd, 258802.283, 131
Trd, 258802.317, 133
Trd, 258802.383, 130
Trd, 258802.517, 116
Trd, 258802.650, 110
Trd, 258802.750, 105
Trd, 258802.817, 104
Trd, 258803.333, 130
Trd, 258803.617, 138
Trd, 258803.667, 126
Trd, 258803.700, 117
Trd, 258803.967, 113
Trd, 258804.467, 121
Trd, 258804.550, 112
Trd, 258804.633, 111
Trd, 258804.767, 93
Trd, 258805.133, 121
Trd, 258805.550, 103
Trd, 258805.700, 109
Trd, 258805.817, 111
Trd, 258806.517, 126
Trd, 258806.833, 115
Trd, 258806.850, 108
Trd, 258807.100, 128
Trd, 258807.150, 96
Trd, 258807.500, 107
Trd, 258807.517, 93
Trd, 258807.667, 131
Trd, 258807.767, 132
Trd, 258807.800, 127
Trd, 258808.383, 129
Trd, 258808.550, 118
Trd, 258808.750, 111
Trd, 258808.867, 106
Trd, 258808.950, 94
Trd, 258809.750, 101
Trd, 258810.017, 130
Trd, 258810.767, 129
Trd, 258810.950, 128
Trd, 258811.133, 129
Trd, 258811.283, 125
Trd, 258811.333, 125
Trd, 258811.483, 123
Trd, 258812.683, 133
Trd, 258812.783, 125
Trd, 258812.800, 116
Trd, 258812.933, 127
Trd, 258812.967, 116
Trd, 258813.550, 125
Trd, 258814.200, 130
Trd, 258814.217, 119
Trd, 258814.250, 115
Trd, 258814.750, 111
Trd, 258814.950, 101
Trd, 258815.433, 96
Trd, 258815.750, 132
Trd, 258815.933, 131
Trd, 258815.950, 109
Trd, 258816.167, 94
Trd, 258816.483, 139
Trd, 258816.783, 111
Trd, 258816.900, 108
Trd, 258817.783, 128
Trd, 258818.067, 120
Trd, 258818.667, 130
Trd, 258819.200, 138
Trd, 258819.267, 130
Trd, 258819.367, 125
Trd, 258820.233, 131
Trd, 258820.567, 130
Trd, 258820.800, 125
Trd, 258820.967, 138
Trd, 258821.033, 121
Trd, 258821.600, 135
Trd, 258821.750, 120
Trd, 258822.000, 118
Trd, 258822.783, 112
Trd, 258822.917, 132
Trd, 258823.217, 113
Trd, 258823.550, 112
Trd, 258823.817, 131
Trd, 258823.900, 124
Trd, 258824.083, 96
Trd, 258824.233, 89
Trd, 258824.367, 132
Trd, 258824.583, 104
Trd, 258825.200, 114
Trd, 258825.667, 114
Trd, 258825.800, 112
Trd, 258825.900, 93
Trd, 258826.017, 122
Trd, 258826.267, 104
Trd, 258826.283, 93
Trd, 258826.450, 92
Trd, 258826.800, 71
Trd, 258826.900, 125
Trd, 258827.017, 70
Trd, 258827.217, 69
Trd, 258827.333, 100
Trd, 258827.817, 100
Trd, 258828.017, 117
Trd, 258828.350, 106
Trd, 258828.400, 123
Trd, 258828.617, 105
Trd, 258828.817, 117
Trd, 258829.133, 98
Trd, 258829.450, 122
Trd, 258829.817, 99
Trd, 258829.833, 129
Trd, 258830.067, 119
Trd, 258830.433, 133
Trd, 258830.717, 115
Trd, 258830.817, 95
Trd, 258830.950, 126
Trd, 258831.050, 85
Trd, 258831.117, 104
Trd, 258831.400, 97
Trd, 258831.817, 118
Trd, 258832.017, 96
Trd, 258832.067, 123
Trd, 258832.367, 138
Trd, 258832.517, 129
Trd, 258832.867, 125
Trd, 258833.017, 123
Trd, 258833.083, 118
Trd, 258833.633, 119
Trd, 258834.850, 113
Trd, 258835.083, 105
Trd, 258835.200, 105
Trd, 258835.333, 116
Trd, 258835.767, 110
Trd, 258836.067, 125
Trd, 258836.133, 105
Trd, 258836.367, 97
Trd, 258836.783, 130
Trd, 258836.983, 121
Trd, 258837.117, 111
Trd, 258837.400, 107
Trd, 258837.783, 117
Trd, 258837.883, 113
Trd, 258838.083, 106
Trd, 258838.867, 100
Trd, 258838.983, 122
Trd, 258839.150, 118
Trd, 258839.583, 109
Trd, 258839.850, 133
Trd, 258839.900, 113
Trd, 258840.283, 115
Trd, 258840.533, 129
Trd, 258841.083, 121
Trd, 258841.567, 127
Trd, 258841.600, 111
Trd, 258842.733, 105
Trd, 258842.767, 127
Trd, 258842.983, 110
Trd, 258843.017, 104
Trd, 258843.150, 116
Trd, 258843.333, 103
Trd, 258843.483, 139
Trd, 258843.733, 134
Trd, 258843.950, 133
Trd, 258844.017, 131
Trd, 258844.367, 122
Trd, 258844.433, 110
Trd, 258844.733, 95
Trd, 258845.250, 116
Trd, 258845.467, 110
Trd, 258845.683, 114
Trd, 258845.700, 105
Trd, 258846.350, 108
Trd, 258846.617, 129
Trd, 258846.883, 124
Trd, 258846.933, 123
Trd, 258847.217, 116
Trd, 258847.483, 95
Trd, 258847.617, 115
Trd, 258848.233, 126
Trd, 258848.317, 124
Trd, 258848.433, 126
Trd, 258848.667, 111
Trd, 258848.783, 100
Trd, 258849.017, 99
Trd, 258850.033, 139
Trd, 258850.467, 136
Trd, 258850.783, 137
Trd, 258850.800, 129
Trd, 258851.333, 121
Trd, 258851.633, 112
Trd, 258851.867, 108
Trd, 258852.250, 95
Trd, 258852.500, 90
Trd, 258852.833, 120
Trd, 258852.967, 114
Trd, 258853.133, 125
Trd, 258853.317, 135
Trd, 258853.500, 130
Trd, 258853.817, 109
Trd, 258854.017, 108
Trd, 258854.083, 107
Trd, 258854.400, 121
Trd, 258854.550, 103
Trd, 258854.767, 113
Trd, 258854.900, 93
Trd, 258855.133, 135
Trd, 258855.300, 123
Trd, 258855.667, 135
Trd, 258855.717, 128
Trd, 258855.800, 122
Trd, 258856.350, 128
Trd, 258856.750, 124
Trd, 258856.967, 88
Trd, 258857.150, 81
Trd, 258857.600, 111
Trd, 258858.317, 117
Trd, 258858.450, 128
Trd, 258858.550, 127
Trd, 258858.783, 121
Trd, 258858.850, 117
Trd, 258859.250, 116
Trd, 258859.283, 115
Trd, 258859.483, 130
Trd, 258859.933, 113
Trd, 258860.033, 108
Trd, 258860.267, 137
Trd, 258861.033, 140
Trd, 258861.317, 136
Trd, 258861.467, 130
Trd, 258861.833, 122
Trd, 258862.917, 138
Trd, 258862.983, 126
Trd, 258863.033, 124
Trd, 258863.150, 114
Trd, 258863.283, 137
Trd, 258863.300, 114
Trd, 258863.467, 106
Trd, 258863.633, 136
Trd, 258863.917, 132
Trd, 258864.650, 136
Trd, 258864.700, 130
Trd, 258865.083, 132
Trd, 258865.500, 126
Trd, 258865.633, 118
Trd, 258865.867, 118
Trd, 258865.917, 115
Trd, 258866.033, 112
Trd, 258866.083, 119
Trd, 258866.900, 137
Trd, 258867.167, 122
Trd, 258867.233, 119
Trd, 258867.650, 109
Trd, 258867.750, 105
Trd, 258867.767, 116
Trd, 258867.967, 101
Trd, 258868.117, 125
Trd, 258868.600, 139
Trd, 258868.717, 108
Trd, 258869.150, 121
Trd, 258869.333, 111
Trd, 258870.083, 102
Trd, 258870.167, 108
Trd, 258870.233, 105
Trd, 258870.333, 92
Trd, 258870.417, 131
Trd, 258871.050, 101
Trd, 258871.117, 112
Trd, 258871.400, 112
Trd, 258871.417, 89
Trd, 258871.567, 105
Trd, 258871.583, 131
Trd, 258871.867, 110
Trd, 258872.100, 107
Trd, 258872.283, 101
Trd, 258872.500, 105
Trd, 258872.617, 76
Trd, 258873.017, 113
Trd, 258873.517, 108
Trd, 258873.850, 140
Trd, 258873.917, 140
Trd, 258874.600, 136
Trd, 258874.633, 118
Trd, 258875.117, 130
Trd, 258875.233, 110
Trd, 258875.350, 106
Trd, 258875.467, 101
Trd, 258875.533, 125
Trd, 258875.650, 93
Trd, 258875.667, 88
Trd, 258875.883, 137
Trd, 258876.167, 128
Trd, 258876.250, 124
Trd, 258876.850, 140
Trd, 258876.983, 140
Trd, 258877.317, 137
Trd, 258877.700, 114
Trd, 258877.717, 112
Trd, 258877.783, 105
Trd, 258877.983, 86
Trd, 258878.117, 125
Trd, 258880.217, 127
Trd, 258880.683, 127
Trd, 258880.917, 135
Trd, 258880.967, 126
Trd, 258881.000, 121
Trd, 258881.567, 129
Trd, 258881.817, 136
Trd, 258882.150, 118
Trd, 258882.167, 108
Trd, 258882.283, 102
Trd, 258882.433, 135
Trd, 258883.583, 139
Trd, 258884.083, 137
Trd, 258884.100, 128
Trd, 258884.383, 128
Trd, 258884.517, 134
Trd, 258884.717, 126
Trd, 258884.733, 115
Trd, 258884.933, 130
Trd, 258885.033, 114
Trd, 258885.417, 134
Trd, 258885.567, 127
Trd, 258885.817, 112
Trd, 258885.933, 137
Trd, 258886.217, 109
Trd, 258886.233, 105
Trd, 258886.250, 104
Trd, 258886.267, 99
Trd, 258887.117, 121
Trd, 258887.233, 124
Trd, 258887.483, 120
Trd, 258888.017, 130
Trd, 258888.300, 118
Trd, 258888.383, 108
Trd, 258889.183, 113
Trd, 258889.200, 115
Trd, 258889.250, 99
Trd, 258889.350, 119
Trd, 258889.400, 95
Trd, 258889.500, 110
Trd, 258889.583, 93
Trd, 258889.933, 133
Trd, 258890.667, 132
Trd, 258890.783, 131
Trd, 258890.850, 86
Trd, 258891.217, 92
Trd, 258891.267, 130
Trd, 258891.633, 103
Trd, 258891.850, 113
Trd, 258891.917, 112
Trd, 258892.117, 127
Trd, 258892.283, 122
Trd, 258892.333, 106
Trd, 258892.633, 96
Trd, 258892.700, 128
Trd, 258892.800, 94
Trd, 258893.167, 120
Trd, 258893.417, 118
Trd, 258893.767, 114
Trd, 258893.800, 130
Trd, 258894.117, 132
Trd, 258894.300, 107
Trd, 258894.517, 107
Trd, 258895.133, 134
Trd, 258895.183, 126
Trd, 258895.717, 137
Trd, 258895.817, 123
Trd, 258895.867, 122
Trd, 258896.517, 133
Trd, 258896.717, 129
Trd, 258896.933, 118
Trd, 258896.983, 117
Trd, 258897.267, 108
Trd, 258897.800, 133
Trd, 258898.133, 137
Trd, 258898.350, 136
Trd, 258898.550, 134
Trd, 258899.000, 131
Trd, 258899.117, 133
Trd, 258899.183, 123
Trd, 258900.167, 117
Trd, 258900.467, 116
Trd, 258900.500, 113
Trd, 258900.667, 134
Trd, 258900.733, 105
Trd, 258900.967, 113
Trd, 258901.400, 127
Trd, 258901.567, 125
Trd, 258901.850, 112
Trd, 258901.917, 111
Trd, 258902.750, 115
Trd, 258902.983, 123
Trd, 258903.000, 121
Trd, 258903.017, 134
Trd, 258903.167, 134
Trd, 258903.183, 108
Trd, 258903.817, 109
Trd, 258904.000, 109
Trd, 258904.017, 100
Trd, 258904.050, 99
Trd, 258904.083, 99
Trd, 258904.500, 106
Trd, 258904.667, 106
Trd, 258904.683, 114
Trd, 258905.067, 127
Trd, 258905.117, 127
Trd, 258905.200, 105
Trd, 258905.517, 93
Trd, 258905.767, 140
Trd, 258905.883, 135
Trd, 258906.133, 125
Trd, 258906.333, 132
Trd, 258906.983, 107
Trd, 258907.100, 135
Trd, 258907.900, 124
Trd, 258908.250, 123
Trd, 258908.267, 113
Trd, 258908.767, 132
Trd, 258909.017, 120
Trd, 258909.467, 121
Trd, 258909.567, 134
Trd, 258909.767, 120
Trd, 258909.817, 138
Trd, 258909.900, 133
Trd, 258909.933, 119
Trd, 258910.067, 130
Trd, 258910.250, 123
Trd, 258910.817, 130
Trd, 258911.083, 117
Trd, 258911.217, 127
Trd, 258911.233, 113
Trd, 258911.683, 100
Trd, 258911.950, 117
Trd, 258912.017, 121
Trd, 258912.067, 101
Trd, 258912.167, 90
Trd, 258912.300, 93
Trd, 258912.667, 115
Trd, 258912.900, 121
Trd, 258912.933, 113
Trd, 258913.217, 127
Trd, 258913.400, 107
Trd, 258913.617, 124
Trd, 258913.717, 112
Trd, 258913.800, 127
Trd, 258913.883, 127
Trd, 258914.367, 113
Trd, 258914.433, 109
Trd, 258914.917, 107
Trd, 258914.967, 139
Trd, 258915.167, 119
Trd, 258915.200, 106
Trd, 258916.150, 112
Trd, 258916.167, 131
Trd, 258916.200, 106
Trd, 258916.367, 96
Trd, 258916.433, 90
Trd, 258917.350, 111
Trd, 258917.817, 131
Trd, 258918.033, 100
Trd, 258918.183, 97
Trd, 258918.350, 140
Trd, 258918.533, 127
Trd, 258918.667, 103
Trd, 258918.783, 133
Trd, 258919.083, 122
Trd, 258919.300, 137
Trd, 258919.317, 117
Trd, 258919.333, 101
Trd, 258919.383, 93
Trd, 258920.450, 132
Trd, 258920.633, 131
Trd, 258920.767, 126
Trd, 258921.350, 123
Trd, 258921.467, 138
Trd, 258921.717, 136
Trd, 258921.800, 138
Trd, 258921.833, 138
Trd, 258921.900, 109
Trd, 258921.950, 107
Trd, 258922.367, 118
Trd, 258922.533, 97
Trd, 258922.917, 134
Trd, 258923.033, 133
Trd, 258923.533, 112
Trd, 258924.383, 131
Trd, 258924.450, 117
Trd, 258925.017, 135
Trd, 258925.633, 130
Trd, 258925.883, 120
Trd, 258925.917, 125
Trd, 258925.983, 110
Trd, 258926.000, 102
Trd, 258926.367, 127
Trd, 258926.433, 120
Trd, 258926.900, 114
Trd, 258926.967, 108
Trd, 258927.067, 98
Trd, 258927.267, 109
Trd, 258927.833, 103
Trd, 258928.300, 127
Trd, 258928.417, 116
Trd, 258928.633, 134
Trd, 258929.083, 118
Trd, 258929.117, 115
Trd, 258929.317, 125
Trd, 258929.517, 118
Trd, 258929.533, 112
Trd, 258930.267, 135
Trd, 258930.283, 126
Trd, 258930.300, 123
Trd, 258930.417, 114
Trd, 258930.733, 139
Trd, 258931.033, 124
Trd, 258931.183, 107
Trd, 258931.233, 100
Trd, 258931.467, 105
Trd, 258931.600, 115
Trd, 258931.817, 118
Trd, 258932.000, 109
Trd, 258932.117, 101
Trd, 258932.217, 111
Trd, 258933.083, 132
Trd, 258933.167, 129
Trd, 258933.183, 125
Trd, 258933.400, 116
Trd, 258933.850, 114
Trd, 258934.417, 130
Trd, 258934.850, 123
Trd, 258935.150, 113
Trd, 258935.267, 111
Trd, 258935.550, 122
Trd, 258935.933, 128
Trd, 258936.067, 111
Trd, 258936.150, 133
Trd, 258936.500, 119
Trd, 258937.117, 113
Trd, 258937.883, 134
Trd, 258938.400, 139
Trd, 258938.450, 136
Trd, 258938.500, 133
Trd, 258938.683, 125
Trd, 258939.250, 121
Trd, 258939.450, 109
Trd, 258939.533, 103
Trd, 258940.033, 109
Trd, 258940.200, 105
Trd, 258940.233, 132
Trd, 258940.450, 112
Trd, 258940.750, 110
Trd, 258940.817, 106
Trd, 258940.867, 105
Trd, 258940.883, 101
Trd, 258941.533, 104
Trd, 258941.783, 101
Trd, 258942.083, 105
Trd, 258942.150, 114
Trd, 258942.417, 95
Trd, 258942.683, 104
Trd, 258943.133, 122
Trd, 258943.450, 126
Trd, 258944.033, 127
Trd, 258944.233, 115
Trd, 258944.850, 113
Trd, 258945.067, 134
Trd, 258945.200, 106
Trd, 258945.517, 99
Trd, 258945.800, 98
Trd, 258945.883, 140
Trd, 258946.083, 134
Trd, 258946.167, 93
Trd, 258946.350, 129
Trd, 258946.467, 128
Trd, 258947.183, 140
Trd, 258947.217, 139
Trd, 258948.050, 131
Trd, 258948.283, 130
Trd, 258948.700, 113
Trd, 258948.733, 113
Trd, 258949.200, 135
Trd, 258950.067, 136
Trd, 258950.250, 116
Trd, 258950.267, 112
Trd, 258950.383, 133
Trd, 258950.400, 107
Trd, 258950.467, 102
Trd, 258950.733, 99
Trd, 258950.883, 103
Trd, 258950.933, 104
Trd, 258951.033, 110
Trd, 258951.417, 99
Trd, 258951.533, 127
Trd, 258952.367, 124
Trd, 258952.683, 138
Trd, 258953.050, 127
Trd, 258953.100, 122
Trd, 258953.750, 116
Trd, 258954.117, 107
Trd, 258954.217, 104
Trd, 258954.233, 119
Trd, 258954.933, 133
Trd, 258955.150, 120
Trd, 258955.250, 117
Trd, 258955.400, 131
Trd, 258955.667, 128
Trd, 258955.867, 106
Trd, 258955.967, 101
Trd, 258956.117, 101
Trd, 258956.583, 111
Trd, 258956.817, 129
Trd, 258956.967, 121
Trd, 258957.200, 103
Trd, 258957.217, 115
Trd, 258957.417, 121
Trd, 258957.467, 102
Trd, 258957.617, 92
Trd, 258957.983, 103
Trd, 258958.317, 120
Trd, 258958.400, 84
Trd, 258958.550, 103
Trd, 258958.767, 130
Trd, 258958.850, 82
Trd, 258959.033, 129
Trd, 258959.383, 117
Trd, 258959.500, 76
Trd, 258960.100, 135
Trd, 258961.383, 136
Trd, 258961.433, 131
Trd, 258961.733, 136
Trd, 258961.783, 135
Trd, 258961.817, 115
Trd, 258962.467, 118
Trd, 258962.700, 116
Trd, 258963.250, 117
Trd, 258963.467, 115
Trd, 258963.533, 125
Trd, 258963.750, 125
Trd, 258964.467, 133
Trd, 258964.483, 130
Trd, 258964.733, 113
Trd, 258964.783, 113
Trd, 258965.000, 114
Trd, 258965.100, 109
Trd, 258965.467, 117
Trd, 258965.550, 126
Trd, 258966.467, 115
Trd, 258966.750, 115
Trd, 258967.067, 124
Trd, 258967.133, 113
Trd, 258967.217, 106
Trd, 258967.267, 105
Trd, 258967.333, 128
Trd, 258967.733, 127
Trd, 258968.033, 108
Trd, 258968.417, 132
Trd, 258968.750, 107
Trd, 258969.000, 123
Trd, 258970.167, 127
Trd, 258970.433, 109
Trd, 258970.450, 132
Trd, 258970.500, 109
Trd, 258970.533, 104
Trd, 258971.000, 125
Trd, 258971.017, 119
Trd, 258971.150, 91
Trd, 258971.650, 103
Trd, 258971.967, 118
Trd, 258972.067, 113
Trd, 258972.250, 95
Trd, 258972.433, 118
Trd, 258972.450, 92
Trd, 258972.583, 109
Trd, 258973.067, 124
Trd, 258973.167, 103
Trd, 258973.550, 100
Trd, 258974.350, 112
Trd, 258974.500, 111
Trd, 258974.633, 114
Trd, 258974.900, 107
Trd, 258974.967, 116
Trd, 258975.000, 117
Trd, 258975.150, 103
Trd, 258975.283, 95
Trd, 258975.550, 86
Trd, 258975.633, 95
Trd, 258975.650, 126
Trd, 258976.883, 114
Trd, 258977.200, 121
Trd, 258977.217, 128
Trd, 258977.250, 115
Trd, 258977.283, 113
Trd, 258977.683, 125
Trd, 258977.733, 134
Trd, 258978.133, 128
Trd, 258978.183, 127
Trd, 258978.250, 114
Trd, 258978.517, 108
Trd, 258978.800, 120
Trd, 258978.967, 127
Trd, 258979.550, 113
Trd, 258979.767, 104
Trd, 258980.067, 97
Trd, 258980.550, 108
Trd, 258980.600, 110
Trd, 258980.717, 94
Trd, 258980.883, 111
Trd, 258980.933, 121
Trd, 258981.067, 90
Trd, 258981.133, 128
Trd, 258981.650, 81
Trd, 258982.167, 104
Trd, 258982.317, 121
Trd, 258982.383, 102
Trd, 258982.450, 107
Trd, 258982.717, 125
Trd, 258982.950, 95
Trd, 258983.050, 128
Trd, 258983.150, 137
Trd, 258983.200, 115
Trd, 258983.650, 139
Trd, 258983.933, 96
Trd, 258984.117, 85
Trd, 258984.650, 100
Trd, 258984.683, 118
Trd, 258984.767, 118
Trd, 258985.017, 115
Trd, 258985.617, 100
Trd, 258985.983, 99
Trd, 258986.167, 120
Trd, 258986.467, 129
Trd, 258986.783, 137
Trd, 258986.933, 124
Trd, 258986.967, 107
Trd, 258987.150, 98
Trd, 258987.167, 97
Trd, 258987.300, 118
Trd, 258987.833, 109
Trd, 258987.983, 120
Trd, 258988.233, 94
Trd, 258988.550, 93
Trd, 258989.083, 113
Trd, 258989.117, 116
Trd, 258989.383, 117
Trd, 258989.433, 92
Trd, 258989.483, 129
Trd, 258989.800, 94
Trd, 258989.833, 88
Trd, 258990.017, 124
Trd, 258990.167, 133
Trd, 258990.633, 105
Trd, 258990.783, 88
Trd, 258991.067, 115
Trd, 258991.233, 123
Trd, 258991.767, 112
Trd, 258992.833, 118
Trd, 258992.883, 123
Trd, 258992.933, 117
Trd, 258993.083, 116
Trd, 258993.383, 110
Trd, 258993.500, 108
Trd, 258993.633, 108
Trd, 258993.700, 105
Trd, 258994.033, 101
Trd, 258994.383, 111
Trd, 258994.583, 115
Trd, 258994.600, 130
Trd, 258994.717, 128
Trd, 258994.867, 100
Trd, 258995.200, 124
Trd, 258995.333, 123
Trd, 258995.867, 123
Trd, 258996.017, 123
Trd, 258996.217, 127
Trd, 258996.650, 118
Trd, 258996.717, 111
Trd, 258996.950, 122
Trd, 258997.083, 110
Trd, 258997.100, 105
Trd, 258997.117, 103
Trd, 258997.133, 84
Trd, 258997.867, 107
Trd, 258998.117, 86
Trd, 258998.500, 79
Trd, 258998.633, 75
Trd, 258999.017, 95
Trd, 258999.217, 122
Trd, 258999.283, 120
Trd, 258999.883, 122
Trd, 259000.083, 127
Trd, 259000.667, 140
Trd, 259000.817, 139
Trd, 259001.067, 136
Trd, 259001.483, 118
Trd, 259001.833, 130
Trd, 259001.933, 121
Trd, 259002.367, 117
Trd, 259002.467, 109
Trd, 259002.483, 105
Trd, 259002.533, 135
Trd, 259002.933, 100
Trd, 259003.317, 107
Trd, 259004.167, 97
Trd, 259004.183, 95
Trd, 259004.417, 113
Trd, 259004.600, 93
Trd, 259005.050, 117
Trd, 259005.250, 107
Trd, 259005.600, 123
Trd, 259005.617, 105
Trd, 259005.750, 102
Trd, 259005.900, 96
Trd, 259006.100, 130
Trd, 259006.133, 73
Trd, 259006.383, 105
Trd, 259006.500, 109
Trd, 259006.733, 123
Trd, 259006.883, 124
Trd, 259007.100, 126
Trd, 259007.350, 105
Trd, 259007.617, 134
Trd, 259008.167, 130
Trd, 259008.600, 125
Trd, 259008.750, 117
Trd, 259008.850, 111
Trd, 259009.017, 138
Trd, 259010.117, 136
Trd, 259010.533, 139
Trd, 259010.750, 131
Trd, 259010.883, 129
Trd, 259011.417, 125
Trd, 259011.650, 125
Trd, 259011.900, 122
Trd, 259011.933, 117
Trd, 259012.050, 101
Trd, 259012.117, 81
Trd, 259012.583, 111
Trd, 259012.617, 89
Trd, 259012.900, 130
Trd, 259013.117, 111
Trd, 259013.283, 110
Trd, 259013.533, 128
Trd, 259013.850, 133
Trd, 259014.300, 110
Trd, 259014.433, 120
Trd, 259014.517, 120
Trd, 259014.900, 128
Trd, 259014.967, 128
Trd, 259015.300, 131
Trd, 259015.617, 115
Trd, 259015.717, 111
Trd, 259016.117, 119
Trd, 259016.217, 110
Trd, 259017.000, 123
Trd, 259017.233, 125
Trd, 259017.550, 134
Trd, 259017.933, 135
Trd, 259018.683, 133
Trd, 259018.850, 140
Trd, 259018.967, 124
Trd, 259019.033, 113
Trd, 259019.683, 120
Trd, 259019.767, 117
Trd, 259019.933, 130
Trd, 259019.967, 107
Trd, 259020.100, 117
Trd, 259020.200, 104
Trd, 259020.433, 118
Trd, 259020.733, 100
Trd, 259021.100, 103
Trd, 259021.117, 95
Trd, 259021.217, 91
Trd, 259021.533, 112
Trd, 259022.100, 129
Trd, 259022.200, 83
Trd, 259022.250, 135
Trd, 259022.500, 134
Trd, 259022.617, 94
Trd, 259023.067, 93
Trd, 259023.350, 109
Trd, 259023.383, 110
Trd, 259023.417, 87
Trd, 259023.583, 105
Trd, 259023.800, 101
Trd, 259023.933, 91
Trd, 259024.067, 123
Trd, 259024.600, 139
Trd, 259024.950, 130
Trd, 259025.133, 128
Trd, 259025.250, 121
Trd, 259025.567, 132
Trd, 259026.350, 126
Trd, 259027.317, 136
Trd, 259027.800, 131
Trd, 259027.850, 128
Trd, 259027.867, 121
Trd, 259028.100, 136
Trd, 259028.383, 121
Trd, 259028.467, 119
Trd, 259028.633, 132
Trd, 259028.700, 116
Trd, 259028.933, 114
Trd, 259028.983, 106
Trd, 259029.317, 113
Trd, 259029.367, 104
Trd, 259029.650, 97
Trd, 259030.017, 122
Trd, 259030.367, 88
Trd, 259030.600, 90
Trd, 259030.667, 87
Trd, 259030.683, 123
Trd, 259031.017, 104
Trd, 259031.417, 113
Trd, 259031.467, 106
Trd, 259031.683, 111
Trd, 259031.967, 111
Trd, 259032.433, 104
Trd, 259032.617, 131
Trd, 259032.650, 106
Trd, 259033.550, 120
Trd, 259033.600, 111
Trd, 259033.700, 104
Trd, 259033.767, 125
Trd, 259033.917, 100
Trd, 259034.250, 126
Trd, 259034.500, 132
Trd, 259034.800, 122
Trd, 259035.033, 121
Trd, 259035.500, 123
Trd, 259035.617, 118
Trd, 259035.667, 138
Trd, 259035.967, 115
Trd, 259036.117, 129
Trd, 259036.717, 112
Trd, 259036.800, 112
Trd, 259036.867, 103
Trd, 259036.950, 102
Trd, 259037.017, 116
Trd, 259037.217, 129
Trd, 259037.567, 105
Trd, 259037.800, 122
Trd, 259038.600, 132
Trd, 259038.717, 118
Trd, 259038.733, 111
Trd, 259039.117, 117
Trd, 259039.483, 117
Trd, 259040.233, 124
Trd, 259040.267, 119
Trd, 259040.450, 112
Trd, 259040.667, 110
Trd, 259040.900, 108
Trd, 259041.183, 122
Trd, 259041.400, 126
Trd, 259041.483, 107
Trd, 259041.517, 105
Trd, 259041.800, 127
Trd, 259042.400, 124
Trd, 259042.583, 118
Trd, 259042.967, 131
Trd, 259043.367, 114
Trd, 259043.383, 111
Trd, 259043.433, 124
Trd, 259044.367, 111
Trd, 259044.433, 134
Trd, 259044.600, 110
Trd, 259044.750, 101
Trd, 259044.783, 100
Trd, 259044.950, 101
Trd, 259045.167, 116
Trd, 259045.883, 137
Trd, 259046.283, 134
Trd, 259046.417, 120
Trd, 259046.517, 108
Trd, 259046.700, 132
Trd, 259047.067, 122
Trd, 259047.833, 119
Trd, 259047.900, 120
Trd, 259048.283, 128
Trd, 259048.450, 115
Trd, 259048.517, 114
Trd, 259048.633, 98
Trd, 259049.417, 112
Trd, 259049.433, 110
Trd, 259049.500, 128
Trd, 259050.033, 132
Trd, 259050.267, 138
Trd, 259050.533, 131
Trd, 259050.633, 123
Trd, 259050.967, 115
Trd, 259051.833, 137
Trd, 259051.867, 117
Trd, 259052.033, 138
Trd, 259052.367, 103
Trd, 259052.383, 100
Trd, 259052.433, 115
Trd, 259052.533, 95
Trd, 259052.850, 116
Trd, 259053.067, 94
Trd, 259053.500, 84
Trd, 259053.717, 91
Trd, 259053.817, 92
Trd, 259053.850, 81
Trd, 259054.000, 135
Trd, 259054.183, 125
Trd, 259055.033, 135
Trd, 259055.117, 133
Trd, 259055.500, 127
Trd, 259055.617, 122
Trd, 259055.717, 121
Trd, 259056.000, 127
Trd, 259056.500, 119
Trd, 259056.600, 115
Trd, 259056.767, 114
Trd, 259056.800, 113
Trd, 259057.300, 117
Trd, 259057.750, 131
Trd, 259057.850, 115
Trd, 259058.033, 109
Trd, 259058.817, 112
Trd, 259059.517, 108
Trd, 259059.633, 122
Trd, 259059.767, 130
Trd, 259059.900, 119
Trd, 259060.067, 127
Trd, 259060.617, 131
Trd, 259061.150, 140
Trd, 259061.167, 135
Trd, 259061.633, 127
Trd, 259061.800, 119
Trd, 259061.817, 118
Trd, 259062.733, 133
Trd, 259062.867, 133
Trd, 259063.217, 131
Trd, 259063.583, 131
Trd, 259064.133, 127
Trd, 259064.250, 124
Trd, 259064.367, 131
Trd, 259064.650, 124
Trd, 259064.667, 112
Trd, 259064.817, 127
Trd, 259065.117, 104
Trd, 259065.150, 103
Trd, 259065.250, 100
Trd, 259065.350, 99
Trd, 259065.717, 138
Trd, 259066.383, 135
Trd, 259066.500, 126
Trd, 259066.567, 101
Trd, 259066.633, 103
Trd, 259066.900, 129
Trd, 259066.917, 108
Trd, 259067.817, 137
Trd, 259067.867, 130
Trd, 259067.950, 130
Trd, 259068.000, 126
Trd, 259068.417, 104
Trd, 259068.700, 116
Trd, 259068.750, 119
Trd, 259068.850, 109
Trd, 259068.983, 120
Trd, 259069.183, 96
Trd, 259070.533, 139
Trd, 259071.150, 137
Trd, 259071.317, 133
Trd, 259071.600, 134
Trd, 259071.700, 133
Trd, 259071.733, 132
Trd, 259071.783, 129
Trd, 259072.050, 124
Trd, 259072.267, 123
Trd, 259072.817, 127
Trd, 259072.983, 124
Trd, 259073.117, 135
Trd, 259073.317, 119
Trd, 259073.750, 129
Trd, 259073.850, 129
Trd, 259074.767, 130
Trd, 259074.783, 129
Trd, 259074.917, 128
Trd, 259075.217, 125
Trd, 259075.533, 127
Trd, 259075.617, 140
Trd, 259075.717, 126
Trd, 259076.217, 119
Trd, 259076.500, 137
Trd, 259076.633, 112
Trd, 259076.950, 123
Trd, 259077.167, 122
Trd, 259077.317, 118
Trd, 259077.350, 104
Trd, 259077.517, 107
Trd, 259077.817, 130
Trd, 259078.067, 96
Trd, 259078.300, 100
Trd, 259078.433, 86
Trd, 259078.700, 84
Trd, 259079.017, 121
Trd, 259079.400, 118
Trd, 259079.983, 115
Trd, 259080.050, 96
Trd, 259080.117, 133
Trd, 259080.183, 112
Trd, 259080.683, 122
Trd, 259080.800, 113
Trd, 259081.783, 133
Trd, 259082.000, 130
Trd, 259082.150, 128
Trd, 259082.533, 124
Trd, 259083.050, 121
Trd, 259083.250, 115
Trd, 259083.633, 140
Trd, 259084.350, 139
Trd, 259084.450, 130
Trd, 259084.783, 128
Trd, 259084.817, 115
Trd, 259085.050, 116
Trd, 259085.500, 90
Trd, 259085.800, 134
Trd, 259085.833, 128
Trd, 259085.850, 124
Trd, 259085.983, 114
Trd, 259086.000, 108
Trd, 259086.450, 124
Trd, 259086.483, 120
Trd, 259086.567, 108
Trd, 259087.083, 103
Trd, 259087.433, 140
Trd, 259087.550, 111
Trd, 259087.667, 122
Trd, 259087.783, 91
Trd, 259088.117, 103
Trd, 259088.567, 98
Trd, 259088.683, 117
Trd, 259088.967, 101
Trd, 259089.100, 99
Trd, 259089.567, 116
Trd, 259089.983, 134
Trd, 259090.050, 125
Trd, 259090.067, 125
Trd, 259090.617, 127
Trd, 259090.633, 120
Trd, 259090.767, 101
Trd, 259090.800, 98
Trd, 259091.300, 136
Trd, 259092.083, 109
Trd, 259092.283, 132
Trd, 259092.583, 115
Trd, 259092.817, 134
Trd, 259093.067, 116
Trd, 259093.117, 129
Trd, 259093.233, 128
Trd, 259093.600, 112
Trd, 259093.633, 112
Trd, 259093.650, 113
Trd, 259094.300, 119
Trd, 259094.883, 133
Trd, 259095.117, 118
Trd, 259095.633, 135
Trd, 259095.867, 135
Trd, 259095.900, 135
Trd, 259095.917, 134
Trd, 259096.083, 130
Trd, 259096.167, 126
Trd, 259096.383, 131
Trd, 259097.117, 140
Trd, 259097.483, 136
Trd, 259097.517, 127
Trd, 259097.800, 137
Trd, 259098.250, 135
Trd, 259098.317, 126
Trd, 259098.417, 122
Trd, 259099.183, 139
Trd, 259099.233, 126
Trd, 259099.333, 126
Trd, 259099.500, 125
Trd, 259100.433, 138
Trd, 259100.733, 132
Trd, 259100.900, 130
Trd, 259100.933, 128
Trd, 259101.233, 120
Trd, 259101.450, 121
Trd, 259101.833, 124
Trd, 259101.933, 120
Trd, 259102.133, 130
Trd, 259102.400, 119
Trd, 259102.417, 119
Trd, 259102.617, 114
Trd, 259103.267, 121
Trd, 259103.550, 119
Trd, 259103.783, 103
Trd, 259103.883, 120
Trd, 259104.217, 115
Trd, 259104.367, 110
Trd, 259104.750, 105
Trd, 259104.900, 97
Trd, 259105.217, 112
Trd, 259105.367, 133
Trd, 259105.600, 123
Trd, 259105.967, 131
Trd, 259106.017, 130
Trd, 259106.167, 123
Trd, 259106.450, 114
Trd, 259106.500, 112
Trd, 259106.967, 109
Trd, 259107.317, 112
Trd, 259107.583, 110
Trd, 259107.800, 116
Trd, 259107.933, 121
Trd, 259108.433, 111
Trd, 259109.250, 125
Trd, 259109.450, 104
Trd, 259109.550, 104
Trd, 259109.600, 106
Trd, 259109.617, 102
Trd, 259110.067, 129
Trd, 259110.233, 123
Trd, 259110.533, 116
Trd, 259110.867, 126
Trd, 259111.067, 120
Trd, 259111.117, 116
Trd, 259111.433, 128
Trd, 259111.483, 123
Trd, 259111.750, 92
Trd, 259112.367, 94
Trd, 259112.533, 118
Trd, 259112.867, 117
Trd, 259113.267, 125
Trd, 259113.317, 119
Trd, 259113.333, 109
Trd, 259113.367, 102
Trd, 259113.717, 96
Trd, 259113.733, 119
Trd, 259113.933, 116
Trd, 259114.183, 112
Trd, 259114.200, 107
Trd, 259114.583, 133
Trd, 259114.950, 108
Trd, 259115.100, 105
Trd, 259115.567, 138
Trd, 259115.883, 136
Trd, 259115.933, 135
Trd, 259116.550, 137
Trd, 259116.833, 133
Trd, 259117.150, 132
Trd, 259117.217, 115
Trd, 259117.500, 104
Trd, 259117.617, 93
Trd, 259118.567, 131
Trd, 259118.883, 139
Trd, 259119.533, 130
Trd, 259119.833, 134
Trd, 259119.950, 110
Trd, 259120.033, 118
Trd, 259120.083, 107
Trd, 259120.333, 106
Trd, 259120.700, 121
Trd, 259121.000, 126
Trd, 259121.983, 136
Trd, 259122.017, 131
Trd, 259122.283, 131
Trd, 259122.317, 129
Trd, 259122.667, 122
Trd, 259123.400, 125
Trd, 259123.767, 137
Trd, 259123.800, 126
Trd, 259123.917, 121
Trd, 259124.133, 120
Trd, 259124.150, 119
Trd, 259124.233, 123
Trd, 259124.433, 134
Trd, 259124.967, 133
Trd, 259125.167, 124
Trd, 259125.217, 119
Trd, 259125.233, 118
Trd, 259125.350, 128
Trd, 259125.600, 118
Trd, 259125.767, 120
Trd, 259125.967, 137
Trd, 259126.167, 137
Trd, 259126.183, 120
Trd, 259126.667, 129
Trd, 259126.733, 123
Trd, 259126.983, 131
Trd, 259127.283, 98
Trd, 259127.350, 96
Trd, 259127.467, 93
Trd, 259127.900, 131
Trd, 259127.950, 109
Trd, 259128.550, 110
Trd, 259129.033, 109
Trd, 259129.400, 109
Trd, 259129.517, 108
Trd, 259129.733, 126
Trd, 259130.083, 113
Trd, 259130.267, 106
Trd, 259130.567, 113
Trd, 259130.683, 140
Trd, 259131.050, 111
Trd, 259131.400, 109
Trd, 259131.500, 105
Trd, 259131.633, 99
Trd, 259131.950, 84
Trd, 259132.150, 109
Trd, 259132.283, 110
Trd, 259132.400, 110
Trd, 259132.650, 113
Trd, 259132.983, 135
Trd, 259133.417, 91
Trd, 259133.617, 94
Trd, 259133.717, 98
Trd, 259134.133, 107
Trd, 259134.183, 117
Trd, 259134.333, 103
Trd, 259134.533, 106
Trd, 259134.667, 134
Trd, 259134.900, 135
Trd, 259134.917, 102
Trd, 259135.033, 108
Trd, 259135.183, 127
Trd, 259135.250, 112
Trd, 259135.483, 114
Trd, 259136.100, 110
Trd, 259136.700, 114
Trd, 259136.983, 100
Trd, 259137.433, 132
Trd, 259137.450, 122
Trd, 259137.533, 95
Trd, 259137.583, 94
Trd, 259138.017, 79
Trd, 259138.700, 69
Trd, 259138.900, 102
Trd, 259139.133, 128
Trd, 259139.233, 125
Trd, 259139.333, 120
Trd, 259139.517, 84
Trd, 259139.617, 78
Trd, 259139.750, 71
Trd, 259139.967, 106
Trd, 259140.417, 132
Trd, 259140.467, 113
Trd, 259141.083, 127
Trd, 259141.267, 122
Trd, 259142.050, 125
Trd, 259142.067, 124
Trd, 259142.250, 138
Trd, 259142.283, 124
Trd, 259142.417, 121
Trd, 259142.533, 120
Trd, 259142.600, 107
Trd, 259143.317, 113
Trd, 259143.983, 113
Trd, 259144.217, 135
Trd, 259144.383, 110
Trd, 259144.967, 128
Trd, 259145.100, 121
Trd, 259145.217, 119
Trd, 259145.250, 107
Trd, 259145.300, 106
Trd, 259145.433, 103
Trd, 259145.667, 95
Trd, 259146.100, 96
Trd, 259146.150, 126
Trd, 259146.667, 117
Trd, 259146.683, 127
Trd, 259146.850, 113
Trd, 259147.500, 134
Trd, 259147.567, 133
Trd, 259147.650, 121
Trd, 259148.267, 116
Trd, 259148.400, 113
Trd, 259149.350, 100
Trd, 259149.400, 102
Trd, 259149.467, 97
Trd, 259149.533, 118
Trd, 259149.650, 95
Trd, 259149.933, 105
Trd, 259150.050, 87
Trd, 259150.300, 98
Trd, 259150.383, 100
Trd, 259150.417, 115
Trd, 259150.800, 107
Trd, 259151.033, 109
Trd, 259151.117, 84
Trd, 259151.267, 130
Trd, 259151.467, 118
Trd, 259152.100, 93
Trd, 259152.817, 119
Trd, 259153.567, 128
Trd, 259153.933, 136
Trd, 259154.117, 138
Trd, 259154.400, 135
Trd, 259154.700, 134
Trd, 259154.750, 131
Trd, 259155.133, 127
Trd, 259155.250, 125
Trd, 259155.317, 108
Trd, 259155.400, 117
Trd, 259155.800, 125
Trd, 259156.000, 130
Trd, 259156.067, 109
Trd, 259156.617, 129
Trd, 259156.733, 136
Trd, 259156.900, 127
Trd, 259157.000, 125
Trd, 259157.117, 122
Trd, 259157.400, 121
Trd, 259157.500, 114
Trd, 259159.383, 136
Trd, 259159.417, 137
Trd, 259159.683, 134
Trd, 259159.833, 129
Trd, 259159.900, 107
Trd, 259160.533, 95
Trd, 259160.600, 94
Trd, 259160.683, 93
Trd, 259161.117, 133
Trd, 259161.150, 133
Trd, 259161.717, 124
Trd, 259161.733, 123
Trd, 259161.950, 102
Trd, 259162.017, 120
Trd, 259162.500, 133
Trd, 259162.917, 122
Trd, 259162.983, 120
Trd, 259163.683, 132
Trd, 259163.717, 131
Trd, 259163.783, 130
Trd, 259163.900, 120
Trd, 259164.567, 140
Trd, 259164.633, 130
Trd, 259164.933, 118
Trd, 259165.183, 115
Trd, 259165.500, 129
Trd, 259165.833, 110
Trd, 259166.067, 132
Trd, 259166.750, 125
Trd, 259166.767, 112
Trd, 259166.867, 108
Trd, 259167.117, 108
Trd, 259167.133, 103
Trd, 259167.300, 134
Trd, 259167.733, 106
Trd, 259168.500, 101
Trd, 259168.583, 90
Trd, 259168.600, 90
Trd, 259168.800, 114
Trd, 259168.917, 107
Trd, 259169.317, 118
Trd, 259169.833, 116
Trd, 259170.167, 118
Trd, 259170.183, 130
Trd, 259170.450, 108
Trd, 259170.517, 113
Trd, 259170.600, 99
Trd, 259170.850, 109
Trd, 259171.033, 115
Trd, 259171.167, 108
Trd, 259171.183, 116
Trd, 259172.967, 139
Trd, 259173.333, 138
Trd, 259173.550, 132
Trd, 259173.650, 137
Trd, 259173.700, 129
Trd, 259174.183, 130
Trd, 259174.250, 129
Trd, 259174.483, 126
Trd, 259175.183, 136
Trd, 259175.267, 124
Trd, 259175.483, 123
Trd, 259175.767, 118
Trd, 259175.967, 117
Trd, 259176.100, 115
Trd, 259176.117, 112
Trd, 259176.950, 114
Trd, 259177.467, 130
Trd, 259177.550, 123
Trd, 259177.667, 127
Trd, 259178.183, 128
Trd, 259178.350, 120
Trd, 259179.033, 110
Trd, 259179.150, 110
Trd, 259179.350, 109
Trd, 259179.617, 107
Trd, 259179.633, 104
Trd, 259179.650, 103
Trd, 259179.683, 121
Trd, 259179.817, 99
Trd, 259179.883, 99
Trd, 259180.067, 90
Trd, 259180.283, 98
Trd, 259180.550, 102
Trd, 259180.817, 131
Trd, 259180.950, 126
Trd, 259181.300, 138
Trd, 259181.333, 97
Trd, 259181.950, 135
Trd, 259182.083, 134
Trd, 259182.983, 125
Trd, 259183.167, 134
Trd, 259183.483, 137
Trd, 259183.500, 131
Trd, 259183.833, 123
Trd, 259183.967, 121
Trd, 259183.983, 121
Trd, 259184.500, 132
Trd, 259184.583, 125
Trd, 259184.633, 125
Trd, 259184.783, 124
Trd, 259185.183, 125
Trd, 259185.550, 123
Trd, 259185.717, 125
Trd, 259185.933, 127
Trd, 259186.017, 120
Trd, 259186.283, 123
Trd, 259186.317, 122
Trd, 259186.350, 107
Trd, 259186.417, 127
Trd, 259186.567, 105
Trd, 259186.917, 107
Trd, 259187.317, 127
Trd, 259187.717, 138
Trd, 259188.000, 137
Trd, 259188.300, 123
Trd, 259188.700, 128
Trd, 259189.200, 135
Trd, 259189.267, 139
Trd, 259189.833, 130
Trd, 259190.083, 134
Trd, 259190.150, 127
Trd, 259190.667, 140
Trd, 259190.717, 135
Trd, 259190.850, 126
Trd, 259190.867, 126
Trd, 259191.850, 129
Trd, 259192.000, 132
Trd, 259192.100, 125
Trd, 259192.333, 121
Trd, 259192.350, 119
Trd, 259192.517, 122
Trd, 259192.550, 120
Trd, 259192.583, 118
Trd, 259192.667, 124
Trd, 259192.783, 118
Trd, 259193.183, 126
Trd, 259193.433, 121
Trd, 259193.517, 117
Trd, 259194.483, 130
Trd, 259194.617, 117
Trd, 259194.750, 124
Trd, 259194.900, 131
Trd, 259195.183, 116
Trd, 259195.567, 132
Trd, 259195.633, 128
Trd, 259195.750, 108
Trd, 259195.967, 104
Trd, 259196.217, 115
Trd, 259196.533, 104
Trd, 259196.700, 129
Trd, 259197.083, 136
Trd, 259197.133, 118
Trd, 259197.217, 117
Trd, 259197.617, 126
Trd, 259198.000, 117
Trd, 259198.467, 120
Trd, 259198.667, 110
Trd, 259199.150, 103
Trd, 259199.600, 132
Trd, 259200.000, 130
