Trd, 258576.750, 121
Trd, 258577.000, 93
Trd, 258577.100, 122
Trd, 258577.200, 91
Trd, 258577.250, 88
Trd, 258577.733, 88
Trd, 258577.867, 113
Trd, 258577.883, 87
Trd, 258578.017, 113
Trd, 258578.283, 100
Trd, 258579.100, 109
Trd, 258579.333, 126
Trd, 258579.433, 135
Trd, 258579.483, 105
Trd, 258579.633, 102
Trd, 258579.667, 101
Trd, 258580.467, 127
Trd, 258580.583, 125
Trd, 258580.883, 126
Trd, 258581.283, 140
Trd, 258581.683, 139
Trd, 258581.733, 136
Trd, 258582.233, 127
Trd, 258582.400, 123
Trd, 258582.433, 121
Trd, 258582.750, 115
Trd, 258582.883, 109
Trd, 258583.333, 136
Trd, 258583.467, 108
Trd, 258583.733, 135
Trd, 258583.900, 104
Trd, 258584.183, 107
Trd, 258584.267, 102
Trd, 258584.667, 98
Trd, 258585.150, 91
Trd, 258585.200, 91
Trd, 258585.250, 86
Trd, 258585.483, 83
Trd, 258585.817, 139
Trd, 258585.850, 138
Trd, 258585.933, 128
Trd, 258586.200, 129
Trd, 258586.467, 126
Trd, 258586.817, 123
Trd, 258587.000, 124
Trd, 258587.067, 130
Trd, 258587.200, 114
Trd, 258587.250, 109
Trd, 258587.300, 108
Trd, 258587.400, 105
Trd, 258587.650, 103
Trd, 258588.200, 113
Trd, 258588.450, 106
Trd, 258589.567, 97
Trd, 258589.900, 96
Trd, 258590.033, 114
Trd, 258590.233, 125
Trd, 258590.467, 125
Trd, 258590.500, 133
Trd, 258590.617, 116
Trd, 258590.733, 103
Trd, 258591.067, 117
Trd, 258591.100, 116
Trd, 258591.433, 111
Trd, 258591.767, 107
Trd, 258591.833, 121
Trd, 258592.250, 112
Trd, 258592.483, 138
Trd, 258592.633, 140
Trd, 258592.783, 115
Trd, 258592.983, 108
Trd, 258593.017, 106
Trd, 258593.067, 96
Trd, 258593.083, 90
Trd, 258593.267, 131
Trd, 258594.617, 130
Trd, 258594.867, 130
Trd, 258594.983, 123
Trd, 258595.100, 121
Trd, 258595.250, 115
Trd, 258595.650, 115
Trd, 258596.017, 117
Trd, 258596.450, 120
Trd, 258596.700, 113
Trd, 258596.717, 108
Trd, 258597.267, 105
Trd, 258597.300, 102
Trd, 258597.533, 104
Trd, 258597.767, 130
Trd, 258597.800, 136
Trd, 258597.817, 110
Trd, 258598.200, 126
Trd, 258598.250, 124
Trd, 258598.300, 118
Trd, 258598.383, 115
Trd, 258598.517, 109
Trd, 258598.817, 100
Trd, 258599.117, 134
Trd, 258599.967, 135
Trd, 258600.117, 133
Trd, 258600.367, 117
Trd, 258600.417, 112
Trd, 258600.717, 103
Trd, 258600.950, 101
Trd, 258601.100, 107
Trd, 258601.150, 99
Trd, 258601.200, 85
Trd, 258601.317, 68
Trd, 258601.450, 133
Trd, 258601.583, 133
Trd, 258601.983, 111
Trd, 258602.650, 112
Trd, 258602.667, 95
Trd, 258602.783, 118
Trd, 258602.917, 131
Trd, 258603.267, 123
Trd, 258603.367, 118
Trd, 258603.967, 110
Trd, 258603.983, 108
Trd, 258604.017, 115
Trd, 258604.033, 118
Trd, 258604.317, 97
Trd, 258604.467, 91
Trd, 258604.633, 91
Trd, 258605.850, 110
Trd, 258605.983, 110
Trd, 258606.017, 129
Trd, 258606.133, 110
Trd, 258606.533, 137
Trd, 258607.050, 135
Trd, 258607.083, 134
Trd, 258607.700, 134
Trd, 258607.717, 132
Trd, 258607.817, 131
Trd, 258608.350, 131
Trd, 258608.500, 130
Trd, 258608.550, 126
Trd, 258608.667, 137
Trd, 258608.683, 120
Trd, 258608.833, 115
Trd, 258608.933, 117
Trd, 258609.117, 102
Trd, 258609.133, 99
Trd, 258609.300, 135
Trd, 258609.383, 87
Trd, 258609.617, 87
Trd, 258609.800, 113
Trd, 258609.833, 102
Trd, 258610.000, 94
Trd, 258610.850, 106
Trd, 258611.167, 104
Trd, 258611.533, 123
Trd, 258611.983, 119
Trd, 258612.367, 127
Trd, 258612.517, 120
Trd, 258612.600, 140
Trd, 258612.967, 104
Trd, 258613.317, 102
Trd, 258614.000, 122
Trd, 258614.167, 108
Trd, 258614.267, 99
Trd, 258614.283, 99
Trd, 258614.517, 119
Trd, 258614.700, 118
Trd, 258615.100, 99
Trd, 258615.350, 94
Trd, 258615.450, 93
Trd, 258615.633, 91
Trd, 258615.717, 78
Trd, 258615.783, 108
Trd, 258615.800, 109
Trd, 258615.967, 107
Trd, 258616.100, 120
Trd, 258616.567, 113
Trd, 258616.683, 111
Trd, 258616.817, 109
Trd, 258617.017, 115
Trd, 258617.650, 106
Trd, 258617.883, 115
Trd, 258617.900, 131
Trd, 258618.250, 98
Trd, 258618.317, 87
Trd, 258618.467, 112
Trd, 258618.767, 138
Trd, 258619.000, 127
Trd, 258619.017, 116
Trd, 258619.183, 115
Trd, 258619.617, 120
Trd, 258619.867, 107
Trd, 258620.233, 92
Trd, 258620.383, 85
Trd, 258620.433, 84
Trd, 258620.867, 117
Trd, 258620.967, 115
Trd, 258621.300, 90
Trd, 258621.667, 108
Trd, 258621.967, 111
Trd, 258622.717, 112
Trd, 258622.900, 101
Trd, 258622.933, 100
Trd, 258623.083, 127
Trd, 258623.250, 101
Trd, 258623.867, 103
Trd, 258623.933, 99
Trd, 258624.050, 113
Trd, 258624.483, 126
Trd, 258624.567, 127
Trd, 258624.583, 99
Trd, 258624.917, 100
Trd, 258625.017, 92
Trd, 258625.133, 95
Trd, 258625.250, 114
Trd, 258625.300, 89
Trd, 258625.867, 103
Trd, 258625.967, 124
Trd, 258626.300, 114
Trd, 258626.333, 119
Trd, 258626.917, 104
Trd, 258627.517, 125
Trd, 258627.633, 124
Trd, 258628.067, 118
Trd, 258628.150, 130
Trd, 258628.550, 125
Trd, 258629.467, 136
Trd, 258630.000, 137
Trd, 258630.283, 129
Trd, 258630.350, 129
Trd, 258630.667, 129
Trd, 258630.983, 126
Trd, 258631.200, 123
Trd, 258632.067, 130
Trd, 258632.450, 137
Trd, 258632.483, 130
Trd, 258632.500, 117
Trd, 258632.533, 115
Trd, 258632.967, 110
Trd, 258633.033, 108
Trd, 258633.167, 107
Trd, 258633.217, 102
Trd, 258633.483, 91
Trd, 258633.683, 90
Trd, 258633.700, 97
Trd, 258633.717, 89
Trd, 258634.433, 116
Trd, 258634.567, 118
Trd, 258634.850, 126
Trd, 258634.917, 105
Trd, 258635.700, 95
Trd, 258635.717, 89
Trd, 258635.933, 84
Trd, 258636.000, 103
Trd, 258636.317, 119
Trd, 258636.700, 111
Trd, 258636.767, 108
Trd, 258636.800, 101
Trd, 258637.350, 135
Trd, 258637.417, 124
Trd, 258637.483, 94
Trd, 258637.817, 82
Trd, 258637.967, 66
Trd, 258638.017, 67
Trd, 258638.233, 112
Trd, 258638.850, 119
Trd, 258639.667, 119
Trd, 258640.067, 136
Trd, 258640.233, 111
Trd, 258640.617, 119
Trd, 258640.700, 110
Trd, 258640.850, 108
Trd, 258640.883, 103
Trd, 258641.150, 102
Trd, 258641.600, 130
Trd, 258641.733, 129
Trd, 258642.000, 114
Trd, 258642.233, 119
Trd, 258642.250, 110
Trd, 258642.267, 109
Trd, 258642.600, 126
Trd, 258642.717, 116
Trd, 258643.350, 133
Trd, 258643.700, 97
Trd, 258643.933, 92
Trd, 258644.050, 111
Trd, 258644.217, 107
Trd, 258644.583, 114
Trd, 258644.667, 106
Trd, 258644.817, 104
Trd, 258645.000, 107
Trd, 258645.117, 101
Trd, 258645.333, 114
Trd, 258645.500, 136
Trd, 258645.733, 124
Trd, 258645.983, 119
Trd, 258646.483, 123
Trd, 258646.567, 112
Trd, 258646.700, 108
Trd, 258646.883, 119
Trd, 258647.267, 134
Trd, 258647.500, 124
Trd, 258647.650, 102
Trd, 258647.967, 101
Trd, 258648.017, 127
Trd, 258648.433, 96
Trd, 258648.700, 84
Trd, 258648.833, 104
Trd, 258649.033, 109
Trd, 258649.067, 107
Trd, 258649.133, 121
Trd, 258649.150, 127
Trd, 258649.333, 66
Trd, 258649.783, 65
Trd, 258649.950, 68
Trd, 258650.167, 119
Trd, 258650.717, 122
Trd, 258651.783, 129
Trd, 258651.933, 126
Trd, 258651.967, 119
Trd, 258652.033, 117
Trd, 258652.100, 102
Trd, 258652.500, 121
Trd, 258652.583, 99
Trd, 258652.717, 81
Trd, 258653.183, 109
Trd, 258653.667, 89
Trd, 258653.767, 91
Trd, 258654.050, 118
Trd, 258654.167, 92
Trd, 258654.417, 102
Trd, 258654.483, 138
Trd, 258655.083, 107
Trd, 258655.250, 108
Trd, 258655.450, 104
Trd, 258655.850, 115
Trd, 258656.017, 114
Trd, 258656.050, 118
Trd, 258656.133, 112
Trd, 258656.283, 112
Trd, 258656.300, 108
Trd, 258656.417, 96
Trd, 258656.733, 94
Trd, 258656.917, 88
Trd, 258657.967, 135
Trd, 258658.167, 89
Trd, 258658.233, 88
Trd, 258658.300, 85
Trd, 258658.817, 117
Trd, 258659.233, 85
Trd, 258659.617, 124
Trd, 258659.800, 77
Trd, 258659.833, 135
Trd, 258660.100, 131
Trd, 258660.233, 122
Trd, 258660.250, 120
Trd, 258660.350, 115
Trd, 258660.933, 136
Trd, 258660.967, 127
Trd, 258661.667, 128
Trd, 258661.767, 110
Trd, 258662.150, 109
Trd, 258662.200, 89
Trd, 258663.100, 123
Trd, 258663.117, 112
Trd, 258663.133, 107
Trd, 258663.333, 130
Trd, 258663.367, 96
Trd, 258663.717, 131
Trd, 258664.150, 102
Trd, 258664.750, 110
Trd, 258665.283, 97
Trd, 258665.767, 80
Trd, 258665.783, 80
Trd, 258665.800, 138
Trd, 258665.950, 84
Trd, 258666.283, 124
Trd, 258666.417, 107
Trd, 258666.667, 110
Trd, 258666.750, 96
Trd, 258666.950, 129
Trd, 258667.217, 108
Trd, 258667.350, 132
Trd, 258667.500, 108
Trd, 258667.600, 96
Trd, 258667.917, 103
Trd, 258668.033, 112
Trd, 258668.050, 82
Trd, 258668.517, 93
Trd, 258668.733, 124
Trd, 258669.150, 117
Trd, 258669.383, 115
Trd, 258669.567, 114
Trd, 258669.583, 112
Trd, 258670.083, 117
Trd, 258670.600, 113
Trd, 258670.933, 111
Trd, 258671.183, 117
Trd, 258671.283, 108
Trd, 258671.433, 108
Trd, 258671.683, 106
Trd, 258672.533, 121
Trd, 258672.717, 117
Trd, 258672.767, 113
Trd, 258672.833, 111
Trd, 258673.033, 138
Trd, 258673.133, 123
Trd, 258673.533, 140
Trd, 258674.150, 130
Trd, 258674.267, 109
Trd, 258674.583, 106
Trd, 258674.700, 99
Trd, 258675.083, 106
Trd, 258675.200, 136
Trd, 258676.133, 140
Trd, 258676.600, 128
Trd, 258676.667, 117
Trd, 258676.833, 112
Trd, 258677.167, 131
Trd, 258677.217, 110
Trd, 258677.267, 97
Trd, 258677.400, 88
Trd, 258677.467, 76
Trd, 258677.683, 129
Trd, 258677.817, 127
Trd, 258677.933, 109
Trd, 258678.100, 100
Trd, 258678.467, 111
Trd, 258678.850, 108
Trd, 258679.017, 106
Trd, 258679.233, 96
Trd, 258679.367, 108
Trd, 258679.600, 97
Trd, 258679.783, 114
Trd, 258679.967, 98
Trd, 258681.100, 135
Trd, 258681.150, 128
Trd, 258681.383, 128
Trd, 258681.483, 104
Trd, 258681.567, 104
Trd, 258681.683, 98
Trd, 258681.783, 105
Trd, 258681.833, 98
Trd, 258682.250, 101
Trd, 258682.383, 105
Trd, 258683.000, 107
Trd, 258683.317, 120
Trd, 258683.667, 115
Trd, 258684.167, 115
Trd, 258684.417, 134
Trd, 258684.617, 112
Trd, 258684.983, 113
Trd, 258685.233, 111
Trd, 258685.883, 108
Trd, 258685.933, 106
Trd, 258685.950, 106
Trd, 258686.117, 128
Trd, 258686.167, 121
Trd, 258686.183, 99
Trd, 258686.467, 80
Trd, 258686.583, 87
Trd, 258687.033, 93
Trd, 258687.150, 98
Trd, 258687.217, 109
Trd, 258687.417, 101
Trd, 258687.467, 83
Trd, 258687.750, 112
Trd, 258688.017, 109
Trd, 258688.283, 138
Trd, 258688.483, 125
Trd, 258688.917, 114
Trd, 258689.067, 102
Trd, 258689.183, 113
Trd, 258689.217, 96
Trd, 258689.383, 122
Trd, 258689.767, 117
Trd, 258690.367, 116
Trd, 258690.583, 111
Trd, 258690.750, 109
Trd, 258690.867, 115
Trd, 258691.017, 122
Trd, 258691.383, 104
Trd, 258691.667, 129
Trd, 258691.750, 137
Trd, 258691.783, 123
Trd, 258692.683, 96
Trd, 258692.767, 91
Trd, 258693.167, 123
Trd, 258693.217, 119
Trd, 258693.383, 138
Trd, 258693.450, 112
Trd, 258693.900, 121
Trd, 258694.133, 123
Trd, 258694.383, 123
Trd, 258694.517, 123
Trd, 258694.750, 113
Trd, 258695.017, 98
Trd, 258695.300, 119
Trd, 258695.383, 96
Trd, 258695.633, 130
Trd, 258695.983, 130
Trd, 258696.167, 107
Trd, 258696.183, 100
Trd, 258696.633, 113
Trd, 258696.750, 103
Trd, 258697.200, 106
Trd, 258697.217, 101
Trd, 258697.717, 106
Trd, 258698.550, 120
Trd, 258698.717, 127
Trd, 258699.050, 125
Trd, 258699.100, 116
Trd, 258699.117, 109
Trd, 258699.133, 105
Trd, 258699.283, 107
Trd, 258699.867, 114
Trd, 258699.933, 104
Trd, 258700.100, 102
Trd, 258700.133, 101
Trd, 258700.417, 98
Trd, 258700.450, 72
Trd, 258700.650, 139
Trd, 258701.517, 127
Trd, 258701.833, 123
Trd, 258701.900, 119
Trd, 258702.000, 118
Trd, 258702.733, 117
Trd, 258703.150, 111
Trd, 258703.217, 124
Trd, 258703.467, 111
Trd, 258703.767, 111
Trd, 258703.800, 102
Trd, 258703.917, 109
Trd, 258703.950, 109
Trd, 258704.083, 95
Trd, 258704.467, 94
Trd, 258704.700, 136
Trd, 258704.750, 126
Trd, 258705.017, 69
Trd, 258705.967, 117
Trd, 258706.333, 132
Trd, 258706.417, 126
Trd, 258706.867, 123
Trd, 258707.217, 109
Trd, 258707.267, 108
Trd, 258707.350, 105
Trd, 258707.500, 102
Trd, 258707.750, 99
Trd, 258708.017, 104
Trd, 258708.050, 121
Trd, 258708.500, 111
Trd, 258708.633, 105
Trd, 258708.867, 96
Trd, 258708.883, 121
Trd, 258709.150, 114
Trd, 258709.333, 134
Trd, 258709.667, 122
Trd, 258709.750, 119
Trd, 258710.233, 124
Trd, 258710.417, 114
Trd, 258710.650, 118
Trd, 258710.800, 123
Trd, 258711.167, 109
Trd, 258711.333, 107
Trd, 258711.417, 104
Trd, 258711.933, 102
Trd, 258712.217, 74
Trd, 258712.250, 68
Trd, 258712.383, 74
Trd, 258713.533, 123
Trd, 258713.767, 104
Trd, 258714.067, 107
Trd, 258714.167, 103
Trd, 258714.250, 129
Trd, 258714.450, 102
Trd, 258714.533, 97
Trd, 258714.567, 106
Trd, 258714.983, 135
Trd, 258715.167, 129
Trd, 258715.517, 139
Trd, 258715.617, 124
Trd, 258716.367, 123
Trd, 258716.900, 123
Trd, 258716.983, 133
Trd, 258717.867, 110
Trd, 258717.900, 119
Trd, 258717.933, 108
Trd, 258718.650, 140
Trd, 258718.733, 132
Trd, 258718.750, 121
Trd, 258718.817, 125
Trd, 258718.967, 121
Trd, 258719.083, 111
Trd, 258719.100, 104
Trd, 258719.117, 96
Trd, 258719.300, 113
Trd, 258719.450, 128
Trd, 258720.983, 138
Trd, 258721.350, 125
Trd, 258721.633, 114
Trd, 258721.700, 129
Trd, 258722.017, 104
Trd, 258722.150, 124
Trd, 258722.250, 101
Trd, 258722.483, 98
Trd, 258722.533, 90
Trd, 258722.583, 116
Trd, 258722.900, 96
Trd, 258723.083, 120
Trd, 258723.200, 119
Trd, 258723.417, 114
Trd, 258723.583, 88
Trd, 258723.617, 86
Trd, 258723.683, 93
Trd, 258723.700, 85
Trd, 258723.833, 89
Trd, 258724.050, 101
Trd, 258724.400, 100
Trd, 258724.567, 93
Trd, 258724.900, 110
Trd, 258725.050, 107
Trd, 258725.083, 105
Trd, 258726.133, 132
Trd, 258726.250, 130
Trd, 258726.400, 122
Trd, 258726.650, 134
Trd, 258726.767, 121
Trd, 258726.850, 118
Trd, 258727.067, 116
Trd, 258727.083, 110
Trd, 258727.267, 107
Trd, 258727.467, 104
Trd, 258727.483, 101
Trd, 258728.017, 96
Trd, 258728.067, 88
Trd, 258728.167, 113
Trd, 258728.800, 139
Trd, 258729.400, 134
Trd, 258729.500, 122
Trd, 258729.583, 112
Trd, 258729.717, 108
Trd, 258729.767, 106
Trd, 258730.150, 111
Trd, 258730.183, 104
Trd, 258730.483, 124
Trd, 258730.633, 87
Trd, 258730.650, 85
Trd, 258730.667, 83
Trd, 258731.267, 135
Trd, 258731.500, 125
Trd, 258732.000, 120
Trd, 258732.150, 92
Trd, 258732.267, 84
Trd, 258732.783, 104
Trd, 258732.850, 107
Trd, 258733.183, 113
Trd, 258733.217, 90
Trd, 258733.517, 102
Trd, 258734.300, 97
Trd, 258734.650, 90
Trd, 258734.983, 87
Trd, 258735.083, 118
Trd, 258735.250, 82
Trd, 258735.433, 82
Trd, 258735.550, 85
Trd, 258735.567, 84
Trd, 258735.667, 103
Trd, 258735.783, 99
Trd, 258735.817, 105
Trd, 258736.167, 118
Trd, 258736.350, 86
Trd, 258736.850, 94
Trd, 258737.233, 129
Trd, 258737.383, 108
Trd, 258737.450, 89
Trd, 258737.467, 86
Trd, 258737.633, 97
Trd, 258737.867, 128
Trd, 258738.167, 130
Trd, 258738.450, 133
Trd, 258738.650, 84
Trd, 258738.700, 104
Trd, 258739.517, 134
Trd, 258740.133, 128
Trd, 258740.733, 123
Trd, 258740.767, 117
Trd, 258741.000, 120
Trd, 258741.467, 121
Trd, 258741.683, 111
Trd, 258742.083, 140
Trd, 258742.333, 136
Trd, 258742.350, 126
Trd, 258742.583, 110
Trd, 258742.933, 130
Trd, 258743.100, 115
Trd, 258743.167, 109
Trd, 258743.467, 95
Trd, 258743.500, 95
Trd, 258743.600, 85
Trd, 258744.267, 111
Trd, 258744.417, 105
Trd, 258744.483, 98
Trd, 258744.517, 113
Trd, 258745.583, 123
Trd, 258745.817, 128
Trd, 258746.033, 117
Trd, 258746.117, 116
Trd, 258746.450, 102
Trd, 258746.633, 101
Trd, 258746.683, 100
Trd, 258747.417, 118
Trd, 258747.500, 116
Trd, 258748.417, 118
Trd, 258748.433, 112
Trd, 258748.550, 111
Trd, 258748.583, 124
Trd, 258749.067, 125
Trd, 258749.383, 122
Trd, 258749.483, 120
Trd, 258749.717, 117
Trd, 258749.733, 111
Trd, 258750.067, 101
Trd, 258750.383, 91
Trd, 258750.633, 95
Trd, 258750.767, 86
Trd, 258750.850, 101
Trd, 258750.917, 110
Trd, 258751.317, 113
Trd, 258751.417, 123
Trd, 258751.450, 128
Trd, 258752.767, 126
Trd, 258753.050, 125
Trd, 258753.083, 124
Trd, 258753.117, 121
Trd, 258753.233, 120
Trd, 258753.250, 119
Trd, 258753.367, 107
Trd, 258753.950, 109
Trd, 258753.967, 115
Trd, 258754.133, 125
Trd, 258754.467, 122
Trd, 258754.500, 110
Trd, 258754.733, 111
Trd, 258754.817, 105
Trd, 258755.000, 99
Trd, 258755.017, 98
Trd, 258755.233, 123
Trd, 258755.333, 106
Trd, 258755.450, 131
Trd, 258755.667, 92
Trd, 258755.850, 102
Trd, 258755.967, 96
Trd, 258756.217, 92
Trd, 258756.950, 109
Trd, 258756.983, 123
Trd, 258757.033, 131
Trd, 258757.950, 139
Trd, 258758.500, 130
Trd, 258758.883, 124
Trd, 258759.150, 118
Trd, 258759.383, 116
Trd, 258759.517, 110
Trd, 258759.950, 132
Trd, 258760.200, 121
Trd, 258760.433, 114
Trd, 258760.533, 109
Trd, 258760.733, 121
Trd, 258760.900, 125
Trd, 258761.717, 113
Trd, 258762.217, 110
Trd, 258762.400, 100
Trd, 258762.817, 91
Trd, 258762.983, 102
Trd, 258763.083, 108
Trd, 258763.183, 90
Trd, 258763.200, 115
Trd, 258763.300, 129
Trd, 258763.367, 111
Trd, 258763.633, 135
Trd, 258764.117, 128
Trd, 258764.600, 140
Trd, 258764.750, 107
Trd, 258764.817, 99
Trd, 258764.883, 88
Trd, 258765.167, 132
Trd, 258766.083, 85
Trd, 258766.117, 104
Trd, 258766.317, 84
Trd, 258766.950, 125
Trd, 258767.467, 107
Trd, 258767.633, 101
Trd, 258767.667, 83
Trd, 258767.850, 86
Trd, 258767.900, 94
Trd, 258768.267, 93
Trd, 258768.333, 123
Trd, 258768.400, 94
Trd, 258768.467, 132
Trd, 258768.750, 106
Trd, 258768.850, 117
Trd, 258769.267, 95
Trd, 258769.333, 89
Trd, 258769.517, 87
Trd, 258769.900, 84
Trd, 258770.100, 99
Trd, 258770.333, 91
Trd, 258770.383, 85
Trd, 258770.683, 102
Trd, 258770.983, 108
Trd, 258771.250, 114
Trd, 258771.300, 90
Trd, 258771.700, 95
Trd, 258771.850, 106
Trd, 258772.100, 115
Trd, 258772.233, 120
Trd, 258772.467, 103
Trd, 258772.750, 118
Trd, 258773.017, 118
Trd, 258773.100, 103
Trd, 258773.133, 86
Trd, 258773.633, 82
Trd, 258773.800, 124
Trd, 258774.133, 84
Trd, 258774.283, 88
Trd, 258774.417, 118
Trd, 258774.583, 92
Trd, 258774.600, 108
Trd, 258774.683, 117
Trd, 258774.717, 83
Trd, 258775.083, 94
Trd, 258775.233, 107
Trd, 258775.417, 91
Trd, 258775.500, 89
Trd, 258775.667, 87
Trd, 258775.733, 81
Trd, 258776.167, 94
Trd, 258776.933, 97
Trd, 258777.333, 102
Trd, 258777.967, 88
Trd, 258778.083, 126
Trd, 258778.383, 92
Trd, 258778.533, 88
Trd, 258778.633, 103
Trd, 258778.733, 119
Trd, 258778.850, 139
Trd, 258778.950, 128
Trd, 258778.983, 84
Trd, 258779.350, 83
Trd, 258779.450, 137
Trd, 258779.667, 140
Trd, 258779.900, 130
Trd, 258780.000, 118
Trd, 258780.183, 87
Trd, 258780.467, 102
Trd, 258780.783, 92
Trd, 258780.817, 83
Trd, 258780.850, 83
Trd, 258781.283, 91
Trd, 258781.917, 107
Trd, 258782.233, 126
Trd, 258782.333, 121
Trd, 258782.433, 116
Trd, 258782.467, 107
Trd, 258782.783, 105
Trd, 258782.917, 102
Trd, 258783.000, 117
Trd, 258783.133, 95
Trd, 258783.300, 131
Trd, 258783.650, 117
Trd, 258783.917, 135
Trd, 258784.033, 93
Trd, 258784.267, 130
Trd, 258784.583, 136
Trd, 258785.017, 91
Trd, 258785.200, 92
Trd, 258785.217, 88
Trd, 258785.900, 68
Trd, 258785.917, 69
Trd, 258786.667, 127
Trd, 258786.800, 111
Trd, 258787.267, 104
Trd, 258787.350, 128
Trd, 258787.367, 109
Trd, 258787.683, 137
Trd, 258788.100, 127
Trd, 258788.267, 106
Trd, 258788.550, 105
Trd, 258788.900, 135
Trd, 258789.200, 128
Trd, 258789.233, 126
Trd, 258789.683, 108
Trd, 258789.700, 93
Trd, 258790.250, 112
Trd, 258791.050, 118
Trd, 258791.367, 107
Trd, 258791.400, 105
Trd, 258791.550, 126
Trd, 258791.633, 102
Trd, 258791.783, 111
Trd, 258791.850, 117
Trd, 258792.083, 99
Trd, 258792.200, 120
Trd, 258792.300, 130
Trd, 258792.317, 113
Trd, 258792.767, 114
Trd, 258793.200, 110
Trd, 258793.217, 107
Trd, 258793.250, 107
Trd, 258793.950, 100
Trd, 258794.033, 108
Trd, 258794.333, 95
Trd, 258794.383, 113
Trd, 258794.583, 116
Trd, 258795.167, 119
Trd, 258795.583, 125
Trd, 258795.683, 113
Trd, 258795.733, 106
Trd, 258796.117, 110
Trd, 258796.367, 103
Trd, 258796.583, 105
Trd, 258796.700, 99
Trd, 258796.983, 114
Trd, 258797.483, 97
Trd, 258797.650, 110
Trd, 258797.683, 119
Trd, 258797.917, 102
Trd, 258798.050, 107
Trd, 258798.117, 100
Trd, 258798.233, 90
Trd, 258798.483, 88
Trd, 258798.600, 94
Trd, 258798.667, 140
Trd, 258798.867, 112
Trd, 258799.033, 86
Trd, 258799.400, 87
Trd, 258799.450, 120
Trd, 258799.717, 86
Trd, 258800.333, 114
Trd, 258800.433, 103
Trd, 258800.917, 117
Trd, 258800.983, 114
Trd, 258801.100, 131
Trd, 258801.983, 128
Trd, 258802.233, 127
Trd, 258802.867, 134
Trd, 258803.033, 131
Trd, 258803.233, 125
Trd, 258803.333, 111
Trd, 258803.367, 109
Trd, 258803.433, 107
Trd, 258803.450, 96
Trd, 258803.633, 94
Trd, 258803.850, 102
Trd, 258804.083, 95
Trd, 258804.283, 111
Trd, 258804.767, 119
Trd, 258805.183, 110
Trd, 258805.617, 134
Trd, 258805.633, 129
Trd, 258805.667, 128
Trd, 258805.683, 126
Trd, 258805.733, 125
Trd, 258806.217, 116
Trd, 258806.233, 114
Trd, 258806.633, 109
Trd, 258806.700, 95
Trd, 258807.083, 130
Trd, 258807.467, 138
Trd, 258808.050, 140
Trd, 258808.417, 114
Trd, 258808.450, 112
Trd, 258808.550, 109
Trd, 258808.633, 98
Trd, 258808.750, 92
Trd, 258808.767, 89
Trd, 258808.800, 89
Trd, 258809.083, 103
Trd, 258809.117, 95
Trd, 258809.200, 98
Trd, 258809.500, 90
Trd, 258809.633, 139
Trd, 258810.000, 110
Trd, 258810.533, 101
Trd, 258811.133, 95
Trd, 258811.200, 96
Trd, 258811.317, 98
Trd, 258811.733, 117
Trd, 258811.750, 122
Trd, 258812.517, 132
Trd, 258812.533, 121
Trd, 258812.617, 117
Trd, 258812.633, 116
Trd, 258812.783, 137
Trd, 258813.317, 121
Trd, 258813.500, 131
Trd, 258813.583, 110
Trd, 258813.733, 112
Trd, 258813.833, 104
Trd, 258813.900, 121
Trd, 258814.117, 102
Trd, 258814.250, 102
Trd, 258814.950, 138
Trd, 258815.083, 132
Trd, 258815.700, 115
Trd, 258816.250, 114
Trd, 258816.683, 126
Trd, 258817.033, 108
Trd, 258817.200, 117
Trd, 258817.700, 132
Trd, 258817.733, 127
Trd, 258817.917, 124
Trd, 258818.100, 118
Trd, 258818.167, 119
Trd, 258818.217, 117
Trd, 258818.983, 131
Trd, 258819.500, 118
Trd, 258819.850, 113
Trd, 258819.900, 106
Trd, 258820.167, 108
Trd, 258820.467, 107
Trd, 258820.550, 106
Trd, 258820.633, 115
Trd, 258820.867, 102
Trd, 258821.233, 112
Trd, 258821.617, 105
Trd, 258821.817, 99
Trd, 258821.883, 96
Trd, 258822.033, 106
Trd, 258822.383, 118
Trd, 258822.450, 109
Trd, 258822.600, 136
Trd, 258823.200, 126
Trd, 258823.367, 123
Trd, 258823.583, 121
Trd, 258823.733, 121
Trd, 258824.083, 110
Trd, 258824.117, 105
Trd, 258824.400, 112
Trd, 258824.450, 105
Trd, 258824.833, 121
Trd, 258825.350, 112
Trd, 258825.700, 103
Trd, 258825.750, 95
Trd, 258826.000, 95
Trd, 258826.167, 92
Trd, 258826.183, 104
Trd, 258826.283, 89
Trd, 258826.467, 122
Trd, 258826.833, 93
Trd, 258827.450, 112
Trd, 258827.917, 101
Trd, 258828.333, 93
Trd, 258828.367, 80
Trd, 258828.883, 122
Trd, 258828.917, 123
Trd, 258829.033, 98
Trd, 258829.300, 128
Trd, 258829.333, 122
Trd, 258829.650, 96
Trd, 258830.417, 112
Trd, 258830.583, 117
Trd, 258830.817, 128
Trd, 258831.017, 109
Trd, 258831.217, 107
Trd, 258831.917, 118
Trd, 258832.300, 110
Trd, 258832.600, 125
Trd, 258832.850, 134
Trd, 258833.217, 115
Trd, 258833.350, 133
Trd, 258833.467, 112
Trd, 258833.550, 104
Trd, 258833.567, 95
Trd, 258834.333, 114
Trd, 258834.767, 122
Trd, 258834.800, 108
Trd, 258834.933, 117
Trd, 258835.050, 97
Trd, 258835.117, 97
Trd, 258835.250, 95
Trd, 258835.267, 90
Trd, 258835.683, 126
Trd, 258835.783, 138
Trd, 258835.883, 139
Trd, 258835.900, 96
Trd, 258836.367, 120
Trd, 258836.533, 98
Trd, 258837.033, 104
Trd, 258837.283, 102
Trd, 258837.517, 95
Trd, 258837.567, 93
Trd, 258837.967, 90
Trd, 258838.000, 84
Trd, 258838.100, 80
Trd, 258838.183, 87
Trd, 258838.417, 65
Trd, 258838.867, 106
Trd, 258838.950, 120
Trd, 258839.267, 106
Trd, 258839.650, 104
Trd, 258839.833, 102
Trd, 258840.167, 102
Trd, 258840.600, 91
Trd, 258840.883, 91
Trd, 258841.117, 105
Trd, 258841.283, 93
Trd, 258841.667, 113
Trd, 258841.683, 112
Trd, 258841.767, 110
Trd, 258841.800, 128
Trd, 258842.050, 135
Trd, 258842.400, 130
Trd, 258843.167, 140
Trd, 258843.400, 124
Trd, 258843.583, 134
Trd, 258843.950, 109
Trd, 258843.967, 108
Trd, 258844.617, 106
Trd, 258844.867, 122
Trd, 258844.900, 125
Trd, 258845.383, 98
Trd, 258845.700, 97
Trd, 258846.017, 88
Trd, 258846.167, 104
Trd, 258846.417, 92
Trd, 258846.600, 85
Trd, 258846.633, 110
Trd, 258847.083, 113
Trd, 258847.150, 109
Trd, 258847.567, 107
Trd, 258848.000, 110
Trd, 258848.267, 102
Trd, 258848.350, 126
Trd, 258849.000, 125
Trd, 258849.033, 116
Trd, 258849.067, 135
Trd, 258849.133, 107
Trd, 258849.200, 103
Trd, 258849.217, 103
Trd, 258849.317, 100
Trd, 258849.817, 130
Trd, 258850.017, 124
Trd, 258850.517, 125
Trd, 258850.617, 112
Trd, 258851.067, 102
Trd, 258851.367, 100
Trd, 258852.133, 121
Trd, 258852.167, 122
Trd, 258852.400, 106
Trd, 258852.417, 106
Trd, 258852.567, 105
Trd, 258852.767, 123
Trd, 258852.867, 103
Trd, 258852.917, 96
Trd, 258852.967, 93
Trd, 258853.017, 128
Trd, 258853.983, 114
Trd, 258854.283, 124
Trd, 258854.583, 105
Trd, 258854.667, 114
Trd, 258854.817, 129
Trd, 258854.867, 136
Trd, 258854.950, 112
Trd, 258855.467, 128
Trd, 258855.533, 125
Trd, 258856.517, 133
Trd, 258856.850, 128
Trd, 258857.633, 129
Trd, 258858.200, 115
Trd, 258858.300, 110
Trd, 258858.350, 109
Trd, 258858.800, 108
Trd, 258859.033, 139
Trd, 258859.100, 127
Trd, 258859.250, 134
Trd, 258859.783, 126
Trd, 258859.900, 120
Trd, 258859.950, 134
Trd, 258860.067, 137
Trd, 258860.167, 116
Trd, 258860.183, 110
Trd, 258861.083, 93
Trd, 258861.167, 92
Trd, 258861.200, 103
Trd, 258861.767, 97
Trd, 258861.850, 102
Trd, 258862.067, 101
Trd, 258862.383, 118
Trd, 258862.417, 100
Trd, 258862.483, 118
Trd, 258862.533, 118
Trd, 258862.850, 96
Trd, 258863.150, 94
Trd, 258863.350, 93
Trd, 258863.433, 122
Trd, 258863.817, 88
Trd, 258864.217, 110
Trd, 258864.433, 107
Trd, 258864.867, 107
Trd, 258864.900, 105
Trd, 258865.300, 121
Trd, 258865.683, 94
Trd, 258865.717, 103
Trd, 258865.733, 86
Trd, 258866.250, 137
Trd, 258866.350, 92
Trd, 258866.800, 100
Trd, 258866.983, 88
Trd, 258867.250, 139
Trd, 258867.300, 100
Trd, 258867.417, 100
Trd, 258867.483, 98
Trd, 258867.983, 99
Trd, 258868.000, 90
Trd, 258868.133, 84
Trd, 258868.233, 82
Trd, 258868.350, 71
Trd, 258868.817, 102
Trd, 258868.933, 98
Trd, 258868.967, 95
Trd, 258869.350, 139
Trd, 258869.983, 122
Trd, 258870.117, 125
Trd, 258870.983, 131
Trd, 258871.000, 118
Trd, 258871.567, 114
Trd, 258872.350, 127
Trd, 258872.533, 92
Trd, 258872.617, 91
Trd, 258872.800, 88
Trd, 258872.950, 109
Trd, 258873.017, 96
Trd, 258873.167, 97
Trd, 258873.350, 90
Trd, 258873.550, 114
Trd, 258874.033, 120
Trd, 258874.183, 115
Trd, 258874.217, 112
Trd, 258874.367, 126
Trd, 258874.417, 119
Trd, 258874.650, 123
Trd, 258874.883, 103
Trd, 258874.900, 102
Trd, 258874.967, 134
Trd, 258875.183, 110
Trd, 258875.267, 104
Trd, 258875.317, 94
Trd, 258875.383, 91
Trd, 258875.467, 128
Trd, 258875.517, 85
Trd, 258875.917, 95
Trd, 258876.400, 129
Trd, 258876.733, 114
Trd, 258876.850, 116
Trd, 258877.317, 119
Trd, 258877.633, 131
Trd, 258877.667, 117
Trd, 258878.083, 132
Trd, 258878.250, 126
Trd, 258878.267, 120
Trd, 258878.517, 120
Trd, 258878.883, 113
Trd, 258879.267, 114
Trd, 258879.417, 101
Trd, 258879.683, 99
Trd, 258879.950, 89
Trd, 258880.217, 95
Trd, 258880.433, 94
Trd, 258880.783, 90
Trd, 258880.800, 79
Trd, 258880.833, 112
Trd, 258881.050, 78
Trd, 258881.650, 101
Trd, 258881.750, 98
Trd, 258881.867, 113
Trd, 258882.200, 106
Trd, 258882.450, 125
Trd, 258883.050, 117
Trd, 258883.433, 97
Trd, 258883.817, 129
Trd, 258884.050, 127
Trd, 258884.133, 121
Trd, 258884.267, 121
Trd, 258885.433, 137
Trd, 258885.483, 135
Trd, 258885.600, 125
Trd, 258885.617, 124
Trd, 258885.817, 134
Trd, 258886.133, 125
Trd, 258886.417, 123
Trd, 258887.033, 136
Trd, 258887.183, 111
Trd, 258887.633, 130
Trd, 258887.817, 133
Trd, 258888.117, 128
Trd, 258888.217, 135
Trd, 258888.350, 120
Trd, 258888.533, 118
Trd, 258888.867, 110
Trd, 258889.167, 116
Trd, 258889.200, 109
Trd, 258889.367, 104
Trd, 258889.867, 140
Trd, 258890.300, 109
Trd, 258890.400, 115
Trd, 258890.617, 96
Trd, 258890.800, 133
Trd, 258890.850, 93
Trd, 258890.883, 91
Trd, 258891.350, 91
Trd, 258891.900, 89
Trd, 258891.933, 91
Trd, 258892.033, 116
Trd, 258892.150, 114
Trd, 258892.300, 123
Trd, 258892.850, 127
Trd, 258893.367, 118
Trd, 258893.933, 136
Trd, 258894.217, 122
Trd, 258894.333, 102
Trd, 258894.517, 101
Trd, 258894.883, 101
Trd, 258896.000, 112
Trd, 258896.217, 110
Trd, 258896.367, 104
Trd, 258896.550, 113
Trd, 258896.650, 140
Trd, 258896.950, 136
Trd, 258897.183, 127
Trd, 258897.333, 114
Trd, 258897.500, 116
Trd, 258897.583, 131
Trd, 258897.650, 108
Trd, 258897.667, 108
Trd, 258899.000, 128
Trd, 258899.167, 114
Trd, 258899.350, 112
Trd, 258899.417, 135
Trd, 258899.750, 111
Trd, 258899.967, 131
Trd, 258900.133, 124
Trd, 258900.233, 114
Trd, 258900.700, 122
Trd, 258900.850, 120
Trd, 258900.883, 109
Trd, 258900.983, 100
Trd, 258901.367, 135
Trd, 258901.650, 99
Trd, 258901.683, 90
Trd, 258901.717, 87
Trd, 258901.833, 140
Trd, 258902.067, 98
Trd, 258902.467, 107
Trd, 258902.783, 94
Trd, 258903.183, 107
Trd, 258903.417, 100
Trd, 258903.867, 107
Trd, 258904.017, 114
Trd, 258904.367, 115
Trd, 258904.650, 115
Trd, 258904.733, 112
Trd, 258905.283, 138
Trd, 258905.367, 133
Trd, 258905.400, 130
Trd, 258905.567, 125
Trd, 258905.767, 117
Trd, 258906.150, 119
Trd, 258906.517, 116
Trd, 258907.250, 132
Trd, 258907.617, 120
Trd, 258908.050, 122
Trd, 258908.233, 118
Trd, 258908.283, 115
Trd, 258909.100, 117
Trd, 258909.283, 120
Trd, 258909.400, 122
Trd, 258909.800, 112
Trd, 258909.967, 111
Trd, 258910.167, 110
Trd, 258910.183, 114
Trd, 258910.367, 140
Trd, 258910.383, 113
Trd, 258910.667, 107
Trd, 258910.983, 103
Trd, 258911.233, 98
Trd, 258911.517, 122
Trd, 258911.667, 112
Trd, 258911.850, 116
Trd, 258912.050, 109
Trd, 258912.133, 105
Trd, 258912.150, 121
Trd, 258912.383, 101
Trd, 258912.633, 125
Trd, 258913.317, 134
Trd, 258913.450, 126
Trd, 258913.850, 124
Trd, 258913.900, 122
Trd, 258914.100, 102
Trd, 258914.300, 116
Trd, 258914.333, 105
Trd, 258914.983, 104
Trd, 258915.100, 99
Trd, 258915.150, 91
Trd, 258915.567, 109
Trd, 258915.800, 113
Trd, 258915.917, 128
Trd, 258916.300, 97
Trd, 258916.450, 118
Trd, 258916.500, 117
Trd, 258916.667, 131
Trd, 258916.867, 139
Trd, 258916.967, 132
Trd, 258917.017, 120
Trd, 258917.217, 124
Trd, 258917.817, 120
Trd, 258917.833, 116
Trd, 258917.867, 116
Trd, 258918.083, 115
Trd, 258918.250, 118
Trd, 258918.550, 110
Trd, 258918.767, 110
Trd, 258918.867, 91
Trd, 258919.517, 127
Trd, 258919.633, 128
Trd, 258919.800, 122
Trd, 258920.200, 116
Trd, 258920.483, 102
Trd, 258920.617, 115
Trd, 258920.717, 113
Trd, 258920.850, 101
Trd, 258921.067, 105
Trd, 258921.250, 76
Trd, 258921.433, 88
Trd, 258922.133, 83
Trd, 258922.250, 73
Trd, 258922.417, 88
Trd, 258922.467, 114
Trd, 258922.750, 85
Trd, 258922.833, 101
Trd, 258922.950, 68
Trd, 258922.967, 76
Trd, 258923.150, 111
Trd, 258923.367, 121
Trd, 258923.617, 134
Trd, 258923.917, 135
Trd, 258924.000, 131
Trd, 258924.067, 135
Trd, 258924.117, 130
Trd, 258924.267, 116
Trd, 258924.617, 110
Trd, 258924.633, 109
Trd, 258924.683, 105
Trd, 258925.300, 110
Trd, 258925.383, 101
Trd, 258925.733, 100
Trd, 258925.933, 139
Trd, 258926.117, 96
Trd, 258926.533, 91
Trd, 258927.000, 93
Trd, 258927.583, 129
Trd, 258927.917, 138
Trd, 258928.067, 116
Trd, 258928.167, 114
Trd, 258928.183, 113
Trd, 258928.600, 108
Trd, 258928.750, 110
Trd, 258929.200, 125
Trd, 258929.600, 128
Trd, 258929.617, 119
Trd, 258929.800, 102
Trd, 258930.467, 108
Trd, 258930.717, 97
Trd, 258930.817, 95
Trd, 258931.200, 83
Trd, 258931.833, 77
Trd, 258932.050, 90
Trd, 258932.083, 63
Trd, 258932.133, 96
Trd, 258932.300, 79
Trd, 258932.500, 107
Trd, 258932.533, 88
Trd, 258932.683, 120
Trd, 258932.933, 72
Trd, 258933.250, 116
Trd, 258933.617, 125
Trd, 258933.683, 88
Trd, 258934.000, 91
Trd, 258934.317, 108
Trd, 258934.333, 116
Trd, 258934.483, 86
Trd, 258934.583, 89
Trd, 258935.267, 136
Trd, 258936.233, 134
Trd, 258936.433, 130
Trd, 258936.633, 129
Trd, 258936.733, 124
Trd, 258936.817, 116
Trd, 258936.933, 111
Trd, 258937.283, 114
Trd, 258937.300, 95
Trd, 258937.567, 88
Trd, 258937.633, 111
Trd, 258937.900, 121
Trd, 258938.083, 95
Trd, 258938.450, 81
Trd, 258938.883, 101
Trd, 258939.600, 91
Trd, 258939.800, 93
Trd, 258940.017, 86
Trd, 258940.517, 135
Trd, 258940.533, 123
Trd, 258940.583, 123
Trd, 258940.667, 112
Trd, 258940.917, 109
Trd, 258941.317, 107
Trd, 258941.333, 105
Trd, 258941.833, 102
Trd, 258942.233, 132
Trd, 258942.417, 121
Trd, 258942.450, 108
Trd, 258942.800, 138
Trd, 258943.433, 128
Trd, 258943.467, 123
Trd, 258943.617, 117
Trd, 258943.733, 117
Trd, 258943.817, 134
Trd, 258944.233, 111
Trd, 258944.517, 132
Trd, 258944.867, 127
Trd, 258945.267, 120
Trd, 258945.283, 114
Trd, 258945.533, 111
Trd, 258945.817, 116
Trd, 258945.883, 116
Trd, 258946.483, 138
Trd, 258946.933, 133
Trd, 258947.150, 128
Trd, 258947.167, 126
Trd, 258947.217, 112
Trd, 258947.683, 134
Trd, 258947.850, 133
Trd, 258948.067, 131
Trd, 258948.117, 132
Trd, 258948.233, 116
Trd, 258948.250, 113
Trd, 258948.483, 106
Trd, 258949.200, 101
Trd, 258949.517, 101
Trd, 258949.583, 107
Trd, 258950.100, 118
Trd, 258950.317, 116
Trd, 258950.333, 114
Trd, 258950.483, 121
Trd, 258950.833, 111
Trd, 258950.983, 116
Trd, 258951.400, 119
Trd, 258951.617, 116
Trd, 258952.150, 121
Trd, 258952.333, 121
Trd, 258952.983, 117
Trd, 258953.550, 133
Trd, 258954.267, 127
Trd, 258954.383, 124
Trd, 258955.250, 119
Trd, 258955.300, 118
Trd, 258955.333, 125
Trd, 258955.367, 115
Trd, 258955.450, 123
Trd, 258955.517, 111
Trd, 258955.817, 103
Trd, 258955.917, 103
Trd, 258956.133, 102
Trd, 258956.567, 137
Trd, 258956.583, 127
Trd, 258957.217, 135
Trd, 258957.350, 128
Trd, 258957.817, 112
Trd, 258957.883, 112
Trd, 258958.167, 108
Trd, 258958.483, 98
Trd, 258958.917, 138
Trd, 258959.083, 137
Trd, 258959.133, 94
Trd, 258959.200, 90
Trd, 258959.383, 122
Trd, 258959.600, 116
Trd, 258959.717, 121
Trd, 258959.933, 104
Trd, 258959.983, 90
Trd, 258960.333, 95
Trd, 258960.733, 88
Trd, 258960.883, 85
Trd, 258961.067, 99
Trd, 258961.217, 76
Trd, 258961.983, 131
Trd, 258962.567, 127
Trd, 258962.583, 114
Trd, 258963.100, 116
Trd, 258963.583, 133
Trd, 258963.950, 127
Trd, 258963.983, 127
Trd, 258964.117, 134
Trd, 258964.500, 137
Trd, 258964.700, 126
Trd, 258964.867, 125
Trd, 258965.017, 120
Trd, 258965.333, 118
Trd, 258965.517, 113
Trd, 258965.633, 98
Trd, 258966.067, 114
Trd, 258966.117, 111
Trd, 258966.283, 111
Trd, 258966.333, 114
Trd, 258966.617, 108
Trd, 258966.733, 107
Trd, 258966.933, 114
Trd, 258967.583, 126
Trd, 258967.633, 110
Trd, 258967.733, 115
Trd, 258967.867, 105
Trd, 258968.500, 114
Trd, 258968.600, 111
Trd, 258968.917, 109
Trd, 258969.033, 108
Trd, 258969.400, 102
Trd, 258969.717, 105
Trd, 258969.967, 97
Trd, 258970.817, 128
Trd, 258970.967, 123
Trd, 258971.717, 125
Trd, 258971.833, 128
Trd, 258971.883, 122
Trd, 258971.950, 120
Trd, 258972.183, 117
Trd, 258972.233, 115
Trd, 258972.350, 96
Trd, 258972.683, 101
Trd, 258972.717, 93
Trd, 258972.967, 90
Trd, 258973.150, 99
Trd, 258973.200, 98
Trd, 258973.317, 104
Trd, 258973.633, 118
Trd, 258973.717, 129
Trd, 258973.733, 99
Trd, 258974.250, 123
Trd, 258974.950, 116
Trd, 258975.000, 110
Trd, 258975.150, 104
Trd, 258975.250, 100
Trd, 258975.317, 110
Trd, 258976.117, 72
Trd, 258976.300, 97
Trd, 258976.717, 83
Trd, 258977.017, 72
Trd, 258977.433, 86
Trd, 258977.467, 88
Trd, 258977.517, 103
Trd, 258978.133, 109
Trd, 258978.517, 118
Trd, 258978.767, 126
Trd, 258979.300, 134
Trd, 258979.417, 124
Trd, 258979.533, 110
Trd, 258979.867, 103
Trd, 258980.917, 117
Trd, 258981.017, 116
Trd, 258981.150, 135
Trd, 258981.767, 125
Trd, 258982.050, 117
Trd, 258982.150, 114
Trd, 258982.250, 106
Trd, 258982.533, 132
Trd, 258982.667, 139
Trd, 258983.583, 128
Trd, 258983.950, 118
Trd, 258984.083, 117
Trd, 258984.950, 127
Trd, 258985.183, 125
Trd, 258985.517, 118
Trd, 258985.650, 117
Trd, 258985.700, 133
Trd, 258985.900, 112
Trd, 258986.000, 102
Trd, 258986.267, 100
Trd, 258986.817, 104
Trd, 258986.983, 111
Trd, 258987.233, 113
Trd, 258987.333, 103
Trd, 258987.617, 102
Trd, 258987.783, 101
Trd, 258987.850, 114
Trd, 258987.867, 100
Trd, 258987.950, 124
Trd, 258988.033, 96
Trd, 258988.683, 108
Trd, 258988.700, 96
Trd, 258988.817, 80
Trd, 258989.300, 95
Trd, 258989.500, 112
Trd, 258989.750, 84
Trd, 258989.900, 99
Trd, 258990.133, 108
Trd, 258990.483, 94
Trd, 258990.717, 95
Trd, 258990.833, 132
Trd, 258991.217, 120
Trd, 258991.317, 93
Trd, 258991.667, 130
Trd, 258992.217, 119
Trd, 258992.667, 131
Trd, 258992.683, 128
Trd, 258992.850, 128
Trd, 258992.950, 116
Trd, 258993.167, 127
Trd, 258993.367, 125
Trd, 258994.283, 123
Trd, 258994.300, 115
Trd, 258994.317, 115
Trd, 258994.500, 138
Trd, 258994.800, 111
Trd, 258995.067, 138
Trd, 258995.117, 126
Trd, 258995.450, 122
Trd, 258995.683, 119
Trd, 258995.867, 137
Trd, 258995.933, 115
Trd, 258996.350, 124
Trd, 258996.783, 111
Trd, 258996.850, 125
Trd, 258997.050, 85
Trd, 258997.117, 128
Trd, 258997.250, 74
Trd, 258997.350, 138
Trd, 258997.833, 113
Trd, 258997.900, 117
Trd, 258998.067, 114
Trd, 258998.517, 116
Trd, 258999.117, 94
Trd, 258999.200, 101
Trd, 258999.333, 94
Trd, 258999.400, 87
Trd, 258999.617, 108
Trd, 258999.733, 97
Trd, 259000.200, 97
Trd, 259000.683, 122
Trd, 259000.733, 124
Trd, 259000.800, 98
Trd, 259001.200, 96
Trd, 259001.417, 106
Trd, 259001.817, 126
Trd, 259001.850, 120
Trd, 259002.250, 104
Trd, 259002.700, 104
Trd, 259002.783, 99
Trd, 259003.050, 110
Trd, 259003.083, 101
Trd, 259003.217, 90
Trd, 259003.700, 126
Trd, 259003.850, 113
Trd, 259003.917, 100
Trd, 259004.350, 122
Trd, 259004.583, 116
Trd, 259004.633, 119
Trd, 259004.750, 116
Trd, 259004.783, 111
Trd, 259005.033, 96
Trd, 259005.183, 95
Trd, 259005.367, 93
Trd, 259005.383, 90
Trd, 259005.683, 102
Trd, 259006.083, 114
Trd, 259006.367, 123
Trd, 259006.467, 96
Trd, 259006.567, 103
Trd, 259006.800, 122
Trd, 259007.133, 126
Trd, 259007.233, 107
Trd, 259007.383, 105
Trd, 259007.433, 118
Trd, 259007.850, 112
Trd, 259007.900, 118
Trd, 259008.250, 103
Trd, 259008.350, 100
Trd, 259008.983, 107
Trd, 259009.233, 102
Trd, 259009.600, 99
Trd, 259009.683, 122
Trd, 259010.067, 100
Trd, 259010.117, 107
Trd, 259010.200, 78
Trd, 259010.367, 86
Trd, 259010.500, 120
Trd, 259010.583, 129
Trd, 259010.883, 119
Trd, 259010.983, 104
Trd, 259011.283, 102
Trd, 259011.450, 92
Trd, 259011.533, 102
Trd, 259011.800, 92
Trd, 259012.017, 127
Trd, 259012.717, 126
Trd, 259013.483, 114
Trd, 259013.883, 117
Trd, 259014.050, 110
Trd, 259014.267, 105
Trd, 259014.417, 118
Trd, 259014.467, 103
Trd, 259014.483, 98
Trd, 259014.867, 93
Trd, 259014.883, 89
Trd, 259014.983, 126
Trd, 259016.200, 139
Trd, 259016.633, 131
Trd, 259016.733, 126
Trd, 259016.800, 119
Trd, 259017.500, 132
Trd, 259017.600, 128
Trd, 259017.750, 124
Trd, 259018.067, 109
Trd, 259018.367, 134
Trd, 259018.533, 127
Trd, 259018.883, 137
Trd, 259018.933, 132
Trd, 259019.033, 126
Trd, 259019.150, 130
Trd, 259019.717, 134
Trd, 259020.400, 132
Trd, 259020.433, 123
Trd, 259021.217, 116
Trd, 259021.333, 113
Trd, 259022.033, 140
Trd, 259022.217, 139
Trd, 259022.567, 131
Trd, 259022.783, 131
Trd, 259022.833, 119
Trd, 259023.317, 105
Trd, 259023.367, 110
Trd, 259023.583, 120
Trd, 259023.667, 100
Trd, 259024.533, 127
Trd, 259024.600, 133
Trd, 259024.750, 115
Trd, 259024.833, 112
Trd, 259025.150, 110
Trd, 259025.333, 112
Trd, 259025.533, 102
Trd, 259025.683, 98
Trd, 259025.917, 102
Trd, 259025.967, 105
Trd, 259026.133, 92
Trd, 259026.167, 85
Trd, 259026.467, 84
Trd, 259026.483, 128
Trd, 259026.733, 137
Trd, 259026.817, 84
Trd, 259027.250, 101
Trd, 259027.317, 108
Trd, 259027.467, 88
Trd, 259027.683, 111
Trd, 259027.700, 96
Trd, 259027.817, 103
Trd, 259028.217, 126
Trd, 259028.633, 98
Trd, 259028.967, 101
Trd, 259029.167, 111
Trd, 259029.433, 123
Trd, 259029.583, 119
Trd, 259029.667, 113
Trd, 259029.917, 130
Trd, 259029.967, 110
Trd, 259030.117, 107
Trd, 259030.750, 124
Trd, 259031.267, 134
Trd, 259031.417, 126
Trd, 259031.717, 125
Trd, 259032.517, 117
Trd, 259033.033, 137
Trd, 259033.333, 132
Trd, 259033.450, 132
Trd, 259033.467, 120
Trd, 259033.550, 114
Trd, 259033.850, 133
Trd, 259034.300, 117
Trd, 259034.600, 117
Trd, 259034.683, 115
Trd, 259034.983, 131
Trd, 259035.083, 120
Trd, 259035.183, 113
Trd, 259035.317, 110
Trd, 259035.367, 120
Trd, 259035.383, 127
Trd, 259035.467, 105
Trd, 259035.933, 129
Trd, 259036.300, 104
Trd, 259036.367, 103
Trd, 259036.383, 99
Trd, 259036.450, 111
Trd, 259037.617, 135
Trd, 259037.683, 134
Trd, 259037.900, 138
Trd, 259038.700, 130
Trd, 259038.900, 130
Trd, 259039.117, 125
Trd, 259039.250, 122
Trd, 259039.483, 114
Trd, 259039.517, 104
Trd, 259039.717, 104
Trd, 259040.000, 125
Trd, 259040.167, 133
Trd, 259040.300, 130
Trd, 259040.500, 107
Trd, 259040.567, 109
Trd, 259040.750, 104
Trd, 259040.767, 95
Trd, 259041.033, 106
Trd, 259041.217, 115
Trd, 259041.300, 103
Trd, 259041.433, 140
Trd, 259041.933, 97
Trd, 259042.150, 102
Trd, 259042.233, 82
Trd, 259042.650, 83
Trd, 259042.850, 104
Trd, 259042.967, 80
Trd, 259043.450, 107
Trd, 259043.733, 134
Trd, 259043.967, 122
Trd, 259044.150, 122
Trd, 259044.267, 133
Trd, 259044.283, 116
Trd, 259044.350, 114
Trd, 259044.600, 120
Trd, 259044.817, 113
Trd, 259044.983, 104
Trd, 259045.550, 122
Trd, 259045.667, 109
Trd, 259046.267, 102
Trd, 259046.517, 101
Trd, 259046.617, 99
Trd, 259047.050, 103
Trd, 259047.150, 102
Trd, 259047.317, 95
Trd, 259047.967, 102
Trd, 259048.333, 108
Trd, 259048.983, 104
Trd, 259049.033, 102
Trd, 259049.367, 115
Trd, 259049.767, 128
Trd, 259050.350, 122
Trd, 259050.417, 132
Trd, 259050.867, 137
Trd, 259050.967, 134
Trd, 259051.033, 128
Trd, 259051.150, 121
Trd, 259051.167, 119
Trd, 259051.483, 131
Trd, 259051.533, 117
Trd, 259051.683, 110
Trd, 259052.533, 138
Trd, 259052.700, 131
Trd, 259052.933, 96
Trd, 259052.950, 95
Trd, 259053.033, 93
Trd, 259053.333, 129
Trd, 259053.617, 86
Trd, 259054.167, 118
Trd, 259054.517, 93
Trd, 259054.567, 85
Trd, 259054.833, 85
Trd, 259055.567, 122
Trd, 259056.217, 139
Trd, 259056.567, 136
Trd, 259056.600, 129
Trd, 259056.650, 127
Trd, 259056.983, 116
Trd, 259057.250, 111
Trd, 259057.550, 123
Trd, 259057.983, 115
Trd, 259058.383, 123
Trd, 259058.517, 108
Trd, 259059.483, 138
Trd, 259059.517, 125
Trd, 259059.533, 112
Trd, 259059.900, 123
Trd, 259060.683, 136
Trd, 259060.833, 129
Trd, 259061.167, 137
Trd, 259061.283, 134
Trd, 259061.817, 131
Trd, 259062.167, 119
Trd, 259062.300, 117
Trd, 259062.333, 112
Trd, 259062.350, 104
Trd, 259062.717, 96
Trd, 259062.733, 113
Trd, 259062.833, 119
Trd, 259063.100, 118
Trd, 259063.233, 129
Trd, 259063.583, 130
Trd, 259063.667, 127
Trd, 259063.933, 127
Trd, 259063.950, 126
Trd, 259064.600, 127
Trd, 259064.717, 127
Trd, 259065.017, 111
Trd, 259065.100, 107
Trd, 259065.417, 116
Trd, 259065.517, 113
Trd, 259066.050, 105
Trd, 259066.117, 104
Trd, 259066.333, 112
Trd, 259066.350, 103
Trd, 259066.633, 124
Trd, 259066.850, 101
Trd, 259066.883, 96
Trd, 259067.017, 127
Trd, 259067.250, 118
Trd, 259067.383, 98
Trd, 259067.650, 79
Trd, 259067.833, 77
Trd, 259068.450, 91
Trd, 259068.600, 114
Trd, 259068.817, 117
Trd, 259068.850, 131
Trd, 259069.617, 117
Trd, 259069.850, 96
Trd, 259069.967, 138
Trd, 259070.450, 124
Trd, 259070.467, 122
Trd, 259070.683, 115
Trd, 259070.867, 103
Trd, 259071.167, 96
Trd, 259071.233, 96
Trd, 259071.483, 119
Trd, 259071.517, 124
Trd, 259072.100, 100
Trd, 259072.250, 99
Trd, 259072.300, 116
Trd, 259072.483, 127
Trd, 259072.583, 121
Trd, 259073.183, 110
Trd, 259073.233, 109
Trd, 259073.383, 106
Trd, 259073.417, 99
Trd, 259073.517, 112
Trd, 259073.650, 104
Trd, 259073.817, 97
Trd, 259073.850, 93
Trd, 259074.267, 123
Trd, 259074.600, 138
Trd, 259074.633, 98
Trd, 259074.750, 97
Trd, 259074.800, 96
Trd, 259075.383, 135
Trd, 259075.700, 121
Trd, 259075.717, 99
Trd, 259076.000, 124
Trd, 259076.017, 114
Trd, 259076.667, 135
Trd, 259077.450, 128
Trd, 259077.850, 136
Trd, 259078.500, 118
Trd, 259078.700, 129
Trd, 259078.800, 118
Trd, 259078.850, 118
Trd, 259078.933, 113
Trd, 259078.983, 103
Trd, 259079.133, 132
Trd, 259079.200, 91
Trd, 259079.367, 89
Trd, 259079.467, 102
Trd, 259079.750, 82
Trd, 259080.100, 117
Trd, 259080.400, 111
Trd, 259080.450, 108
Trd, 259080.683, 117
Trd, 259081.217, 122
Trd, 259081.417, 116
Trd, 259081.833, 111
Trd, 259081.900, 102
Trd, 259082.650, 99
Trd, 259082.967, 139
Trd, 259083.167, 89
Trd, 259083.650, 97
Trd, 259083.700, 78
Trd, 259083.917, 119
Trd, 259083.967, 128
Trd, 259084.117, 64
Trd, 259084.200, 105
Trd, 259084.783, 140
Trd, 259084.800, 126
Trd, 259085.600, 124
Trd, 259085.917, 124
Trd, 259085.983, 120
Trd, 259086.250, 138
Trd, 259086.700, 124
Trd, 259087.333, 118
Trd, 259087.350, 117
Trd, 259087.783, 124
Trd, 259088.067, 139
Trd, 259088.200, 123
Trd, 259088.217, 113
Trd, 259088.250, 112
Trd, 259088.533, 129
Trd, 259088.733, 123
Trd, 259089.167, 123
Trd, 259089.200, 115
Trd, 259089.217, 113
Trd, 259089.633, 128
Trd, 259090.067, 108
Trd, 259090.250, 106
Trd, 259090.733, 114
Trd, 259090.817, 109
Trd, 259091.267, 106
Trd, 259091.283, 106
Trd, 259091.300, 105
Trd, 259091.333, 105
Trd, 259091.667, 86
Trd, 259091.967, 93
Trd, 259092.100, 111
Trd, 259092.367, 130
Trd, 259092.433, 112
Trd, 259092.667, 97
Trd, 259093.083, 139
Trd, 259093.550, 117
Trd, 259094.000, 138
Trd, 259094.267, 127
Trd, 259094.317, 112
Trd, 259095.283, 135
Trd, 259095.333, 131
Trd, 259095.767, 130
Trd, 259095.900, 131
Trd, 259095.950, 128
Trd, 259096.350, 140
Trd, 259096.883, 140
Trd, 259097.583, 127
Trd, 259097.700, 123
Trd, 259097.717, 122
Trd, 259098.100, 134
Trd, 259098.283, 120
Trd, 259098.767, 117
Trd, 259098.867, 116
Trd, 259099.983, 128
Trd, 259100.183, 119
Trd, 259100.333, 137
Trd, 259100.417, 113
Trd, 259100.617, 118
Trd, 259100.817, 106
Trd, 259100.917, 105
Trd, 259101.000, 94
Trd, 259101.017, 110
Trd, 259101.150, 112
Trd, 259101.183, 124
Trd, 259101.333, 115
Trd, 259101.550, 117
Trd, 259101.683, 115
Trd, 259101.967, 110
Trd, 259102.050, 109
Trd, 259102.283, 105
Trd, 259102.583, 105
Trd, 259102.983, 103
Trd, 259103.017, 98
Trd, 259103.217, 93
Trd, 259103.383, 84
Trd, 259103.533, 83
Trd, 259103.733, 101
Trd, 259104.033, 121
Trd, 259104.317, 106
Trd, 259104.417, 120
Trd, 259104.717, 117
Trd, 259104.817, 105
Trd, 259104.933, 94
Trd, 259105.067, 107
Trd, 259105.567, 93
Trd, 259106.017, 118
Trd, 259106.333, 115
Trd, 259106.383, 98
Trd, 259106.550, 103
Trd, 259106.650, 94
Trd, 259107.050, 105
Trd, 259107.183, 102
Trd, 259107.367, 88
Trd, 259107.600, 85
Trd, 259107.717, 110
Trd, 259107.867, 125
Trd, 259108.433, 127
Trd, 259108.500, 109
Trd, 259108.867, 137
Trd, 259108.883, 125
Trd, 259109.283, 96
Trd, 259110.050, 134
Trd, 259110.217, 114
Trd, 259110.283, 112
Trd, 259110.300, 116
Trd, 259110.467, 138
Trd, 259110.683, 130
Trd, 259111.233, 121
Trd, 259111.250, 131
Trd, 259112.133, 131
Trd, 259112.167, 115
Trd, 259112.300, 110
Trd, 259112.333, 107
Trd, 259112.867, 137
Trd, 259113.133, 126
Trd, 259113.233, 122
Trd, 259113.817, 137
Trd, 259113.883, 112
Trd, 259113.967, 110
Trd, 259114.133, 99
Trd, 259114.150, 98
Trd, 259114.350, 102
Trd, 259114.383, 111
Trd, 259114.467, 102
Trd, 259114.500, 114
Trd, 259114.533, 95
Trd, 259114.633, 82
Trd, 259115.283, 84
Trd, 259115.600, 96
Trd, 259115.817, 75
Trd, 259116.017, 92
Trd, 259116.383, 86
Trd, 259116.450, 92
Trd, 259116.533, 76
Trd, 259116.700, 101
Trd, 259116.967, 98
Trd, 259117.150, 122
Trd, 259117.517, 139
Trd, 259117.583, 129
Trd, 259117.767, 115
Trd, 259117.783, 107
Trd, 259118.367, 139
Trd, 259118.600, 105
Trd, 259118.917, 109
Trd, 259119.100, 129
Trd, 259119.267, 133
Trd, 259119.483, 126
Trd, 259119.817, 118
Trd, 259120.317, 139
Trd, 259121.233, 117
Trd, 259121.467, 116
Trd, 259121.533, 113
Trd, 259121.700, 114
Trd, 259121.967, 131
Trd, 259122.217, 109
Trd, 259122.350, 129
Trd, 259122.683, 99
Trd, 259122.700, 94
Trd, 259123.150, 111
Trd, 259123.233, 109
Trd, 259123.583, 107
Trd, 259123.667, 109
Trd, 259123.817, 103
Trd, 259124.117, 130
Trd, 259124.333, 118
Trd, 259124.650, 134
Trd, 259124.667, 113
Trd, 259124.950, 112
Trd, 259125.183, 110
Trd, 259125.417, 114
Trd, 259125.450, 103
Trd, 259125.600, 103
Trd, 259125.800, 109
Trd, 259126.400, 113
Trd, 259126.433, 110
Trd, 259126.983, 137
Trd, 259127.517, 124
Trd, 259127.883, 125
Trd, 259127.950, 123
Trd, 259128.167, 134
Trd, 259128.383, 126
Trd, 259128.483, 121
Trd, 259128.533, 119
Trd, 259128.550, 105
Trd, 259128.633, 96
Trd, 259128.650, 94
Trd, 259128.917, 115
Trd, 259129.333, 126
Trd, 259129.500, 120
Trd, 259129.783, 124
Trd, 259129.817, 137
Trd, 259130.200, 90
Trd, 259130.267, 87
Trd, 259131.467, 105
Trd, 259131.633, 137
Trd, 259131.783, 135
Trd, 259131.800, 135
Trd, 259132.117, 133
Trd, 259132.150, 128
Trd, 259132.200, 119
Trd, 259132.983, 116
Trd, 259133.067, 126
Trd, 259134.067, 112
Trd, 259134.100, 104
Trd, 259134.383, 123
Trd, 259134.483, 114
Trd, 259134.633, 101
Trd, 259134.833, 105
Trd, 259135.133, 113
Trd, 259135.267, 98
Trd, 259135.633, 125
Trd, 259135.800, 107
Trd, 259136.067, 98
Trd, 259136.267, 90
Trd, 259136.350, 87
Trd, 259136.533, 137
Trd, 259137.333, 134
Trd, 259137.517, 138
Trd, 259137.533, 130
Trd, 259137.567, 129
Trd, 259137.933, 128
Trd, 259138.267, 126
Trd, 259138.367, 130
Trd, 259138.567, 126
Trd, 259139.200, 129
Trd, 259139.333, 121
Trd, 259139.383, 119
Trd, 259139.533, 109
Trd, 259139.833, 126
Trd, 259140.333, 100
Trd, 259140.383, 96
Trd, 259140.433, 125
Trd, 259140.833, 116
Trd, 259141.350, 140
Trd, 259141.417, 132
Trd, 259141.483, 131
Trd, 259142.300, 136
Trd, 259142.667, 137
Trd, 259142.733, 137
Trd, 259143.733, 107
Trd, 259143.933, 127
Trd, 259144.083, 125
Trd, 259144.467, 123
Trd, 259144.600, 98
Trd, 259144.800, 121
Trd, 259145.317, 95
Trd, 259145.983, 134
Trd, 259146.050, 129
Trd, 259146.333, 127
Trd, 259146.633, 127
Trd, 259146.733, 117
Trd, 259146.750, 110
Trd, 259146.783, 107
Trd, 259146.900, 106
Trd, 259147.233, 139
Trd, 259147.317, 134
Trd, 259147.633, 140
Trd, 259147.650, 107
Trd, 259147.800, 106
Trd, 259147.917, 103
Trd, 259148.083, 101
Trd, 259148.267, 102
Trd, 259148.450, 101
Trd, 259148.917, 127
Trd, 259149.117, 96
Trd, 259149.467, 129
Trd, 259149.550, 81
Trd, 259149.650, 104
Trd, 259150.733, 139
Trd, 259151.050, 130
Trd, 259151.300, 123
Trd, 259151.450, 118
Trd, 259151.583, 126
Trd, 259151.683, 112
Trd, 259152.250, 111
Trd, 259153.217, 116
Trd, 259153.467, 115
Trd, 259153.817, 118
Trd, 259154.183, 112
Trd, 259154.633, 113
Trd, 259154.700, 112
Trd, 259155.017, 107
Trd, 259155.283, 112
Trd, 259155.383, 101
Trd, 259155.567, 137
Trd, 259155.883, 97
Trd, 259155.950, 96
Trd, 259156.083, 95
Trd, 259156.167, 110
Trd, 259156.250, 101
Trd, 259156.850, 111
Trd, 259157.200, 118
Trd, 259157.417, 113
Trd, 259158.050, 94
Trd, 259158.150, 93
Trd, 259158.283, 94
Trd, 259158.417, 93
Trd, 259158.667, 116
Trd, 259159.250, 104
Trd, 259159.383, 99
Trd, 259159.417, 98
Trd, 259159.467, 85
Trd, 259159.617, 87
Trd, 259159.683, 83
Trd, 259159.833, 106
Trd, 259159.983, 92
Trd, 259160.167, 91
Trd, 259160.350, 110
Trd, 259160.800, 134
Trd, 259161.333, 108
Trd, 259161.717, 121
Trd, 259161.917, 115
Trd, 259162.167, 98
Trd, 259162.383, 92
Trd, 259162.400, 107
Trd, 259162.567, 112
Trd, 259162.633, 113
Trd, 259162.900, 108
Trd, 259163.550, 106
Trd, 259163.650, 97
Trd, 259164.033, 108
Trd, 259164.200, 124
Trd, 259164.783, 113
Trd, 259164.900, 85
Trd, 259165.417, 131
Trd, 259165.867, 110
Trd, 259165.950, 114
Trd, 259166.117, 93
Trd, 259166.133, 88
Trd, 259166.250, 116
Trd, 259166.550, 110
Trd, 259166.633, 109
Trd, 259166.850, 108
Trd, 259167.267, 127
Trd, 259167.433, 137
Trd, 259167.633, 105
Trd, 259167.933, 91
Trd, 259168.300, 109
Trd, 259168.450, 72
Trd, 259168.650, 83
Trd, 259168.683, 97
Trd, 259169.250, 101
Trd, 259169.417, 105
Trd, 259169.700, 101
Trd, 259169.767, 115
Trd, 259170.233, 95
Trd, 259170.283, 94
Trd, 259170.417, 109
Trd, 259170.583, 93
Trd, 259170.950, 113
Trd, 259171.200, 102
Trd, 259171.283, 98
Trd, 259172.183, 108
Trd, 259172.200, 122
Trd, 259172.333, 102
Trd, 259172.417, 100
Trd, 259172.583, 106
Trd, 259172.600, 90
Trd, 259172.850, 114
Trd, 259172.867, 87
Trd, 259172.933, 124
Trd, 259173.100, 86
Trd, 259173.617, 110
Trd, 259173.633, 115
Trd, 259174.117, 100
Trd, 259174.150, 99
Trd, 259174.183, 106
Trd, 259174.833, 135
Trd, 259175.000, 139
Trd, 259175.133, 102
Trd, 259175.367, 112
Trd, 259175.417, 99
Trd, 259175.800, 127
Trd, 259176.000, 121
Trd, 259176.050, 120
Trd, 259176.533, 99
Trd, 259176.733, 96
Trd, 259176.767, 89
Trd, 259177.817, 103
Trd, 259178.167, 99
Trd, 259178.417, 113
Trd, 259178.817, 115
Trd, 259178.833, 114
Trd, 259179.150, 99
Trd, 259179.400, 118
Trd, 259179.683, 129
Trd, 259179.767, 140
Trd, 259179.967, 110
Trd, 259180.033, 108
Trd, 259180.050, 108
Trd, 259180.317, 108
Trd, 259180.467, 115
Trd, 259180.817, 100
Trd, 259180.967, 99
Trd, 259181.067, 96
Trd, 259181.217, 96
Trd, 259181.333, 86
Trd, 259181.967, 104
Trd, 259182.267, 125
Trd, 259182.750, 120
Trd, 259182.833, 117
Trd, 259183.350, 81
Trd, 259183.467, 78
Trd, 259183.917, 100
Trd, 259184.250, 110
Trd, 259184.617, 133
Trd, 259184.733, 108
Trd, 259184.833, 104
Trd, 259185.317, 132
Trd, 259185.700, 132
Trd, 259185.750, 135
Trd, 259185.800, 125
Trd, 259185.933, 137
Trd, 259186.433, 137
Trd, 259186.700, 132
Trd, 259186.750, 132
Trd, 259186.867, 130
Trd, 259186.967, 124
Trd, 259187.483, 107
Trd, 259187.683, 109
Trd, 259187.850, 109
Trd, 259187.867, 112
Trd, 259187.983, 113
Trd, 259188.167, 120
Trd, 259188.417, 105
Trd, 259189.333, 99
Trd, 259189.550, 100
Trd, 259190.183, 97
Trd, 259190.233, 94
Trd, 259190.400, 101
Trd, 259190.500, 93
Trd, 259190.717, 108
Trd, 259190.900, 129
Trd, 259191.067, 114
Trd, 259191.133, 116
Trd, 259191.517, 132
Trd, 259191.817, 136
Trd, 259192.000, 139
Trd, 259192.400, 125
Trd, 259192.733, 133
Trd, 259192.900, 106
Trd, 259192.967, 106
Trd, 259193.000, 127
Trd, 259193.400, 113
Trd, 259193.417, 101
Trd, 259194.000, 94
Trd, 259194.617, 129
Trd, 259194.683, 117
Trd, 259194.733, 106
Trd, 259194.783, 104
Trd, 259194.983, 102
Trd, 259195.067, 102
Trd, 259195.233, 136
Trd, 259195.817, 118
Trd, 259196.017, 133
Trd, 259196.233, 135
Trd, 259196.350, 102
Trd, 259196.417, 101
Trd, 259196.767, 100
Trd, 259196.817, 100
Trd, 259196.950, 87
Trd, 259197.067, 134
Trd, 259197.433, 74
Trd, 259197.517, 84
Trd, 259197.567, 126
Trd, 259197.933, 80
Trd, 259198.033, 77
Trd, 259198.233, 133
Trd, 259198.517, 104
Trd, 259198.617, 138
Trd, 259198.833, 113
Trd, 259199.083, 70
Trd, 259199.183, 91
Trd, 259199.417, 63
Trd, 259199.667, 117
