Trd, 258585.983, 119
Trd, 258586.133, 121
Trd, 258586.200, 122
Trd, 258586.300, 120
Trd, 258586.950, 120
Trd, 258587.433, 118
Trd, 258587.567, 119
Trd, 258587.633, 117
Trd, 258587.717, 119
Trd, 258587.767, 96
Trd, 258587.883, 95
Trd, 258587.933, 93
Trd, 258588.133, 119
Trd, 258588.267, 126
Trd, 258588.783, 123
Trd, 258588.917, 122
Trd, 258589.083, 74
Trd, 258589.683, 117
Trd, 258589.783, 116
Trd, 258589.950, 119
Trd, 258590.067, 116
Trd, 258590.100, 115
Trd, 258590.300, 120
Trd, 258590.400, 115
Trd, 258590.683, 110
Trd, 258590.867, 122
Trd, 258591.033, 94
Trd, 258591.483, 93
Trd, 258591.800, 109
Trd, 258591.967, 89
Trd, 258592.283, 107
Trd, 258592.733, 98
Trd, 258592.867, 96
Trd, 258592.883, 112
Trd, 258593.000, 113
Trd, 258593.200, 97
Trd, 258593.400, 96
Trd, 258593.467, 111
Trd, 258593.550, 98
Trd, 258593.867, 97
Trd, 258593.950, 96
Trd, 258594.200, 107
Trd, 258594.233, 97
Trd, 258594.400, 95
Trd, 258594.600, 90
Trd, 258595.383, 105
Trd, 258595.517, 95
Trd, 258595.767, 106
Trd, 258596.183, 100
Trd, 258596.267, 99
Trd, 258596.450, 99
Trd, 258596.783, 102
Trd, 258597.200, 131
Trd, 258597.467, 116
Trd, 258597.483, 115
Trd, 258597.650, 114
Trd, 258597.717, 92
Trd, 258597.750, 138
Trd, 258597.800, 79
Trd, 258597.983, 78
Trd, 258598.800, 84
Trd, 258599.033, 84
Trd, 258599.417, 103
Trd, 258599.467, 95
Trd, 258599.633, 104
Trd, 258599.683, 96
Trd, 258599.717, 105
Trd, 258599.750, 106
Trd, 258599.950, 96
Trd, 258600.033, 94
Trd, 258600.833, 92
Trd, 258600.867, 101
Trd, 258600.967, 93
Trd, 258601.050, 94
Trd, 258601.217, 92
Trd, 258601.417, 97
Trd, 258601.783, 91
Trd, 258602.117, 90
Trd, 258602.250, 102
Trd, 258602.450, 84
Trd, 258602.467, 102
Trd, 258602.517, 79
Trd, 258602.800, 73
Trd, 258602.817, 103
Trd, 258602.983, 72
Trd, 258603.133, 78
Trd, 258603.700, 107
Trd, 258603.767, 105
Trd, 258603.967, 71
Trd, 258604.917, 61
Trd, 258605.067, 62
Trd, 258605.400, 62
Trd, 258605.633, 65
Trd, 258605.883, 70
Trd, 258606.117, 88
Trd, 258606.167, 89
Trd, 258606.683, 90
Trd, 258606.733, 92
Trd, 258606.817, 86
Trd, 258607.050, 84
Trd, 258607.133, 101
Trd, 258607.533, 106
Trd, 258607.767, 105
Trd, 258607.783, 104
Trd, 258607.817, 109
Trd, 258607.950, 111
Trd, 258608.067, 104
Trd, 258608.417, 117
Trd, 258608.867, 107
Trd, 258609.167, 117
Trd, 258609.450, 133
Trd, 258609.567, 132
Trd, 258610.167, 140
Trd, 258610.433, 140
Trd, 258610.550, 140
Trd, 258610.883, 140
Trd, 258611.183, 140
Trd, 258611.217, 140
Trd, 258611.317, 140
Trd, 258611.350, 140
Trd, 258611.400, 138
Trd, 258612.150, 125
Trd, 258612.317, 124
Trd, 258612.500, 125
Trd, 258612.550, 121
Trd, 258612.617, 109
Trd, 258612.933, 105
Trd, 258613.117, 101
Trd, 258613.517, 114
Trd, 258614.217, 125
Trd, 258614.367, 126
Trd, 258614.483, 127
Trd, 258614.500, 126
Trd, 258614.817, 122
Trd, 258615.267, 116
Trd, 258615.833, 117
Trd, 258615.983, 111
Trd, 258616.150, 114
Trd, 258616.300, 107
Trd, 258616.550, 117
Trd, 258616.867, 114
Trd, 258617.217, 138
Trd, 258617.267, 138
Trd, 258617.300, 137
Trd, 258617.500, 101
Trd, 258617.517, 87
Trd, 258617.800, 103
Trd, 258617.983, 119
Trd, 258618.367, 110
Trd, 258618.833, 115
Trd, 258618.967, 114
Trd, 258619.017, 112
Trd, 258619.167, 114
Trd, 258619.667, 118
Trd, 258619.800, 113
Trd, 258619.883, 112
Trd, 258619.900, 110
Trd, 258620.133, 105
Trd, 258620.317, 119
Trd, 258620.550, 111
Trd, 258620.583, 105
Trd, 258620.817, 110
Trd, 258620.950, 110
Trd, 258621.217, 109
Trd, 258621.817, 98
Trd, 258622.200, 100
Trd, 258622.567, 99
Trd, 258622.650, 100
Trd, 258622.933, 99
Trd, 258623.217, 98
Trd, 258623.367, 98
Trd, 258623.450, 97
Trd, 258623.500, 100
Trd, 258623.517, 101
Trd, 258624.150, 101
Trd, 258624.283, 130
Trd, 258624.350, 97
Trd, 258625.167, 140
Trd, 258625.183, 140
Trd, 258625.417, 140
Trd, 258625.500, 131
Trd, 258625.533, 127
Trd, 258626.117, 126
Trd, 258626.350, 133
Trd, 258626.483, 127
Trd, 258627.967, 130
Trd, 258628.100, 129
Trd, 258628.450, 131
Trd, 258628.700, 136
Trd, 258628.900, 136
Trd, 258628.933, 135
Trd, 258629.133, 134
Trd, 258629.317, 134
Trd, 258629.500, 132
Trd, 258629.600, 125
Trd, 258629.633, 136
Trd, 258629.667, 121
Trd, 258629.717, 110
Trd, 258629.900, 90
Trd, 258630.483, 113
Trd, 258630.883, 125
Trd, 258631.100, 126
Trd, 258631.200, 126
Trd, 258631.267, 127
Trd, 258631.367, 126
Trd, 258631.750, 139
Trd, 258631.783, 138
Trd, 258632.400, 139
Trd, 258632.600, 137
Trd, 258632.900, 140
Trd, 258632.967, 134
Trd, 258633.333, 134
Trd, 258633.483, 134
Trd, 258633.500, 132
Trd, 258634.717, 137
Trd, 258634.733, 136
Trd, 258634.867, 139
Trd, 258635.017, 140
Trd, 258635.033, 139
Trd, 258635.083, 138
Trd, 258635.233, 137
Trd, 258635.467, 137
Trd, 258635.733, 131
Trd, 258635.783, 123
Trd, 258636.033, 122
Trd, 258636.350, 140
Trd, 258636.367, 108
Trd, 258637.083, 133
Trd, 258637.200, 133
Trd, 258637.483, 133
Trd, 258637.967, 116
Trd, 258638.533, 124
Trd, 258638.683, 124
Trd, 258638.783, 116
Trd, 258639.050, 138
Trd, 258639.100, 137
Trd, 258639.133, 134
Trd, 258639.183, 113
Trd, 258639.217, 93
Trd, 258639.833, 112
Trd, 258640.083, 127
Trd, 258640.267, 108
Trd, 258640.417, 104
Trd, 258640.650, 93
Trd, 258641.217, 122
Trd, 258641.250, 110
Trd, 258641.350, 109
Trd, 258641.767, 95
Trd, 258641.900, 121
Trd, 258641.967, 121
Trd, 258641.983, 90
Trd, 258642.350, 68
Trd, 258642.650, 110
Trd, 258643.100, 122
Trd, 258643.833, 127
Trd, 258644.017, 129
Trd, 258644.100, 126
Trd, 258644.117, 124
Trd, 258644.200, 91
Trd, 258644.700, 132
Trd, 258645.033, 133
Trd, 258645.233, 135
Trd, 258645.583, 135
Trd, 258645.600, 134
Trd, 258645.683, 134
Trd, 258645.750, 134
Trd, 258645.783, 132
Trd, 258645.883, 133
Trd, 258645.950, 132
Trd, 258646.350, 135
Trd, 258646.567, 135
Trd, 258646.867, 135
Trd, 258646.883, 126
Trd, 258647.200, 139
Trd, 258647.233, 125
Trd, 258647.300, 118
Trd, 258647.467, 110
Trd, 258647.867, 123
Trd, 258648.167, 127
Trd, 258648.383, 126
Trd, 258648.600, 137
Trd, 258649.133, 138
Trd, 258649.250, 137
Trd, 258649.267, 135
Trd, 258649.700, 136
Trd, 258649.733, 135
Trd, 258650.200, 140
Trd, 258650.233, 138
Trd, 258650.467, 131
Trd, 258650.817, 137
Trd, 258650.850, 136
Trd, 258651.067, 138
Trd, 258651.117, 137
Trd, 258651.150, 135
Trd, 258651.233, 120
Trd, 258651.550, 139
Trd, 258652.017, 140
Trd, 258652.100, 140
Trd, 258652.150, 130
Trd, 258652.250, 109
Trd, 258652.633, 117
Trd, 258653.683, 102
Trd, 258653.950, 122
Trd, 258654.017, 96
Trd, 258654.333, 97
Trd, 258654.600, 90
Trd, 258654.617, 89
Trd, 258654.733, 88
Trd, 258655.533, 130
Trd, 258655.667, 130
Trd, 258656.100, 130
Trd, 258656.200, 129
Trd, 258656.350, 135
Trd, 258656.467, 130
Trd, 258656.850, 140
Trd, 258656.917, 112
Trd, 258657.233, 109
Trd, 258657.317, 108
Trd, 258657.467, 107
Trd, 258657.633, 133
Trd, 258657.733, 125
Trd, 258658.033, 140
Trd, 258658.217, 140
Trd, 258658.600, 140
Trd, 258658.700, 140
Trd, 258658.850, 140
Trd, 258658.867, 140
Trd, 258658.917, 140
Trd, 258659.033, 140
Trd, 258659.150, 129
Trd, 258659.383, 123
Trd, 258659.450, 122
Trd, 258659.867, 120
Trd, 258660.133, 105
Trd, 258660.450, 117
Trd, 258660.483, 136
Trd, 258661.183, 118
Trd, 258661.250, 117
Trd, 258661.400, 128
Trd, 258661.583, 130
Trd, 258661.817, 128
Trd, 258661.867, 127
Trd, 258661.933, 119
Trd, 258662.150, 129
Trd, 258662.533, 129
Trd, 258662.583, 129
Trd, 258662.850, 128
Trd, 258663.467, 121
Trd, 258664.167, 129
Trd, 258664.217, 110
Trd, 258664.367, 129
Trd, 258664.500, 113
Trd, 258664.600, 130
Trd, 258664.733, 116
Trd, 258665.483, 130
Trd, 258666.050, 131
Trd, 258666.117, 130
Trd, 258666.417, 128
Trd, 258666.433, 127
Trd, 258666.583, 132
Trd, 258666.833, 133
Trd, 258666.950, 133
Trd, 258667.133, 132
Trd, 258668.350, 131
Trd, 258668.383, 136
Trd, 258668.517, 130
Trd, 258668.633, 120
Trd, 258668.783, 119
Trd, 258668.917, 116
Trd, 258669.400, 112
Trd, 258669.617, 112
Trd, 258669.717, 129
Trd, 258670.350, 128
Trd, 258670.450, 129
Trd, 258670.867, 129
Trd, 258670.900, 130
Trd, 258670.967, 131
Trd, 258671.083, 130
Trd, 258671.333, 129
Trd, 258671.517, 130
Trd, 258671.733, 126
Trd, 258672.183, 131
Trd, 258672.300, 140
Trd, 258672.433, 128
Trd, 258673.067, 133
Trd, 258673.433, 134
Trd, 258674.000, 135
Trd, 258674.117, 134
Trd, 258674.167, 133
Trd, 258674.383, 138
Trd, 258674.600, 138
Trd, 258674.617, 137
Trd, 258674.683, 132
Trd, 258674.783, 111
Trd, 258674.883, 107
Trd, 258674.900, 106
Trd, 258675.667, 91
Trd, 258675.683, 83
Trd, 258676.550, 102
Trd, 258676.717, 102
Trd, 258676.733, 104
Trd, 258676.850, 105
Trd, 258677.383, 135
Trd, 258677.400, 134
Trd, 258677.567, 140
Trd, 258677.700, 139
Trd, 258677.717, 118
Trd, 258677.733, 116
Trd, 258677.800, 106
Trd, 258677.817, 104
Trd, 258677.933, 89
Trd, 258678.383, 90
Trd, 258679.633, 139
Trd, 258679.800, 124
Trd, 258679.883, 124
Trd, 258679.917, 122
Trd, 258679.933, 97
Trd, 258680.067, 87
Trd, 258680.083, 81
Trd, 258680.367, 73
Trd, 258680.967, 87
Trd, 258680.983, 91
Trd, 258681.167, 85
Trd, 258681.400, 92
Trd, 258681.533, 89
Trd, 258681.550, 75
Trd, 258681.683, 93
Trd, 258681.767, 95
Trd, 258681.783, 70
Trd, 258681.900, 69
Trd, 258681.983, 140
Trd, 258682.883, 61
Trd, 258683.367, 61
Trd, 258683.400, 63
Trd, 258683.767, 60
Trd, 258683.883, 67
Trd, 258684.400, 67
Trd, 258684.567, 67
Trd, 258684.583, 66
Trd, 258684.667, 68
Trd, 258684.933, 70
Trd, 258685.317, 92
Trd, 258685.483, 75
Trd, 258685.500, 76
Trd, 258685.850, 93
Trd, 258685.900, 82
Trd, 258686.117, 77
Trd, 258686.233, 75
Trd, 258686.717, 128
Trd, 258686.850, 128
Trd, 258687.150, 128
Trd, 258687.183, 127
Trd, 258687.850, 125
Trd, 258688.117, 126
Trd, 258688.467, 127
Trd, 258688.500, 127
Trd, 258688.583, 126
Trd, 258688.667, 125
Trd, 258688.783, 62
Trd, 258689.100, 77
Trd, 258689.267, 129
Trd, 258689.400, 71
Trd, 258689.767, 65
Trd, 258689.883, 83
Trd, 258690.033, 78
Trd, 258690.383, 126
Trd, 258690.400, 113
Trd, 258690.633, 88
Trd, 258691.050, 126
Trd, 258691.133, 68
Trd, 258691.500, 117
Trd, 258691.733, 112
Trd, 258692.017, 86
Trd, 258692.400, 128
Trd, 258692.583, 129
Trd, 258693.367, 126
Trd, 258693.583, 127
Trd, 258693.733, 126
Trd, 258693.833, 125
Trd, 258694.283, 126
Trd, 258694.383, 127
Trd, 258694.683, 128
Trd, 258694.917, 129
Trd, 258695.000, 129
Trd, 258695.033, 128
Trd, 258695.100, 126
Trd, 258695.783, 132
Trd, 258695.917, 132
Trd, 258696.217, 129
Trd, 258696.417, 117
Trd, 258696.467, 112
Trd, 258696.650, 92
Trd, 258696.700, 90
Trd, 258697.117, 105
Trd, 258697.217, 93
Trd, 258697.450, 92
Trd, 258697.467, 78
Trd, 258697.650, 119
Trd, 258697.917, 71
Trd, 258698.050, 108
Trd, 258698.217, 105
Trd, 258698.833, 88
Trd, 258699.917, 86
Trd, 258699.933, 85
Trd, 258700.133, 107
Trd, 258700.150, 108
Trd, 258700.283, 105
Trd, 258700.350, 108
Trd, 258700.950, 113
Trd, 258701.117, 106
Trd, 258701.133, 105
Trd, 258701.250, 93
Trd, 258701.333, 100
Trd, 258701.833, 96
Trd, 258702.067, 93
Trd, 258702.167, 93
Trd, 258702.783, 93
Trd, 258702.817, 91
Trd, 258702.933, 98
Trd, 258703.083, 115
Trd, 258703.100, 93
Trd, 258703.233, 91
Trd, 258703.550, 105
Trd, 258703.900, 93
Trd, 258703.950, 92
Trd, 258703.983, 115
Trd, 258704.050, 91
Trd, 258704.317, 93
Trd, 258704.517, 92
Trd, 258704.583, 140
Trd, 258705.100, 98
Trd, 258705.133, 100
Trd, 258705.250, 140
Trd, 258705.617, 140
Trd, 258706.167, 112
Trd, 258706.250, 96
Trd, 258706.267, 87
Trd, 258706.667, 85
Trd, 258706.867, 82
Trd, 258706.917, 101
Trd, 258707.267, 119
Trd, 258707.900, 120
Trd, 258708.033, 120
Trd, 258708.650, 122
Trd, 258709.050, 123
Trd, 258709.283, 124
Trd, 258709.383, 124
Trd, 258709.417, 124
Trd, 258709.517, 124
Trd, 258709.683, 123
Trd, 258709.767, 124
Trd, 258710.000, 122
Trd, 258710.433, 138
Trd, 258710.467, 129
Trd, 258710.617, 130
Trd, 258710.667, 129
Trd, 258711.217, 128
Trd, 258711.667, 139
Trd, 258711.850, 135
Trd, 258712.483, 115
Trd, 258712.550, 115
Trd, 258712.583, 112
Trd, 258712.750, 132
Trd, 258712.833, 129
Trd, 258713.067, 116
Trd, 258713.583, 112
Trd, 258713.650, 111
Trd, 258713.700, 113
Trd, 258714.000, 101
Trd, 258714.367, 118
Trd, 258714.500, 118
Trd, 258714.583, 117
Trd, 258714.933, 105
Trd, 258715.150, 106
Trd, 258715.483, 107
Trd, 258715.533, 106
Trd, 258715.600, 118
Trd, 258715.917, 121
Trd, 258716.833, 140
Trd, 258716.867, 140
Trd, 258716.900, 140
Trd, 258716.967, 140
Trd, 258717.033, 134
Trd, 258717.167, 131
Trd, 258717.267, 123
Trd, 258717.683, 117
Trd, 258717.767, 116
Trd, 258718.533, 104
Trd, 258718.633, 107
Trd, 258718.950, 107
Trd, 258719.000, 103
Trd, 258719.333, 133
Trd, 258719.483, 94
Trd, 258719.783, 122
Trd, 258720.117, 105
Trd, 258720.233, 118
Trd, 258720.550, 102
Trd, 258720.633, 101
Trd, 258720.800, 100
Trd, 258720.833, 99
Trd, 258721.317, 96
Trd, 258721.400, 103
Trd, 258722.050, 104
Trd, 258722.100, 105
Trd, 258722.567, 124
Trd, 258722.617, 100
Trd, 258722.733, 101
Trd, 258723.650, 118
Trd, 258723.750, 119
Trd, 258723.900, 124
Trd, 258723.933, 119
Trd, 258724.000, 118
Trd, 258724.433, 119
Trd, 258724.467, 119
Trd, 258724.817, 120
Trd, 258724.967, 124
Trd, 258725.017, 114
Trd, 258725.100, 104
Trd, 258725.150, 102
Trd, 258726.350, 139
Trd, 258726.567, 140
Trd, 258726.717, 139
Trd, 258726.783, 138
Trd, 258726.983, 125
Trd, 258727.183, 128
Trd, 258727.483, 130
Trd, 258727.650, 131
Trd, 258727.667, 130
Trd, 258727.833, 131
Trd, 258727.900, 129
Trd, 258728.617, 128
Trd, 258728.867, 127
Trd, 258729.033, 126
Trd, 258729.133, 115
Trd, 258729.267, 107
Trd, 258729.750, 116
Trd, 258729.933, 117
Trd, 258729.983, 103
Trd, 258730.000, 102
Trd, 258730.017, 91
Trd, 258730.200, 117
Trd, 258730.217, 82
Trd, 258730.367, 137
Trd, 258731.250, 96
Trd, 258731.467, 98
Trd, 258731.733, 118
Trd, 258731.783, 117
Trd, 258731.900, 117
Trd, 258732.133, 118
Trd, 258732.233, 118
Trd, 258732.267, 117
Trd, 258732.383, 116
Trd, 258732.633, 115
Trd, 258733.033, 110
Trd, 258733.050, 111
Trd, 258733.100, 109
Trd, 258733.200, 110
Trd, 258733.367, 110
Trd, 258733.733, 109
Trd, 258734.317, 114
Trd, 258734.383, 105
Trd, 258734.417, 98
Trd, 258735.033, 81
Trd, 258735.733, 78
Trd, 258735.750, 77
Trd, 258735.883, 76
Trd, 258735.950, 90
Trd, 258736.117, 84
Trd, 258736.350, 91
Trd, 258736.400, 75
Trd, 258736.533, 79
Trd, 258736.900, 91
Trd, 258736.933, 92
Trd, 258737.517, 134
Trd, 258737.633, 114
Trd, 258737.650, 83
Trd, 258737.683, 80
Trd, 258739.067, 114
Trd, 258739.083, 124
Trd, 258739.217, 132
Trd, 258739.350, 125
Trd, 258739.367, 134
Trd, 258739.483, 113
Trd, 258740.150, 116
Trd, 258740.233, 118
Trd, 258740.400, 115
Trd, 258740.517, 111
Trd, 258740.667, 110
Trd, 258741.067, 124
Trd, 258741.083, 103
Trd, 258741.383, 138
Trd, 258741.550, 124
Trd, 258742.000, 99
Trd, 258742.300, 138
Trd, 258742.317, 123
Trd, 258742.417, 123
Trd, 258742.533, 122
Trd, 258743.083, 125
Trd, 258743.167, 126
Trd, 258743.233, 125
Trd, 258743.317, 124
Trd, 258743.500, 125
Trd, 258743.767, 124
Trd, 258744.100, 127
Trd, 258744.183, 126
Trd, 258744.233, 132
Trd, 258745.450, 113
Trd, 258745.467, 112
Trd, 258745.583, 104
Trd, 258746.067, 92
Trd, 258746.100, 116
Trd, 258746.267, 125
Trd, 258746.750, 115
Trd, 258746.900, 114
Trd, 258746.967, 114
Trd, 258747.167, 114
Trd, 258747.300, 113
Trd, 258747.450, 121
Trd, 258747.517, 121
Trd, 258747.750, 115
Trd, 258747.817, 114
Trd, 258747.933, 122
Trd, 258748.283, 116
Trd, 258748.367, 114
Trd, 258748.433, 113
Trd, 258748.700, 125
Trd, 258748.917, 103
Trd, 258749.000, 103
Trd, 258749.500, 126
Trd, 258749.600, 102
Trd, 258750.167, 115
Trd, 258750.283, 114
Trd, 258750.400, 138
Trd, 258750.467, 113
Trd, 258750.500, 123
Trd, 258750.550, 113
Trd, 258751.350, 138
Trd, 258751.583, 140
Trd, 258751.600, 139
Trd, 258751.867, 139
Trd, 258752.383, 140
Trd, 258752.967, 140
Trd, 258753.017, 131
Trd, 258753.750, 121
Trd, 258753.900, 121
Trd, 258754.133, 132
Trd, 258754.183, 131
Trd, 258754.350, 132
Trd, 258754.433, 132
Trd, 258754.700, 116
Trd, 258754.900, 130
Trd, 258754.917, 110
Trd, 258755.517, 137
Trd, 258755.567, 103
Trd, 258755.950, 103
Trd, 258756.150, 102
Trd, 258756.400, 140
Trd, 258756.483, 140
Trd, 258756.600, 139
Trd, 258757.300, 116
Trd, 258757.333, 115
Trd, 258757.367, 114
Trd, 258757.750, 132
Trd, 258758.117, 106
Trd, 258758.400, 106
Trd, 258758.600, 129
Trd, 258758.767, 110
Trd, 258759.483, 111
Trd, 258759.633, 118
Trd, 258759.750, 109
Trd, 258760.050, 119
Trd, 258760.100, 107
Trd, 258760.267, 106
Trd, 258760.383, 105
Trd, 258760.517, 71
Trd, 258760.633, 60
Trd, 258760.700, 116
Trd, 258760.950, 63
Trd, 258760.967, 66
Trd, 258761.117, 69
Trd, 258761.133, 70
Trd, 258761.217, 119
Trd, 258761.500, 112
Trd, 258761.900, 68
Trd, 258762.100, 66
Trd, 258762.733, 62
Trd, 258762.883, 63
Trd, 258763.050, 64
Trd, 258763.133, 63
Trd, 258763.433, 73
Trd, 258763.617, 65
Trd, 258763.717, 72
Trd, 258763.733, 88
Trd, 258764.233, 101
Trd, 258764.633, 90
Trd, 258764.667, 72
Trd, 258764.933, 74
Trd, 258765.183, 96
Trd, 258765.333, 92
Trd, 258765.717, 91
Trd, 258765.750, 90
Trd, 258765.867, 99
Trd, 258766.050, 89
Trd, 258766.117, 109
Trd, 258767.183, 81
Trd, 258767.350, 99
Trd, 258767.400, 100
Trd, 258767.783, 84
Trd, 258768.067, 100
Trd, 258768.283, 113
Trd, 258768.833, 123
Trd, 258768.967, 124
Trd, 258769.133, 125
Trd, 258769.183, 124
Trd, 258769.750, 129
Trd, 258769.983, 125
Trd, 258770.700, 128
Trd, 258770.833, 125
Trd, 258770.867, 122
Trd, 258771.217, 123
Trd, 258771.300, 131
Trd, 258771.400, 123
Trd, 258771.433, 122
Trd, 258771.733, 120
Trd, 258771.900, 121
Trd, 258772.117, 121
Trd, 258772.800, 122
Trd, 258773.283, 123
Trd, 258773.333, 126
Trd, 258773.600, 124
Trd, 258773.883, 124
Trd, 258774.233, 126
Trd, 258774.450, 125
Trd, 258774.717, 136
Trd, 258774.917, 128
Trd, 258774.950, 126
Trd, 258775.083, 124
Trd, 258775.133, 124
Trd, 258775.267, 123
Trd, 258775.417, 113
Trd, 258775.650, 102
Trd, 258775.883, 100
Trd, 258776.117, 106
Trd, 258776.467, 94
Trd, 258776.800, 102
Trd, 258776.817, 93
Trd, 258777.533, 131
Trd, 258777.883, 133
Trd, 258777.983, 132
Trd, 258778.000, 134
Trd, 258778.933, 133
Trd, 258779.083, 132
Trd, 258779.583, 134
Trd, 258779.650, 136
Trd, 258779.767, 135
Trd, 258779.833, 132
Trd, 258779.967, 138
Trd, 258780.100, 131
Trd, 258780.117, 113
Trd, 258780.167, 111
Trd, 258780.350, 98
Trd, 258780.533, 78
Trd, 258781.333, 138
Trd, 258781.517, 75
Trd, 258781.800, 75
Trd, 258782.150, 101
Trd, 258782.567, 68
Trd, 258782.617, 69
Trd, 258782.700, 115
Trd, 258782.767, 67
Trd, 258782.817, 66
Trd, 258782.900, 116
Trd, 258783.067, 107
Trd, 258783.167, 83
Trd, 258783.583, 80
Trd, 258783.683, 101
Trd, 258783.867, 101
Trd, 258783.917, 82
Trd, 258783.967, 80
Trd, 258784.250, 75
Trd, 258784.283, 83
Trd, 258784.300, 85
Trd, 258784.450, 86
Trd, 258784.683, 76
Trd, 258784.917, 75
Trd, 258785.017, 76
Trd, 258785.217, 76
Trd, 258785.483, 77
Trd, 258785.567, 78
Trd, 258785.983, 60
Trd, 258786.567, 140
Trd, 258786.583, 105
Trd, 258786.867, 103
Trd, 258788.383, 113
Trd, 258788.533, 112
Trd, 258789.017, 114
Trd, 258789.083, 113
Trd, 258789.350, 116
Trd, 258789.617, 114
Trd, 258789.783, 113
Trd, 258789.883, 115
Trd, 258790.067, 113
Trd, 258790.083, 112
Trd, 258790.217, 100
Trd, 258790.283, 115
Trd, 258790.533, 119
Trd, 258790.550, 115
Trd, 258790.700, 100
Trd, 258790.967, 119
Trd, 258791.283, 119
Trd, 258791.350, 118
Trd, 258791.917, 93
Trd, 258791.967, 96
Trd, 258792.217, 92
Trd, 258792.333, 91
Trd, 258792.467, 78
Trd, 258792.650, 109
Trd, 258792.750, 110
Trd, 258793.133, 98
Trd, 258793.417, 98
Trd, 258793.833, 82
Trd, 258794.383, 100
Trd, 258794.450, 93
Trd, 258794.717, 122
Trd, 258795.083, 124
Trd, 258795.150, 131
Trd, 258795.283, 123
Trd, 258795.900, 134
Trd, 258796.033, 133
Trd, 258796.200, 133
Trd, 258797.100, 140
Trd, 258797.267, 140
Trd, 258797.550, 140
Trd, 258797.883, 140
Trd, 258797.950, 140
Trd, 258797.983, 140
Trd, 258798.033, 127
Trd, 258798.333, 125
Trd, 258798.517, 122
Trd, 258798.733, 116
Trd, 258798.750, 126
Trd, 258798.883, 114
Trd, 258798.950, 113
Trd, 258799.317, 105
Trd, 258799.350, 123
Trd, 258799.583, 104
Trd, 258799.767, 77
Trd, 258799.950, 64
Trd, 258800.450, 108
Trd, 258801.300, 82
Trd, 258801.367, 103
Trd, 258801.550, 102
Trd, 258801.867, 85
Trd, 258802.050, 85
Trd, 258802.167, 87
Trd, 258802.200, 86
Trd, 258802.283, 102
Trd, 258802.467, 81
Trd, 258802.600, 101
Trd, 258802.817, 102
Trd, 258802.950, 80
Trd, 258803.483, 101
Trd, 258803.617, 81
Trd, 258804.150, 83
Trd, 258804.167, 82
Trd, 258804.600, 101
Trd, 258804.650, 86
Trd, 258804.733, 106
Trd, 258804.950, 92
Trd, 258805.150, 134
Trd, 258805.283, 108
Trd, 258805.600, 88
Trd, 258805.967, 89
Trd, 258806.417, 133
Trd, 258806.533, 114
Trd, 258806.783, 115
Trd, 258806.950, 115
Trd, 258807.067, 128
Trd, 258807.600, 127
Trd, 258807.650, 126
Trd, 258807.850, 129
Trd, 258807.867, 128
Trd, 258808.250, 126
Trd, 258808.483, 126
Trd, 258808.850, 125
Trd, 258808.983, 126
Trd, 258809.000, 109
Trd, 258809.167, 105
Trd, 258809.783, 127
Trd, 258810.033, 109
Trd, 258810.300, 111
Trd, 258810.750, 110
Trd, 258811.150, 116
Trd, 258811.167, 111
Trd, 258811.250, 111
Trd, 258811.567, 121
Trd, 258811.767, 123
Trd, 258811.867, 121
Trd, 258812.000, 136
Trd, 258812.117, 137
Trd, 258812.417, 138
Trd, 258812.567, 137
Trd, 258812.767, 115
Trd, 258813.400, 102
Trd, 258813.417, 82
Trd, 258813.900, 81
Trd, 258813.950, 96
Trd, 258814.067, 98
Trd, 258814.617, 125
Trd, 258815.067, 122
Trd, 258815.150, 125
Trd, 258815.967, 126
Trd, 258815.983, 125
Trd, 258816.050, 124
Trd, 258816.067, 123
Trd, 258816.167, 122
Trd, 258816.367, 139
Trd, 258816.883, 140
Trd, 258816.917, 118
Trd, 258816.933, 117
Trd, 258817.083, 117
Trd, 258817.650, 94
Trd, 258817.700, 96
Trd, 258818.167, 138
Trd, 258818.267, 110
Trd, 258818.650, 124
Trd, 258818.667, 122
Trd, 258818.750, 97
Trd, 258818.967, 125
Trd, 258819.217, 97
Trd, 258819.333, 96
Trd, 258819.733, 107
Trd, 258820.100, 107
Trd, 258820.317, 80
Trd, 258820.383, 97
Trd, 258820.800, 120
Trd, 258820.983, 110
Trd, 258821.233, 107
Trd, 258821.333, 106
Trd, 258822.050, 115
Trd, 258822.100, 116
Trd, 258822.417, 113
Trd, 258822.433, 120
Trd, 258822.600, 112
Trd, 258822.917, 140
Trd, 258823.000, 111
Trd, 258823.033, 98
Trd, 258823.317, 99
Trd, 258823.567, 113
Trd, 258824.000, 124
Trd, 258824.333, 125
Trd, 258824.383, 124
Trd, 258824.450, 124
Trd, 258824.517, 125
Trd, 258824.617, 135
Trd, 258824.700, 125
Trd, 258824.900, 140
Trd, 258824.917, 139
Trd, 258825.017, 125
Trd, 258825.300, 123
Trd, 258825.500, 123
Trd, 258826.117, 120
Trd, 258826.317, 120
Trd, 258826.450, 120
Trd, 258826.783, 119
Trd, 258826.817, 110
Trd, 258826.867, 121
Trd, 258826.950, 101
Trd, 258827.317, 91
Trd, 258827.550, 119
Trd, 258828.550, 111
Trd, 258828.567, 110
Trd, 258828.717, 111
Trd, 258828.767, 117
Trd, 258828.783, 121
Trd, 258828.883, 110
Trd, 258829.300, 119
Trd, 258830.167, 111
Trd, 258830.267, 110
Trd, 258830.550, 108
Trd, 258830.867, 117
Trd, 258830.983, 105
Trd, 258831.267, 92
Trd, 258831.700, 91
Trd, 258832.283, 91
Trd, 258832.483, 85
Trd, 258832.500, 84
Trd, 258833.117, 96
Trd, 258833.767, 108
Trd, 258834.417, 107
Trd, 258834.550, 107
Trd, 258834.700, 109
Trd, 258834.717, 107
Trd, 258834.767, 106
Trd, 258834.783, 98
Trd, 258834.850, 109
Trd, 258834.883, 105
Trd, 258835.050, 98
Trd, 258835.267, 109
Trd, 258835.333, 99
Trd, 258835.383, 98
Trd, 258835.583, 110
Trd, 258836.350, 111
Trd, 258836.450, 107
Trd, 258837.333, 140
Trd, 258837.817, 140
Trd, 258838.083, 140
Trd, 258838.250, 140
Trd, 258838.583, 140
Trd, 258838.700, 140
Trd, 258838.950, 140
Trd, 258839.500, 140
Trd, 258839.750, 140
Trd, 258840.083, 140
Trd, 258840.167, 140
Trd, 258840.267, 131
Trd, 258840.567, 114
Trd, 258840.600, 133
Trd, 258841.167, 127
Trd, 258841.233, 114
Trd, 258841.483, 126
Trd, 258841.617, 128
Trd, 258841.767, 113
Trd, 258841.917, 113
Trd, 258842.200, 112
Trd, 258842.283, 136
Trd, 258842.567, 115
Trd, 258842.750, 113
Trd, 258842.900, 139
Trd, 258843.217, 113
Trd, 258843.767, 130
Trd, 258844.150, 130
Trd, 258844.267, 128
Trd, 258844.433, 128
Trd, 258844.450, 127
Trd, 258844.500, 115
Trd, 258844.617, 122
Trd, 258844.967, 130
Trd, 258845.017, 120
Trd, 258845.117, 119
Trd, 258845.367, 118
Trd, 258845.767, 116
Trd, 258846.100, 107
Trd, 258846.300, 111
Trd, 258846.717, 110
Trd, 258847.067, 110
Trd, 258847.300, 108
Trd, 258847.550, 122
Trd, 258847.883, 100
Trd, 258848.333, 108
Trd, 258848.767, 117
Trd, 258848.817, 103
Trd, 258849.083, 105
Trd, 258849.183, 118
Trd, 258849.300, 119
Trd, 258849.500, 120
Trd, 258849.533, 105
Trd, 258849.917, 111
Trd, 258850.050, 104
Trd, 258850.950, 140
Trd, 258851.200, 140
Trd, 258851.233, 139
Trd, 258851.467, 140
Trd, 258851.700, 140
Trd, 258852.300, 137
Trd, 258852.567, 138
Trd, 258852.600, 137
Trd, 258852.950, 139
Trd, 258853.100, 139
Trd, 258853.233, 138
Trd, 258853.500, 140
Trd, 258853.567, 138
Trd, 258853.700, 137
Trd, 258854.000, 136
Trd, 258854.383, 134
Trd, 258854.683, 126
Trd, 258854.817, 125
Trd, 258854.967, 124
Trd, 258855.417, 113
Trd, 258855.717, 100
Trd, 258855.933, 122
Trd, 258856.050, 94
Trd, 258856.217, 105
Trd, 258856.317, 95
Trd, 258856.333, 93
Trd, 258856.383, 83
Trd, 258856.400, 96
Trd, 258856.983, 78
Trd, 258857.017, 119
Trd, 258857.233, 61
Trd, 258857.650, 122
Trd, 258857.700, 78
Trd, 258857.967, 98
Trd, 258858.783, 127
Trd, 258858.967, 128
Trd, 258859.000, 129
Trd, 258859.217, 128
Trd, 258859.250, 127
Trd, 258859.383, 127
Trd, 258859.400, 126
Trd, 258859.967, 114
Trd, 258860.117, 115
Trd, 258860.750, 128
Trd, 258860.900, 127
Trd, 258861.317, 138
Trd, 258861.633, 125
Trd, 258862.333, 122
Trd, 258862.467, 121
Trd, 258862.783, 129
Trd, 258862.950, 130
Trd, 258863.100, 136
Trd, 258863.483, 125
Trd, 258863.633, 125
Trd, 258863.800, 127
Trd, 258863.883, 127
Trd, 258863.950, 126
Trd, 258864.000, 126
Trd, 258864.200, 127
Trd, 258864.283, 126
Trd, 258864.317, 117
Trd, 258864.883, 118
Trd, 258864.900, 111
Trd, 258865.033, 105
Trd, 258865.200, 101
Trd, 258865.317, 106
Trd, 258865.333, 99
Trd, 258865.400, 97
Trd, 258865.617, 118
Trd, 258865.817, 117
Trd, 258866.033, 117
Trd, 258866.333, 79
Trd, 258866.717, 112
Trd, 258866.750, 113
Trd, 258866.883, 110
Trd, 258867.367, 102
Trd, 258867.450, 109
Trd, 258867.683, 103
Trd, 258867.933, 105
Trd, 258868.133, 110
Trd, 258868.200, 105
Trd, 258868.283, 111
Trd, 258868.400, 116
Trd, 258868.417, 104
Trd, 258868.700, 136
Trd, 258868.850, 135
Trd, 258868.933, 117
Trd, 258869.250, 102
Trd, 258869.950, 136
Trd, 258870.017, 111
Trd, 258870.450, 115
Trd, 258870.600, 122
Trd, 258870.650, 118
Trd, 258870.667, 110
Trd, 258870.750, 115
Trd, 258870.783, 109
Trd, 258871.283, 112
Trd, 258871.383, 110
Trd, 258872.217, 124
Trd, 258872.583, 125
Trd, 258872.600, 124
Trd, 258872.717, 124
Trd, 258872.767, 130
Trd, 258873.167, 125
Trd, 258873.183, 130
Trd, 258873.550, 124
Trd, 258873.800, 126
Trd, 258874.150, 126
Trd, 258874.267, 128
Trd, 258874.350, 129
Trd, 258874.400, 126
Trd, 258874.483, 123
Trd, 258875.033, 140
Trd, 258875.467, 99
Trd, 258876.200, 131
Trd, 258876.933, 110
Trd, 258877.150, 123
Trd, 258878.033, 138
Trd, 258878.367, 140
Trd, 258878.433, 140
Trd, 258878.633, 139
Trd, 258878.650, 137
Trd, 258878.950, 135
Trd, 258879.050, 134
Trd, 258879.333, 130
Trd, 258879.533, 127
Trd, 258879.983, 129
Trd, 258880.150, 129
Trd, 258880.383, 128
Trd, 258880.733, 127
Trd, 258880.783, 121
Trd, 258880.833, 130
Trd, 258880.883, 121
Trd, 258880.900, 131
Trd, 258881.183, 105
Trd, 258881.383, 94
Trd, 258881.450, 90
Trd, 258881.850, 65
Trd, 258882.183, 102
Trd, 258882.783, 129
Trd, 258882.817, 128
Trd, 258882.867, 127
Trd, 258882.950, 130
Trd, 258883.350, 126
Trd, 258883.667, 126
Trd, 258883.767, 128
Trd, 258884.000, 125
Trd, 258884.450, 126
Trd, 258884.483, 125
Trd, 258884.600, 124
Trd, 258884.633, 110
Trd, 258884.700, 104
Trd, 258884.750, 103
Trd, 258884.817, 100
Trd, 258885.367, 105
Trd, 258885.683, 107
Trd, 258886.283, 138
Trd, 258886.533, 140
Trd, 258886.917, 138
Trd, 258887.617, 140
Trd, 258887.650, 140
Trd, 258887.717, 140
Trd, 258887.933, 140
Trd, 258888.250, 137
Trd, 258888.317, 137
Trd, 258888.600, 136
Trd, 258888.767, 134
Trd, 258889.117, 130
Trd, 258889.233, 121
Trd, 258889.500, 109
Trd, 258889.533, 136
Trd, 258889.917, 130
Trd, 258889.983, 113
Trd, 258890.150, 119
Trd, 258890.367, 122
Trd, 258890.600, 116
Trd, 258890.933, 116
Trd, 258891.033, 116
Trd, 258891.117, 115
Trd, 258891.383, 110
Trd, 258891.467, 108
Trd, 258892.083, 129
Trd, 258892.400, 106
Trd, 258892.550, 105
Trd, 258892.667, 100
Trd, 258893.000, 111
Trd, 258893.233, 123
Trd, 258893.267, 99
Trd, 258893.500, 98
Trd, 258893.750, 123
Trd, 258894.217, 114
Trd, 258894.967, 116
Trd, 258895.050, 117
Trd, 258895.100, 117
Trd, 258895.117, 120
Trd, 258895.150, 116
Trd, 258896.033, 120
Trd, 258896.300, 119
Trd, 258896.350, 138
Trd, 258896.517, 131
Trd, 258896.817, 120
Trd, 258897.167, 120
Trd, 258897.967, 126
Trd, 258898.017, 125
Trd, 258898.283, 117
Trd, 258898.400, 118
Trd, 258898.667, 125
Trd, 258898.950, 108
Trd, 258899.083, 116
Trd, 258899.117, 115
Trd, 258899.183, 105
Trd, 258899.517, 105
Trd, 258899.667, 104
Trd, 258899.767, 91
Trd, 258900.033, 86
Trd, 258900.150, 86
Trd, 258900.400, 85
Trd, 258900.600, 84
Trd, 258900.650, 82
Trd, 258900.817, 82
Trd, 258901.000, 85
Trd, 258901.250, 87
Trd, 258901.300, 88
Trd, 258901.383, 89
Trd, 258902.033, 101
Trd, 258902.283, 88
Trd, 258902.567, 87
Trd, 258902.650, 86
Trd, 258902.717, 85
Trd, 258903.150, 125
Trd, 258903.300, 140
Trd, 258903.533, 132
Trd, 258903.733, 131
Trd, 258903.917, 120
Trd, 258904.150, 121
Trd, 258904.250, 121
Trd, 258904.333, 120
Trd, 258904.350, 119
Trd, 258904.583, 113
Trd, 258904.750, 118
Trd, 258904.867, 122
Trd, 258905.400, 102
Trd, 258905.667, 135
Trd, 258905.900, 120
Trd, 258906.017, 104
Trd, 258906.267, 105
Trd, 258907.267, 139
Trd, 258907.467, 138
Trd, 258907.667, 130
Trd, 258907.867, 117
Trd, 258908.267, 121
Trd, 258908.483, 127
Trd, 258908.517, 122
Trd, 258908.600, 120
Trd, 258908.783, 119
Trd, 258909.300, 123
Trd, 258909.400, 122
Trd, 258909.467, 118
Trd, 258909.817, 119
Trd, 258910.000, 119
Trd, 258910.017, 126
Trd, 258910.300, 119
Trd, 258910.867, 125
Trd, 258911.067, 115
Trd, 258911.933, 120
Trd, 258912.050, 115
Trd, 258912.667, 118
Trd, 258912.817, 120
Trd, 258913.067, 126
Trd, 258913.183, 122
Trd, 258913.233, 121
Trd, 258913.350, 120
Trd, 258913.600, 123
Trd, 258913.633, 115
Trd, 258913.850, 129
Trd, 258913.883, 90
Trd, 258914.100, 95
Trd, 258914.333, 129
Trd, 258914.483, 98
Trd, 258915.000, 109
Trd, 258915.200, 126
Trd, 258915.233, 102
Trd, 258915.600, 104
Trd, 258915.867, 103
Trd, 258915.917, 81
Trd, 258916.000, 129
Trd, 258916.400, 62
Trd, 258916.667, 65
Trd, 258917.250, 116
Trd, 258917.383, 117
Trd, 258917.500, 116
Trd, 258917.617, 115
Trd, 258917.767, 115
Trd, 258917.917, 114
Trd, 258918.017, 111
Trd, 258918.300, 110
Trd, 258918.900, 109
Trd, 258919.133, 112
Trd, 258919.183, 113
Trd, 258919.617, 124
Trd, 258919.650, 109
Trd, 258919.767, 104
Trd, 258920.383, 133
Trd, 258920.800, 133
Trd, 258921.050, 132
Trd, 258921.267, 130
Trd, 258921.617, 104
Trd, 258921.767, 129
Trd, 258921.867, 102
Trd, 258922.900, 132
Trd, 258923.083, 132
Trd, 258923.133, 130
Trd, 258923.383, 113
Trd, 258923.883, 112
Trd, 258923.950, 121
Trd, 258924.367, 129
Trd, 258924.817, 130
Trd, 258924.833, 129
Trd, 258925.217, 119
Trd, 258925.517, 121
Trd, 258925.550, 120
Trd, 258926.417, 123
Trd, 258926.533, 123
Trd, 258926.717, 124
Trd, 258926.817, 123
Trd, 258927.050, 118
Trd, 258927.217, 108
Trd, 258927.483, 108
Trd, 258927.567, 118
Trd, 258927.767, 107
Trd, 258927.950, 118
Trd, 258927.967, 105
Trd, 258928.167, 128
Trd, 258928.250, 107
Trd, 258928.700, 107
Trd, 258928.883, 139
Trd, 258928.933, 131
Trd, 258929.150, 109
Trd, 258929.317, 109
Trd, 258929.500, 116
Trd, 258929.800, 115
Trd, 258929.883, 138
Trd, 258930.233, 138
Trd, 258930.500, 127
Trd, 258930.533, 126
Trd, 258931.200, 128
Trd, 258931.417, 130
Trd, 258931.850, 130
Trd, 258931.917, 129
Trd, 258932.083, 128
Trd, 258932.133, 127
Trd, 258932.367, 118
Trd, 258932.450, 117
Trd, 258932.550, 100
Trd, 258932.783, 134
Trd, 258933.200, 122
Trd, 258933.267, 112
Trd, 258933.450, 100
Trd, 258933.483, 134
Trd, 258934.083, 87
Trd, 258934.500, 88
Trd, 258934.633, 89
Trd, 258934.783, 89
Trd, 258934.817, 88
Trd, 258934.950, 90
Trd, 258935.050, 88
Trd, 258935.083, 69
Trd, 258935.783, 114
Trd, 258935.917, 114
Trd, 258935.967, 115
Trd, 258936.167, 116
Trd, 258936.183, 105
Trd, 258936.217, 102
Trd, 258936.300, 86
Trd, 258936.850, 98
Trd, 258937.033, 98
Trd, 258937.067, 96
Trd, 258937.750, 102
Trd, 258938.100, 122
Trd, 258938.117, 121
Trd, 258938.400, 129
Trd, 258938.533, 130
Trd, 258938.783, 129
Trd, 258938.800, 128
Trd, 258939.150, 123
Trd, 258939.483, 123
Trd, 258939.517, 116
Trd, 258939.700, 99
Trd, 258939.933, 123
Trd, 258940.150, 124
Trd, 258940.367, 122
Trd, 258940.933, 124
Trd, 258940.967, 123
Trd, 258940.983, 122
Trd, 258941.033, 116
Trd, 258941.217, 110
Trd, 258941.550, 118
Trd, 258941.983, 117
Trd, 258942.183, 120
Trd, 258942.217, 121
Trd, 258942.267, 122
Trd, 258942.750, 110
Trd, 258942.783, 109
Trd, 258942.817, 108
Trd, 258942.883, 101
Trd, 258943.567, 114
Trd, 258943.750, 121
Trd, 258943.783, 109
Trd, 258943.800, 77
Trd, 258944.100, 122
Trd, 258944.333, 122
Trd, 258944.700, 125
Trd, 258944.783, 94
Trd, 258944.817, 93
Trd, 258944.900, 117
Trd, 258945.233, 101
Trd, 258945.283, 100
Trd, 258945.817, 102
Trd, 258945.833, 101
Trd, 258946.617, 125
Trd, 258946.800, 124
Trd, 258947.183, 120
Trd, 258947.200, 119
Trd, 258947.650, 120
Trd, 258947.683, 119
Trd, 258947.717, 123
Trd, 258947.733, 118
Trd, 258947.800, 108
Trd, 258948.017, 119
Trd, 258948.317, 120
Trd, 258948.333, 125
Trd, 258948.350, 118
Trd, 258948.867, 119
Trd, 258948.917, 118
Trd, 258949.450, 90
Trd, 258949.533, 110
Trd, 258950.250, 117
Trd, 258950.317, 103
Trd, 258950.833, 100
Trd, 258950.883, 86
Trd, 258950.983, 94
Trd, 258951.067, 81
Trd, 258951.250, 78
Trd, 258951.550, 86
Trd, 258951.783, 110
Trd, 258951.917, 114
Trd, 258952.033, 131
Trd, 258952.267, 131
Trd, 258952.683, 135
Trd, 258952.800, 134
Trd, 258952.967, 134
Trd, 258953.267, 132
Trd, 258954.250, 108
Trd, 258954.450, 105
Trd, 258954.800, 123
Trd, 258955.017, 123
Trd, 258955.067, 111
Trd, 258955.217, 119
Trd, 258955.900, 122
Trd, 258956.183, 119
Trd, 258956.550, 121
Trd, 258956.633, 121
Trd, 258956.933, 138
Trd, 258957.467, 139
Trd, 258957.700, 139
Trd, 258958.200, 140
Trd, 258958.317, 139
Trd, 258958.367, 138
Trd, 258958.417, 109
Trd, 258958.650, 123
Trd, 258958.833, 112
Trd, 258959.083, 112
Trd, 258959.150, 140
Trd, 258959.183, 112
Trd, 258959.317, 136
Trd, 258959.850, 106
Trd, 258959.867, 105
Trd, 258960.033, 96
Trd, 258960.833, 114
Trd, 258960.950, 127
Trd, 258961.067, 113
Trd, 258961.083, 108
Trd, 258961.433, 107
Trd, 258961.717, 108
Trd, 258962.217, 108
Trd, 258962.650, 104
Trd, 258962.717, 103
Trd, 258962.750, 109
Trd, 258962.833, 108
Trd, 258962.850, 112
Trd, 258963.083, 101
Trd, 258964.033, 120
Trd, 258964.200, 111
Trd, 258964.800, 113
Trd, 258964.967, 111
Trd, 258965.067, 109
Trd, 258965.083, 101
Trd, 258965.167, 121
Trd, 258965.183, 96
Trd, 258965.800, 112
Trd, 258966.083, 121
Trd, 258966.150, 113
Trd, 258966.333, 132
Trd, 258966.967, 124
Trd, 258967.183, 125
Trd, 258967.333, 126
Trd, 258967.350, 125
Trd, 258967.367, 123
Trd, 258967.633, 122
Trd, 258967.933, 126
Trd, 258967.983, 129
Trd, 258968.100, 138
Trd, 258968.167, 125
Trd, 258968.483, 125
Trd, 258968.933, 118
Trd, 258969.383, 105
Trd, 258969.467, 139
Trd, 258970.233, 100
Trd, 258970.300, 111
Trd, 258970.483, 101
Trd, 258970.567, 100
Trd, 258970.683, 93
Trd, 258970.983, 95
Trd, 258971.517, 99
Trd, 258971.650, 134
Trd, 258971.967, 126
Trd, 258972.050, 101
Trd, 258972.350, 131
Trd, 258972.433, 99
Trd, 258972.567, 127
Trd, 258972.817, 126
Trd, 258973.367, 129
Trd, 258973.650, 130
Trd, 258973.700, 129
Trd, 258973.933, 127
Trd, 258973.983, 126
Trd, 258974.083, 125
Trd, 258974.517, 96
Trd, 258974.817, 112
Trd, 258974.967, 97
Trd, 258975.367, 115
Trd, 258975.867, 125
Trd, 258975.933, 117
Trd, 258975.967, 126
Trd, 258976.200, 114
Trd, 258976.517, 114
Trd, 258976.600, 122
Trd, 258976.667, 104
Trd, 258977.033, 105
Trd, 258977.483, 108
Trd, 258977.500, 107
Trd, 258977.567, 123
Trd, 258977.850, 110
Trd, 258977.900, 109
Trd, 258978.733, 123
Trd, 258978.883, 122
Trd, 258979.117, 114
Trd, 258979.150, 110
Trd, 258979.400, 122
Trd, 258979.517, 109
Trd, 258980.000, 121
Trd, 258980.183, 119
Trd, 258980.367, 114
Trd, 258980.567, 112
Trd, 258980.667, 116
Trd, 258980.783, 111
Trd, 258981.183, 120
Trd, 258981.317, 112
Trd, 258981.600, 111
Trd, 258981.633, 91
Trd, 258981.683, 122
Trd, 258982.050, 91
Trd, 258982.250, 93
Trd, 258982.283, 137
Trd, 258982.350, 93
Trd, 258982.633, 96
Trd, 258983.033, 109
Trd, 258983.133, 108
Trd, 258983.683, 121
Trd, 258983.933, 111
Trd, 258984.183, 115
Trd, 258984.417, 115
Trd, 258984.433, 114
Trd, 258984.700, 122
Trd, 258984.817, 126
Trd, 258985.033, 115
Trd, 258985.233, 114
Trd, 258985.500, 113
Trd, 258985.583, 104
Trd, 258985.717, 124
Trd, 258986.567, 104
Trd, 258986.717, 103
Trd, 258986.817, 104
Trd, 258986.933, 105
Trd, 258987.167, 116
Trd, 258987.367, 106
Trd, 258987.433, 106
Trd, 258987.467, 104
Trd, 258987.933, 138
Trd, 258988.633, 125
Trd, 258989.067, 126
Trd, 258989.300, 128
Trd, 258989.517, 128
Trd, 258989.950, 140
Trd, 258990.017, 129
Trd, 258990.033, 128
Trd, 258990.683, 111
Trd, 258991.033, 115
Trd, 258991.350, 140
Trd, 258991.750, 129
Trd, 258992.367, 133
Trd, 258992.400, 132
Trd, 258992.733, 131
Trd, 258992.917, 128
Trd, 258992.983, 127
Trd, 258993.067, 118
Trd, 258993.200, 131
Trd, 258993.217, 115
Trd, 258993.483, 104
Trd, 258994.117, 109
Trd, 258994.300, 108
Trd, 258994.533, 110
Trd, 258994.683, 111
Trd, 258994.817, 112
Trd, 258995.033, 110
Trd, 258995.133, 111
Trd, 258995.150, 112
Trd, 258995.300, 111
Trd, 258995.333, 112
Trd, 258995.350, 110
Trd, 258995.483, 111
Trd, 258995.517, 113
Trd, 258995.717, 113
Trd, 258995.900, 112
Trd, 258996.300, 111
Trd, 258996.367, 110
Trd, 258996.650, 109
Trd, 258996.733, 67
Trd, 258997.200, 113
Trd, 258997.467, 90
Trd, 258997.800, 127
Trd, 258998.100, 98
Trd, 258998.300, 96
Trd, 258998.433, 98
Trd, 258998.650, 97
Trd, 258998.700, 99
Trd, 258998.850, 126
Trd, 258998.900, 97
Trd, 258999.467, 104
Trd, 258999.500, 96
Trd, 259000.000, 97
Trd, 259000.133, 96
Trd, 259000.383, 107
Trd, 259000.400, 111
Trd, 259000.517, 113
Trd, 259001.433, 133
Trd, 259001.633, 134
Trd, 259001.933, 136
Trd, 259002.083, 136
Trd, 259002.717, 135
Trd, 259003.033, 136
Trd, 259003.183, 137
Trd, 259003.267, 139
Trd, 259003.583, 135
Trd, 259003.883, 135
Trd, 259004.017, 134
Trd, 259004.167, 132
Trd, 259004.250, 126
Trd, 259004.417, 115
Trd, 259004.550, 105
Trd, 259004.767, 94
Trd, 259004.933, 101
Trd, 259005.033, 99
Trd, 259005.050, 93
Trd, 259005.067, 102
Trd, 259005.400, 92
Trd, 259005.700, 136
Trd, 259005.867, 93
Trd, 259006.100, 114
Trd, 259006.183, 119
Trd, 259006.400, 125
Trd, 259006.767, 124
Trd, 259006.983, 123
Trd, 259007.267, 114
Trd, 259007.350, 118
Trd, 259007.417, 113
Trd, 259007.750, 75
Trd, 259008.083, 129
Trd, 259008.300, 88
Trd, 259008.633, 87
Trd, 259008.700, 106
Trd, 259008.800, 86
Trd, 259009.067, 114
Trd, 259009.200, 126
Trd, 259009.683, 112
Trd, 259009.950, 111
Trd, 259010.567, 121
Trd, 259010.617, 107
Trd, 259010.717, 120
Trd, 259010.733, 106
Trd, 259011.033, 106
Trd, 259011.317, 122
Trd, 259011.433, 120
Trd, 259011.583, 107
Trd, 259011.767, 106
Trd, 259011.917, 86
Trd, 259012.583, 138
Trd, 259012.800, 121
Trd, 259013.267, 125
Trd, 259013.483, 122
Trd, 259013.533, 121
Trd, 259013.550, 126
Trd, 259013.650, 123
Trd, 259014.550, 140
Trd, 259014.567, 140
Trd, 259014.933, 140
Trd, 259015.233, 119
Trd, 259015.317, 137
Trd, 259015.483, 115
Trd, 259015.850, 117
Trd, 259015.883, 116
Trd, 259017.217, 136
Trd, 259017.467, 135
Trd, 259017.500, 116
Trd, 259018.117, 130
Trd, 259018.183, 128
Trd, 259018.333, 109
Trd, 259018.500, 117
Trd, 259018.550, 111
Trd, 259018.900, 124
Trd, 259018.983, 125
Trd, 259019.083, 112
Trd, 259019.100, 111
Trd, 259019.217, 110
Trd, 259020.033, 86
Trd, 259020.350, 86
Trd, 259020.683, 89
Trd, 259021.017, 90
Trd, 259021.117, 116
Trd, 259021.167, 85
Trd, 259021.550, 89
Trd, 259021.750, 113
Trd, 259021.850, 91
Trd, 259022.033, 114
Trd, 259022.333, 95
Trd, 259022.400, 116
Trd, 259022.733, 94
Trd, 259023.117, 105
Trd, 259023.967, 92
Trd, 259024.367, 94
Trd, 259024.400, 92
Trd, 259025.250, 100
Trd, 259025.450, 102
Trd, 259025.483, 102
Trd, 259025.767, 103
Trd, 259025.933, 110
Trd, 259026.483, 130
Trd, 259027.033, 122
Trd, 259027.100, 122
Trd, 259027.267, 124
Trd, 259027.300, 123
Trd, 259027.650, 126
Trd, 259027.733, 135
Trd, 259027.750, 124
Trd, 259027.833, 122
Trd, 259028.167, 140
Trd, 259028.917, 140
Trd, 259029.183, 140
Trd, 259029.233, 140
Trd, 259029.567, 140
Trd, 259029.750, 140
Trd, 259029.883, 140
Trd, 259029.950, 140
Trd, 259030.233, 140
Trd, 259030.317, 140
Trd, 259030.350, 139
Trd, 259030.433, 133
Trd, 259030.517, 111
Trd, 259030.633, 111
Trd, 259030.800, 111
Trd, 259030.833, 110
Trd, 259030.933, 106
Trd, 259031.217, 135
Trd, 259031.383, 110
Trd, 259031.583, 93
Trd, 259031.600, 92
Trd, 259032.067, 98
Trd, 259032.217, 86
Trd, 259032.367, 109
Trd, 259032.717, 109
Trd, 259032.917, 94
Trd, 259033.100, 92
Trd, 259033.250, 109
Trd, 259033.283, 110
Trd, 259033.883, 110
Trd, 259034.017, 111
Trd, 259034.067, 118
Trd, 259034.133, 99
Trd, 259035.017, 117
Trd, 259035.117, 105
Trd, 259035.467, 105
Trd, 259035.517, 104
Trd, 259035.600, 102
Trd, 259035.717, 104
Trd, 259035.867, 101
Trd, 259036.533, 101
Trd, 259036.667, 100
Trd, 259036.783, 99
Trd, 259036.833, 86
Trd, 259036.900, 83
Trd, 259037.550, 102
Trd, 259037.600, 79
Trd, 259037.633, 77
Trd, 259037.650, 115
Trd, 259038.000, 139
Trd, 259039.033, 140
Trd, 259039.417, 140
Trd, 259039.517, 140
Trd, 259039.683, 140
Trd, 259039.750, 140
Trd, 259040.500, 140
Trd, 259040.600, 140
Trd, 259040.667, 140
Trd, 259040.783, 140
Trd, 259041.117, 140
Trd, 259041.467, 140
Trd, 259041.567, 140
Trd, 259041.833, 140
Trd, 259041.950, 127
Trd, 259042.367, 128
Trd, 259042.400, 117
Trd, 259042.433, 96
Trd, 259042.883, 133
Trd, 259044.000, 134
Trd, 259044.100, 134
Trd, 259044.217, 133
Trd, 259044.350, 132
Trd, 259044.417, 131
Trd, 259044.517, 131
Trd, 259044.533, 109
Trd, 259044.917, 114
Trd, 259045.400, 130
Trd, 259045.500, 129
Trd, 259045.567, 130
Trd, 259045.667, 111
Trd, 259045.783, 110
Trd, 259046.133, 110
Trd, 259046.933, 122
Trd, 259047.333, 123
Trd, 259047.700, 123
Trd, 259047.900, 126
Trd, 259048.083, 125
Trd, 259048.217, 122
Trd, 259048.350, 123
Trd, 259048.633, 119
Trd, 259048.833, 118
Trd, 259049.450, 130
Trd, 259050.050, 131
Trd, 259050.183, 132
Trd, 259050.267, 130
Trd, 259050.383, 114
Trd, 259050.517, 111
Trd, 259050.600, 106
Trd, 259050.883, 102
Trd, 259050.933, 132
Trd, 259051.350, 105
Trd, 259051.400, 100
Trd, 259051.433, 99
Trd, 259051.750, 122
Trd, 259051.950, 131
Trd, 259052.200, 101
Trd, 259053.033, 128
Trd, 259053.333, 127
Trd, 259053.617, 133
Trd, 259053.917, 107
Trd, 259054.217, 108
Trd, 259054.250, 107
Trd, 259054.567, 107
Trd, 259054.817, 106
Trd, 259055.300, 108
Trd, 259055.650, 117
Trd, 259055.733, 116
Trd, 259056.200, 129
Trd, 259056.333, 127
Trd, 259056.400, 124
Trd, 259056.467, 123
Trd, 259057.117, 124
Trd, 259057.233, 117
Trd, 259057.400, 117
Trd, 259057.633, 125
Trd, 259057.917, 119
Trd, 259058.183, 119
Trd, 259058.317, 118
Trd, 259058.483, 122
Trd, 259058.583, 117
Trd, 259058.717, 117
Trd, 259058.867, 106
Trd, 259058.917, 123
Trd, 259059.333, 115
Trd, 259059.433, 113
Trd, 259059.600, 124
Trd, 259059.733, 119
Trd, 259059.800, 103
Trd, 259059.933, 100
Trd, 259060.183, 93
Trd, 259060.483, 140
Trd, 259060.683, 101
Trd, 259062.000, 117
Trd, 259062.217, 117
Trd, 259062.333, 117
Trd, 259062.400, 117
Trd, 259062.433, 117
Trd, 259062.567, 118
Trd, 259062.667, 79
Trd, 259062.733, 77
Trd, 259062.917, 101
Trd, 259063.333, 117
Trd, 259063.433, 100
Trd, 259063.600, 108
Trd, 259064.183, 118
Trd, 259064.283, 131
Trd, 259064.867, 137
Trd, 259064.917, 137
Trd, 259064.950, 136
Trd, 259065.150, 136
Trd, 259065.233, 138
Trd, 259065.567, 139
Trd, 259065.900, 135
Trd, 259066.050, 134
Trd, 259066.200, 131
Trd, 259066.617, 130
Trd, 259066.700, 135
Trd, 259067.617, 105
Trd, 259068.117, 104
Trd, 259068.633, 117
Trd, 259068.800, 125
Trd, 259069.217, 121
Trd, 259069.350, 125
Trd, 259069.467, 121
Trd, 259069.583, 121
Trd, 259070.050, 125
Trd, 259070.067, 124
Trd, 259070.200, 127
Trd, 259070.383, 128
Trd, 259070.467, 123
Trd, 259070.800, 140
Trd, 259070.833, 122
Trd, 259070.950, 121
Trd, 259071.483, 140
Trd, 259071.500, 139
Trd, 259071.533, 138
Trd, 259071.567, 122
Trd, 259072.350, 122
Trd, 259072.533, 123
Trd, 259072.817, 121
Trd, 259072.967, 120
Trd, 259073.067, 112
Trd, 259073.350, 111
Trd, 259073.733, 130
Trd, 259073.783, 103
Trd, 259073.950, 96
Trd, 259074.067, 132
Trd, 259074.400, 116
Trd, 259074.533, 117
Trd, 259074.850, 126
Trd, 259075.083, 116
Trd, 259075.200, 115
Trd, 259075.300, 124
Trd, 259075.817, 102
Trd, 259076.033, 120
Trd, 259076.183, 121
Trd, 259076.500, 120
Trd, 259076.517, 119
Trd, 259076.683, 122
Trd, 259076.917, 120
Trd, 259077.217, 119
Trd, 259077.400, 120
Trd, 259077.450, 119
Trd, 259077.750, 130
Trd, 259077.783, 108
Trd, 259078.067, 91
Trd, 259078.467, 91
Trd, 259078.583, 107
Trd, 259078.600, 102
Trd, 259078.717, 107
Trd, 259079.417, 103
Trd, 259079.433, 102
Trd, 259079.833, 100
Trd, 259079.850, 103
Trd, 259080.317, 105
Trd, 259080.717, 97
Trd, 259080.900, 107
Trd, 259080.950, 97
Trd, 259081.017, 97
Trd, 259081.067, 120
Trd, 259081.400, 102
Trd, 259081.783, 95
Trd, 259081.800, 94
Trd, 259081.833, 91
Trd, 259081.917, 84
Trd, 259082.183, 69
Trd, 259082.500, 68
Trd, 259082.533, 66
Trd, 259082.717, 68
Trd, 259082.933, 115
Trd, 259083.300, 73
Trd, 259083.750, 77
Trd, 259083.900, 76
Trd, 259084.233, 136
Trd, 259084.617, 136
Trd, 259084.717, 138
Trd, 259084.733, 135
Trd, 259085.050, 118
Trd, 259085.150, 117
Trd, 259085.450, 125
Trd, 259085.533, 124
Trd, 259085.567, 125
Trd, 259085.950, 116
Trd, 259086.250, 128
Trd, 259086.533, 119
Trd, 259086.650, 117
Trd, 259086.867, 120
Trd, 259087.250, 120
Trd, 259087.550, 119
Trd, 259087.650, 139
Trd, 259087.933, 140
Trd, 259087.950, 139
Trd, 259088.167, 117
Trd, 259088.933, 115
Trd, 259088.983, 115
Trd, 259089.400, 115
Trd, 259089.567, 115
Trd, 259089.783, 114
Trd, 259090.183, 117
Trd, 259090.683, 114
Trd, 259090.850, 114
Trd, 259090.900, 114
Trd, 259091.250, 114
Trd, 259091.300, 113
Trd, 259091.600, 115
Trd, 259091.900, 122
Trd, 259091.967, 119
Trd, 259092.050, 110
Trd, 259092.233, 118
Trd, 259092.550, 98
Trd, 259092.567, 96
Trd, 259092.617, 92
Trd, 259092.650, 65
Trd, 259092.767, 128
Trd, 259093.150, 130
Trd, 259093.333, 131
Trd, 259093.483, 132
Trd, 259093.533, 131
Trd, 259093.717, 130
Trd, 259093.750, 113
Trd, 259093.800, 76
Trd, 259094.433, 64
Trd, 259094.833, 64
Trd, 259095.333, 64
Trd, 259095.633, 64
Trd, 259095.683, 65
Trd, 259095.850, 67
Trd, 259096.000, 107
Trd, 259096.050, 78
Trd, 259096.067, 67
Trd, 259096.450, 119
Trd, 259096.983, 129
Trd, 259097.167, 102
Trd, 259097.283, 106
Trd, 259097.683, 108
Trd, 259097.900, 107
Trd, 259098.133, 107
Trd, 259098.267, 126
Trd, 259098.633, 107
Trd, 259098.667, 106
Trd, 259099.567, 132
Trd, 259099.600, 129
Trd, 259099.950, 112
Trd, 259100.067, 107
Trd, 259100.133, 126
Trd, 259100.300, 127
Trd, 259100.350, 106
Trd, 259100.583, 119
Trd, 259100.950, 129
Trd, 259101.167, 120
Trd, 259101.217, 119
Trd, 259101.433, 100
Trd, 259101.600, 126
Trd, 259101.750, 125
Trd, 259101.900, 95
Trd, 259102.417, 115
Trd, 259102.500, 95
Trd, 259102.517, 94
Trd, 259103.117, 140
Trd, 259103.617, 140
Trd, 259103.783, 140
Trd, 259103.917, 138
Trd, 259104.300, 139
Trd, 259104.450, 140
Trd, 259104.550, 140
Trd, 259104.900, 140
Trd, 259105.033, 139
Trd, 259105.250, 139
Trd, 259105.883, 120
Trd, 259106.067, 120
Trd, 259106.167, 119
Trd, 259106.483, 139
Trd, 259107.083, 139
Trd, 259107.217, 138
Trd, 259107.250, 136
Trd, 259107.883, 125
Trd, 259108.133, 126
Trd, 259108.400, 126
Trd, 259108.517, 127
Trd, 259108.783, 127
Trd, 259109.200, 128
Trd, 259109.217, 127
Trd, 259109.250, 131
Trd, 259109.367, 127
Trd, 259109.417, 126
Trd, 259109.817, 124
Trd, 259110.683, 113
Trd, 259110.717, 124
Trd, 259110.883, 112
Trd, 259110.900, 110
Trd, 259111.067, 124
Trd, 259111.350, 110
Trd, 259111.983, 119
Trd, 259112.100, 115
Trd, 259112.300, 102
Trd, 259112.383, 101
Trd, 259112.483, 123
Trd, 259112.533, 124
Trd, 259112.650, 126
Trd, 259113.117, 109
Trd, 259113.650, 112
Trd, 259113.733, 111
Trd, 259113.800, 112
Trd, 259113.833, 112
Trd, 259113.917, 111
Trd, 259114.000, 140
Trd, 259115.150, 134
Trd, 259115.367, 135
Trd, 259115.467, 134
Trd, 259115.533, 133
Trd, 259115.767, 132
Trd, 259115.983, 133
Trd, 259116.017, 132
Trd, 259116.333, 132
Trd, 259116.417, 113
Trd, 259116.850, 106
Trd, 259117.850, 113
Trd, 259117.867, 112
Trd, 259118.367, 116
Trd, 259118.450, 115
Trd, 259118.767, 114
Trd, 259118.817, 111
Trd, 259118.850, 110
Trd, 259118.917, 110
Trd, 259119.217, 105
Trd, 259119.233, 113
Trd, 259119.333, 96
Trd, 259119.450, 112
Trd, 259119.900, 111
Trd, 259120.117, 101
Trd, 259120.217, 112
Trd, 259120.467, 111
Trd, 259120.917, 112
Trd, 259121.067, 103
Trd, 259121.200, 128
Trd, 259121.300, 95
Trd, 259121.700, 109
Trd, 259122.133, 110
Trd, 259122.167, 93
Trd, 259122.333, 122
Trd, 259122.483, 123
Trd, 259122.600, 123
Trd, 259123.217, 126
Trd, 259123.517, 125
Trd, 259123.550, 130
Trd, 259123.567, 124
Trd, 259124.450, 135
Trd, 259124.583, 120
Trd, 259124.683, 103
Trd, 259124.783, 103
Trd, 259124.850, 86
Trd, 259125.067, 114
Trd, 259125.200, 61
Trd, 259125.767, 61
Trd, 259125.783, 62
Trd, 259125.800, 66
Trd, 259125.900, 93
Trd, 259125.933, 95
Trd, 259126.250, 99
Trd, 259126.300, 82
Trd, 259127.250, 93
Trd, 259127.433, 92
Trd, 259128.017, 95
Trd, 259128.150, 94
Trd, 259128.233, 93
Trd, 259128.450, 93
Trd, 259128.500, 102
Trd, 259128.767, 102
Trd, 259129.283, 85
Trd, 259129.350, 98
Trd, 259129.400, 99
Trd, 259129.500, 83
Trd, 259129.733, 95
Trd, 259129.783, 82
Trd, 259129.817, 82
Trd, 259129.967, 90
Trd, 259130.200, 100
Trd, 259130.800, 128
Trd, 259130.900, 116
Trd, 259131.067, 74
Trd, 259131.500, 73
Trd, 259131.517, 71
Trd, 259131.567, 71
Trd, 259132.117, 99
Trd, 259132.250, 99
Trd, 259132.467, 113
Trd, 259132.617, 98
Trd, 259132.717, 110
Trd, 259132.750, 97
Trd, 259133.067, 69
Trd, 259133.283, 64
Trd, 259133.300, 113
Trd, 259133.633, 61
Trd, 259133.817, 61
Trd, 259134.150, 70
Trd, 259134.233, 64
Trd, 259134.300, 85
Trd, 259134.583, 72
Trd, 259134.717, 78
Trd, 259135.100, 77
Trd, 259135.383, 76
Trd, 259135.600, 78
Trd, 259135.783, 80
Trd, 259135.883, 79
Trd, 259135.933, 77
Trd, 259136.100, 76
Trd, 259136.233, 77
Trd, 259136.400, 70
Trd, 259136.983, 77
Trd, 259137.083, 82
Trd, 259137.200, 102
Trd, 259137.667, 128
Trd, 259138.383, 132
Trd, 259138.517, 131
Trd, 259138.950, 140
Trd, 259139.000, 140
Trd, 259139.050, 130
Trd, 259139.150, 127
Trd, 259139.400, 126
Trd, 259139.783, 126
Trd, 259140.067, 129
Trd, 259140.233, 128
Trd, 259141.033, 131
Trd, 259141.167, 130
Trd, 259141.383, 131
Trd, 259141.400, 130
Trd, 259141.517, 130
Trd, 259141.800, 132
Trd, 259141.817, 131
Trd, 259141.917, 129
Trd, 259142.067, 126
Trd, 259142.383, 114
Trd, 259142.400, 112
Trd, 259142.450, 112
Trd, 259142.533, 106
Trd, 259142.683, 104
Trd, 259142.717, 103
Trd, 259142.917, 94
Trd, 259143.033, 82
Trd, 259143.100, 107
Trd, 259143.317, 105
Trd, 259143.933, 120
Trd, 259144.033, 117
Trd, 259144.150, 117
Trd, 259144.567, 117
Trd, 259144.750, 117
Trd, 259145.033, 117
Trd, 259146.433, 111
Trd, 259146.500, 110
Trd, 259147.033, 131
Trd, 259147.083, 126
Trd, 259147.267, 124
Trd, 259147.600, 117
Trd, 259147.817, 113
Trd, 259147.867, 114
Trd, 259148.067, 140
Trd, 259148.217, 114
Trd, 259148.333, 133
Trd, 259148.450, 126
Trd, 259148.800, 128
Trd, 259149.400, 129
Trd, 259149.517, 129
Trd, 259149.633, 128
Trd, 259149.933, 106
Trd, 259150.383, 120
Trd, 259150.817, 122
Trd, 259151.167, 123
Trd, 259151.183, 122
Trd, 259151.400, 121
Trd, 259151.467, 114
Trd, 259151.517, 110
Trd, 259151.917, 105
Trd, 259152.083, 105
Trd, 259152.117, 103
Trd, 259152.700, 114
Trd, 259152.750, 113
Trd, 259153.500, 114
Trd, 259153.517, 116
Trd, 259153.617, 114
Trd, 259153.700, 114
Trd, 259153.767, 113
Trd, 259153.800, 98
Trd, 259154.100, 122
Trd, 259154.433, 121
Trd, 259154.483, 99
Trd, 259154.767, 108
Trd, 259155.267, 133
Trd, 259155.783, 136
Trd, 259155.833, 135
Trd, 259156.083, 135
Trd, 259156.200, 134
Trd, 259156.333, 131
Trd, 259157.017, 130
Trd, 259157.333, 132
Trd, 259157.700, 131
Trd, 259157.750, 129
Trd, 259157.767, 106
Trd, 259157.817, 103
Trd, 259157.867, 97
Trd, 259158.017, 113
Trd, 259158.083, 128
Trd, 259158.800, 102
Trd, 259159.117, 97
Trd, 259159.233, 102
Trd, 259159.333, 65
Trd, 259159.350, 66
Trd, 259159.700, 62
Trd, 259160.117, 62
Trd, 259160.433, 93
Trd, 259160.933, 77
Trd, 259161.217, 90
Trd, 259161.333, 94
Trd, 259161.400, 79
Trd, 259161.467, 77
Trd, 259161.500, 76
Trd, 259161.633, 95
Trd, 259161.817, 113
Trd, 259161.983, 83
Trd, 259162.083, 84
Trd, 259162.183, 83
Trd, 259162.367, 85
Trd, 259162.567, 84
Trd, 259162.700, 82
Trd, 259162.767, 82
Trd, 259162.933, 80
Trd, 259163.300, 66
Trd, 259163.617, 85
Trd, 259163.700, 94
Trd, 259163.883, 73
Trd, 259163.933, 72
Trd, 259164.967, 112
Trd, 259165.217, 70
Trd, 259165.733, 86
Trd, 259165.867, 85
Trd, 259166.033, 112
Trd, 259166.233, 90
Trd, 259166.500, 97
Trd, 259166.900, 96
Trd, 259166.933, 95
Trd, 259167.183, 95
Trd, 259167.267, 112
Trd, 259167.500, 110
Trd, 259167.650, 107
Trd, 259167.917, 109
Trd, 259168.150, 109
Trd, 259168.183, 100
Trd, 259168.567, 99
Trd, 259168.817, 88
Trd, 259168.833, 107
Trd, 259168.900, 92
Trd, 259169.000, 88
Trd, 259169.283, 86
Trd, 259169.733, 79
Trd, 259169.750, 115
Trd, 259169.967, 75
Trd, 259170.583, 123
Trd, 259170.867, 125
Trd, 259171.150, 125
Trd, 259171.550, 125
Trd, 259172.150, 129
Trd, 259172.183, 128
Trd, 259172.417, 133
Trd, 259173.000, 135
Trd, 259173.150, 137
Trd, 259173.183, 136
Trd, 259173.333, 133
Trd, 259173.750, 140
Trd, 259174.133, 134
Trd, 259174.333, 134
Trd, 259174.367, 133
Trd, 259174.383, 131
Trd, 259175.350, 129
Trd, 259175.600, 127
Trd, 259175.800, 126
Trd, 259175.817, 125
Trd, 259175.850, 127
Trd, 259176.050, 116
Trd, 259176.317, 116
Trd, 259176.333, 115
Trd, 259176.817, 125
Trd, 259177.050, 119
Trd, 259177.167, 126
Trd, 259177.567, 123
Trd, 259177.733, 122
Trd, 259178.033, 136
Trd, 259178.267, 131
Trd, 259178.400, 131
Trd, 259178.533, 129
Trd, 259178.567, 103
Trd, 259178.683, 109
Trd, 259178.900, 95
Trd, 259178.933, 94
Trd, 259178.967, 110
Trd, 259179.133, 90
Trd, 259179.283, 100
Trd, 259179.633, 133
Trd, 259179.933, 132
Trd, 259180.167, 133
Trd, 259180.533, 133
Trd, 259180.583, 133
Trd, 259180.800, 122
Trd, 259181.100, 115
Trd, 259181.600, 108
Trd, 259181.650, 106
Trd, 259182.133, 106
Trd, 259182.167, 106
Trd, 259182.350, 106
Trd, 259182.433, 106
Trd, 259182.900, 103
Trd, 259183.083, 104
Trd, 259183.133, 105
Trd, 259183.433, 109
Trd, 259183.567, 112
Trd, 259183.733, 101
Trd, 259183.750, 97
Trd, 259183.967, 129
Trd, 259183.983, 89
Trd, 259184.433, 110
Trd, 259184.733, 100
Trd, 259185.283, 108
Trd, 259185.450, 130
Trd, 259185.633, 108
Trd, 259185.667, 107
Trd, 259185.917, 99
Trd, 259186.050, 90
Trd, 259186.083, 100
Trd, 259186.167, 124
Trd, 259186.583, 99
Trd, 259187.067, 109
Trd, 259187.333, 102
Trd, 259187.800, 107
Trd, 259187.867, 109
Trd, 259188.017, 111
Trd, 259188.100, 111
Trd, 259188.200, 110
Trd, 259188.267, 108
Trd, 259188.350, 126
Trd, 259188.517, 123
Trd, 259188.550, 105
Trd, 259188.650, 126
Trd, 259188.950, 100
Trd, 259189.167, 94
Trd, 259189.267, 107
Trd, 259189.433, 92
Trd, 259189.717, 96
Trd, 259189.833, 96
Trd, 259189.883, 97
Trd, 259190.017, 96
Trd, 259190.050, 97
Trd, 259190.183, 96
Trd, 259190.550, 114
Trd, 259190.650, 88
Trd, 259191.167, 88
Trd, 259192.017, 91
Trd, 259192.350, 116
Trd, 259192.400, 115
Trd, 259192.833, 90
Trd, 259193.050, 95
Trd, 259193.367, 111
Trd, 259193.583, 90
Trd, 259193.817, 85
Trd, 259193.950, 84
Trd, 259194.217, 83
Trd, 259194.433, 122
Trd, 259194.467, 120
Trd, 259195.267, 128
Trd, 259195.333, 98
Trd, 259195.567, 97
Trd, 259195.800, 119
Trd, 259195.933, 123
Trd, 259196.100, 124
Trd, 259196.200, 125
Trd, 259196.233, 122
Trd, 259196.717, 121
Trd, 259196.750, 120
Trd, 259196.833, 125
Trd, 259197.683, 126
Trd, 259198.033, 127
Trd, 259198.583, 140
Trd, 259198.783, 140
Trd, 259199.050, 139
Trd, 259199.133, 138
Trd, 259199.300, 127
Trd, 259199.367, 124
