Trd, 258579.267, 111
Trd, 258579.400, 110
Trd, 258579.567, 97
Trd, 258579.717, 94
Trd, 258579.967, 115
Trd, 258580.350, 93
Trd, 258580.900, 97
Trd, 258581.033, 112
Trd, 258581.100, 99
Trd, 258581.117, 112
Trd, 258581.183, 113
Trd, 258581.300, 85
Trd, 258581.417, 99
Trd, 258581.800, 124
Trd, 258581.850, 84
Trd, 258582.250, 80
Trd, 258582.483, 132
Trd, 258582.733, 128
Trd, 258583.317, 124
Trd, 258583.333, 122
Trd, 258583.617, 128
Trd, 258584.450, 98
Trd, 258584.500, 92
Trd, 258584.717, 89
Trd, 258584.917, 92
Trd, 258585.133, 96
Trd, 258585.183, 97
Trd, 258585.217, 84
Trd, 258585.567, 114
Trd, 258585.650, 112
Trd, 258586.050, 118
Trd, 258586.317, 131
Trd, 258586.517, 121
Trd, 258587.217, 120
Trd, 258587.833, 131
Trd, 258587.933, 135
Trd, 258588.017, 123
Trd, 258588.117, 114
Trd, 258588.483, 114
Trd, 258588.617, 97
Trd, 258588.783, 97
Trd, 258588.817, 98
Trd, 258588.900, 81
Trd, 258589.067, 117
Trd, 258589.167, 112
Trd, 258589.200, 89
Trd, 258590.117, 107
Trd, 258590.950, 129
Trd, 258591.433, 138
Trd, 258591.483, 128
Trd, 258591.717, 127
Trd, 258591.983, 117
Trd, 258592.033, 119
Trd, 258592.300, 132
Trd, 258592.550, 131
Trd, 258593.333, 123
Trd, 258593.383, 114
Trd, 258593.400, 128
Trd, 258594.017, 118
Trd, 258594.650, 110
Trd, 258594.950, 138
Trd, 258594.967, 137
Trd, 258595.517, 118
Trd, 258595.800, 111
Trd, 258595.917, 103
Trd, 258596.017, 97
Trd, 258596.117, 111
Trd, 258596.417, 121
Trd, 258596.500, 134
Trd, 258596.817, 121
Trd, 258597.167, 132
Trd, 258597.400, 126
Trd, 258597.483, 139
Trd, 258597.650, 124
Trd, 258597.883, 117
Trd, 258598.067, 113
Trd, 258598.550, 135
Trd, 258598.617, 127
Trd, 258598.650, 118
Trd, 258598.733, 89
Trd, 258598.783, 95
Trd, 258598.967, 94
Trd, 258598.983, 76
Trd, 258599.133, 122
Trd, 258599.333, 119
Trd, 258599.583, 124
Trd, 258599.617, 92
Trd, 258600.000, 112
Trd, 258600.383, 109
Trd, 258600.683, 121
Trd, 258600.733, 115
Trd, 258600.850, 133
Trd, 258601.050, 117
Trd, 258601.233, 114
Trd, 258601.533, 133
Trd, 258602.033, 119
Trd, 258602.583, 129
Trd, 258602.667, 129
Trd, 258602.683, 121
Trd, 258602.733, 127
Trd, 258603.117, 139
Trd, 258603.200, 129
Trd, 258603.300, 102
Trd, 258603.433, 114
Trd, 258603.933, 101
Trd, 258604.000, 113
Trd, 258604.450, 139
Trd, 258604.500, 125
Trd, 258604.917, 123
Trd, 258605.483, 88
Trd, 258605.500, 121
Trd, 258605.667, 103
Trd, 258606.133, 125
Trd, 258606.267, 107
Trd, 258606.567, 140
Trd, 258606.583, 87
Trd, 258606.917, 100
Trd, 258607.100, 87
Trd, 258607.417, 83
Trd, 258607.433, 96
Trd, 258607.533, 97
Trd, 258607.600, 98
Trd, 258607.883, 92
Trd, 258608.200, 115
Trd, 258608.367, 113
Trd, 258608.767, 137
Trd, 258609.067, 112
Trd, 258609.183, 112
Trd, 258609.717, 110
Trd, 258609.950, 106
Trd, 258610.017, 117
Trd, 258610.500, 118
Trd, 258610.667, 118
Trd, 258610.783, 115
Trd, 258611.083, 122
Trd, 258611.317, 104
Trd, 258611.333, 123
Trd, 258611.383, 100
Trd, 258611.450, 112
Trd, 258611.833, 108
Trd, 258612.183, 103
Trd, 258612.250, 136
Trd, 258612.483, 127
Trd, 258612.550, 122
Trd, 258613.667, 132
Trd, 258613.800, 117
Trd, 258613.917, 127
Trd, 258614.350, 114
Trd, 258614.933, 113
Trd, 258615.050, 125
Trd, 258615.100, 124
Trd, 258615.650, 139
Trd, 258615.800, 129
Trd, 258615.883, 118
Trd, 258615.900, 105
Trd, 258616.083, 102
Trd, 258616.117, 100
Trd, 258616.300, 103
Trd, 258616.350, 102
Trd, 258616.550, 86
Trd, 258616.650, 85
Trd, 258616.967, 71
Trd, 258616.983, 91
Trd, 258617.150, 68
Trd, 258617.183, 72
Trd, 258617.300, 92
Trd, 258617.783, 98
Trd, 258618.250, 98
Trd, 258618.433, 115
Trd, 258618.767, 83
Trd, 258618.817, 119
Trd, 258618.983, 79
Trd, 258619.167, 125
Trd, 258619.317, 97
Trd, 258619.833, 124
Trd, 258620.583, 127
Trd, 258620.650, 119
Trd, 258620.667, 97
Trd, 258621.033, 114
Trd, 258621.533, 87
Trd, 258621.617, 112
Trd, 258621.733, 128
Trd, 258622.217, 114
Trd, 258622.400, 102
Trd, 258622.750, 100
Trd, 258622.917, 107
Trd, 258623.050, 124
Trd, 258623.067, 126
Trd, 258623.117, 105
Trd, 258623.250, 100
Trd, 258623.300, 110
Trd, 258623.333, 94
Trd, 258623.733, 92
Trd, 258624.200, 113
Trd, 258624.317, 98
Trd, 258624.533, 89
Trd, 258624.867, 101
Trd, 258625.150, 89
Trd, 258625.300, 103
Trd, 258625.633, 107
Trd, 258625.733, 63
Trd, 258625.900, 115
Trd, 258626.267, 109
Trd, 258626.417, 120
Trd, 258626.517, 100
Trd, 258626.983, 69
Trd, 258627.183, 115
Trd, 258627.217, 110
Trd, 258627.417, 107
Trd, 258627.550, 97
Trd, 258627.733, 116
Trd, 258628.133, 105
Trd, 258628.267, 106
Trd, 258628.933, 132
Trd, 258629.367, 124
Trd, 258630.100, 131
Trd, 258630.633, 122
Trd, 258630.783, 132
Trd, 258631.033, 104
Trd, 258631.250, 104
Trd, 258631.417, 105
Trd, 258631.600, 138
Trd, 258631.850, 137
Trd, 258631.933, 116
Trd, 258631.967, 97
Trd, 258632.500, 132
Trd, 258632.617, 129
Trd, 258632.767, 140
Trd, 258632.800, 116
Trd, 258632.817, 106
Trd, 258632.867, 102
Trd, 258632.883, 95
Trd, 258633.150, 103
Trd, 258633.233, 94
Trd, 258633.400, 121
Trd, 258633.533, 109
Trd, 258633.650, 94
Trd, 258633.717, 93
Trd, 258634.117, 131
Trd, 258634.250, 131
Trd, 258634.517, 130
Trd, 258634.833, 125
Trd, 258634.867, 116
Trd, 258635.067, 137
Trd, 258635.667, 131
Trd, 258636.367, 129
Trd, 258636.433, 125
Trd, 258637.000, 116
Trd, 258637.133, 121
Trd, 258637.433, 123
Trd, 258637.650, 135
Trd, 258637.700, 133
Trd, 258638.050, 132
Trd, 258638.500, 121
Trd, 258638.783, 110
Trd, 258638.933, 103
Trd, 258639.217, 128
Trd, 258639.550, 127
Trd, 258639.783, 134
Trd, 258640.100, 127
Trd, 258640.200, 119
Trd, 258640.350, 136
Trd, 258640.700, 117
Trd, 258641.217, 128
Trd, 258641.833, 127
Trd, 258641.867, 121
Trd, 258641.983, 118
Trd, 258642.067, 117
Trd, 258642.483, 119
Trd, 258643.000, 108
Trd, 258643.250, 110
Trd, 258643.383, 117
Trd, 258643.483, 118
Trd, 258643.583, 120
Trd, 258643.667, 122
Trd, 258644.300, 80
Trd, 258644.367, 88
Trd, 258644.450, 91
Trd, 258644.600, 137
Trd, 258644.717, 98
Trd, 258644.917, 97
Trd, 258645.267, 77
Trd, 258645.583, 71
Trd, 258645.717, 89
Trd, 258645.750, 90
Trd, 258645.917, 77
Trd, 258646.317, 130
Trd, 258646.433, 136
Trd, 258646.550, 136
Trd, 258646.950, 93
Trd, 258647.000, 89
Trd, 258647.200, 133
Trd, 258647.250, 101
Trd, 258647.583, 118
Trd, 258647.733, 109
Trd, 258648.217, 136
Trd, 258648.233, 123
Trd, 258648.783, 120
Trd, 258648.800, 113
Trd, 258649.500, 116
Trd, 258649.750, 114
Trd, 258649.983, 119
Trd, 258650.467, 111
Trd, 258650.667, 128
Trd, 258650.700, 103
Trd, 258650.983, 120
Trd, 258651.100, 115
Trd, 258651.250, 129
Trd, 258651.533, 113
Trd, 258651.850, 124
Trd, 258652.117, 103
Trd, 258652.200, 110
Trd, 258652.583, 116
Trd, 258652.633, 120
Trd, 258652.750, 136
Trd, 258653.183, 107
Trd, 258653.233, 108
Trd, 258653.400, 94
Trd, 258653.517, 109
Trd, 258654.083, 89
Trd, 258654.283, 85
Trd, 258654.400, 83
Trd, 258654.617, 116
Trd, 258654.750, 96
Trd, 258655.650, 96
Trd, 258655.850, 114
Trd, 258656.117, 111
Trd, 258656.800, 111
Trd, 258656.833, 112
Trd, 258656.967, 109
Trd, 258657.017, 106
Trd, 258657.267, 105
Trd, 258657.283, 102
Trd, 258657.333, 94
Trd, 258657.450, 116
Trd, 258657.467, 86
Trd, 258658.417, 126
Trd, 258658.900, 132
Trd, 258659.017, 127
Trd, 258659.117, 135
Trd, 258659.267, 125
Trd, 258659.483, 124
Trd, 258659.583, 127
Trd, 258659.667, 123
Trd, 258659.700, 122
Trd, 258659.967, 111
Trd, 258660.083, 107
Trd, 258660.500, 133
Trd, 258660.750, 133
Trd, 258660.967, 122
Trd, 258661.067, 119
Trd, 258662.317, 124
Trd, 258662.383, 113
Trd, 258662.500, 112
Trd, 258662.700, 112
Trd, 258662.717, 103
Trd, 258663.033, 119
Trd, 258663.267, 124
Trd, 258663.833, 126
Trd, 258663.950, 120
Trd, 258664.300, 126
Trd, 258664.467, 127
Trd, 258664.483, 115
Trd, 258664.683, 114
Trd, 258664.800, 128
Trd, 258665.033, 117
Trd, 258665.383, 110
Trd, 258665.867, 134
Trd, 258665.883, 119
Trd, 258666.233, 107
Trd, 258666.333, 130
Trd, 258666.517, 122
Trd, 258667.050, 139
Trd, 258667.517, 131
Trd, 258667.817, 118
Trd, 258668.067, 135
Trd, 258668.217, 118
Trd, 258668.317, 110
Trd, 258668.333, 110
Trd, 258668.483, 129
Trd, 258668.617, 130
Trd, 258668.700, 117
Trd, 258668.933, 116
Trd, 258669.100, 111
Trd, 258669.300, 110
Trd, 258670.017, 103
Trd, 258670.600, 116
Trd, 258671.117, 110
Trd, 258671.417, 120
Trd, 258671.633, 124
Trd, 258671.683, 123
Trd, 258671.867, 117
Trd, 258672.217, 124
Trd, 258672.483, 131
Trd, 258672.733, 128
Trd, 258672.850, 125
Trd, 258672.983, 124
Trd, 258673.083, 119
Trd, 258673.383, 139
Trd, 258673.400, 126
Trd, 258673.467, 116
Trd, 258673.633, 115
Trd, 258673.733, 110
Trd, 258673.833, 110
Trd, 258673.900, 112
Trd, 258674.117, 103
Trd, 258674.567, 117
Trd, 258674.717, 107
Trd, 258675.150, 135
Trd, 258676.117, 130
Trd, 258676.167, 128
Trd, 258676.183, 127
Trd, 258676.250, 123
Trd, 258676.667, 119
Trd, 258677.083, 104
Trd, 258677.100, 105
Trd, 258677.233, 99
Trd, 258677.267, 106
Trd, 258677.383, 101
Trd, 258677.717, 114
Trd, 258678.383, 93
Trd, 258678.433, 90
Trd, 258678.683, 119
Trd, 258678.917, 136
Trd, 258678.967, 114
Trd, 258679.650, 99
Trd, 258679.817, 112
Trd, 258680.083, 120
Trd, 258680.233, 136
Trd, 258680.467, 108
Trd, 258680.733, 106
Trd, 258680.967, 102
Trd, 258681.533, 122
Trd, 258681.600, 119
Trd, 258682.050, 134
Trd, 258682.683, 132
Trd, 258683.000, 132
Trd, 258683.067, 118
Trd, 258683.117, 108
Trd, 258683.250, 114
Trd, 258683.550, 110
Trd, 258683.717, 103
Trd, 258684.167, 101
Trd, 258684.317, 114
Trd, 258684.333, 115
Trd, 258685.117, 117
Trd, 258685.517, 111
Trd, 258685.533, 107
Trd, 258685.617, 105
Trd, 258685.883, 126
Trd, 258685.983, 133
Trd, 258686.050, 125
Trd, 258686.283, 134
Trd, 258686.300, 122
Trd, 258686.767, 131
Trd, 258686.850, 124
Trd, 258686.933, 114
Trd, 258687.133, 112
Trd, 258687.950, 112
Trd, 258688.100, 120
Trd, 258688.150, 122
Trd, 258688.267, 103
Trd, 258688.683, 109
Trd, 258689.017, 123
Trd, 258689.050, 121
Trd, 258689.583, 120
Trd, 258689.933, 93
Trd, 258690.150, 128
Trd, 258690.217, 94
Trd, 258690.367, 96
Trd, 258690.483, 97
Trd, 258690.683, 125
Trd, 258691.450, 123
Trd, 258691.583, 98
Trd, 258692.067, 121
Trd, 258692.283, 120
Trd, 258692.300, 124
Trd, 258692.583, 131
Trd, 258692.633, 138
Trd, 258692.950, 115
Trd, 258693.267, 134
Trd, 258694.083, 129
Trd, 258694.600, 125
Trd, 258694.617, 123
Trd, 258694.833, 134
Trd, 258694.867, 119
Trd, 258695.000, 115
Trd, 258695.083, 112
Trd, 258695.133, 103
Trd, 258695.167, 98
Trd, 258695.917, 98
Trd, 258695.950, 96
Trd, 258696.133, 103
Trd, 258696.300, 72
Trd, 258696.833, 100
Trd, 258697.033, 102
Trd, 258697.083, 106
Trd, 258697.733, 134
Trd, 258697.783, 128
Trd, 258697.933, 116
Trd, 258698.367, 130
Trd, 258698.567, 128
Trd, 258698.583, 125
Trd, 258698.900, 139
Trd, 258699.550, 120
Trd, 258699.700, 125
Trd, 258699.717, 117
Trd, 258700.217, 137
Trd, 258700.700, 134
Trd, 258700.983, 131
Trd, 258701.050, 128
Trd, 258701.150, 121
Trd, 258701.483, 132
Trd, 258701.933, 126
Trd, 258702.083, 122
Trd, 258702.117, 122
Trd, 258702.250, 132
Trd, 258702.350, 124
Trd, 258702.567, 111
Trd, 258702.783, 126
Trd, 258703.017, 138
Trd, 258703.150, 124
Trd, 258703.167, 111
Trd, 258703.333, 124
Trd, 258703.717, 123
Trd, 258703.767, 109
Trd, 258704.183, 105
Trd, 258704.550, 104
Trd, 258704.583, 115
Trd, 258705.000, 99
Trd, 258705.050, 114
Trd, 258705.200, 115
Trd, 258705.567, 86
Trd, 258705.767, 90
Trd, 258705.783, 126
Trd, 258706.300, 139
Trd, 258706.417, 140
Trd, 258706.567, 136
Trd, 258706.617, 108
Trd, 258707.600, 133
Trd, 258707.633, 126
Trd, 258707.667, 114
Trd, 258707.833, 113
Trd, 258707.883, 110
Trd, 258708.200, 113
Trd, 258709.083, 127
Trd, 258709.400, 130
Trd, 258709.417, 115
Trd, 258709.517, 132
Trd, 258709.833, 136
Trd, 258709.967, 125
Trd, 258710.217, 121
Trd, 258710.333, 115
Trd, 258710.417, 110
Trd, 258711.450, 121
Trd, 258711.917, 139
Trd, 258712.533, 122
Trd, 258712.550, 124
Trd, 258712.733, 125
Trd, 258712.800, 112
Trd, 258713.050, 96
Trd, 258713.367, 124
Trd, 258713.433, 105
Trd, 258713.600, 104
Trd, 258713.700, 104
Trd, 258713.867, 104
Trd, 258714.167, 138
Trd, 258714.550, 122
Trd, 258714.800, 117
Trd, 258715.233, 115
Trd, 258715.417, 114
Trd, 258715.867, 105
Trd, 258716.083, 130
Trd, 258716.167, 100
Trd, 258716.417, 98
Trd, 258716.500, 95
Trd, 258716.550, 93
Trd, 258716.767, 113
Trd, 258716.850, 114
Trd, 258717.117, 93
Trd, 258717.717, 94
Trd, 258717.983, 99
Trd, 258718.200, 91
Trd, 258718.217, 85
Trd, 258718.400, 108
Trd, 258718.417, 109
Trd, 258718.517, 112
Trd, 258718.583, 82
Trd, 258718.617, 121
Trd, 258718.700, 122
Trd, 258719.050, 107
Trd, 258719.250, 124
Trd, 258719.767, 115
Trd, 258719.950, 107
Trd, 258720.933, 114
Trd, 258720.983, 109
Trd, 258721.233, 123
Trd, 258721.650, 111
Trd, 258721.967, 105
Trd, 258721.983, 102
Trd, 258722.067, 123
Trd, 258722.300, 87
Trd, 258722.867, 96
Trd, 258723.117, 95
Trd, 258723.450, 97
Trd, 258723.600, 87
Trd, 258723.750, 97
Trd, 258724.167, 76
Trd, 258724.233, 118
Trd, 258724.533, 92
Trd, 258724.567, 91
Trd, 258725.133, 137
Trd, 258725.183, 118
Trd, 258725.250, 118
Trd, 258725.400, 137
Trd, 258725.500, 116
Trd, 258725.900, 135
Trd, 258726.000, 131
Trd, 258726.067, 135
Trd, 258726.217, 128
Trd, 258727.050, 127
Trd, 258727.167, 124
Trd, 258727.517, 118
Trd, 258727.600, 114
Trd, 258727.883, 115
Trd, 258728.133, 116
Trd, 258728.217, 111
Trd, 258728.267, 101
Trd, 258728.483, 119
Trd, 258728.583, 119
Trd, 258728.800, 133
Trd, 258729.283, 112
Trd, 258729.350, 108
Trd, 258729.700, 113
Trd, 258729.950, 114
Trd, 258730.050, 121
Trd, 258730.250, 120
Trd, 258730.733, 130
Trd, 258730.867, 126
Trd, 258731.150, 125
Trd, 258731.567, 134
Trd, 258731.617, 123
Trd, 258731.683, 111
Trd, 258731.717, 103
Trd, 258731.750, 116
Trd, 258731.933, 102
Trd, 258732.017, 105
Trd, 258732.350, 107
Trd, 258732.633, 107
Trd, 258732.667, 110
Trd, 258732.867, 106
Trd, 258733.183, 132
Trd, 258733.467, 131
Trd, 258733.583, 126
Trd, 258734.433, 125
Trd, 258734.717, 107
Trd, 258734.767, 104
Trd, 258734.783, 102
Trd, 258734.833, 101
Trd, 258735.050, 100
Trd, 258735.067, 97
Trd, 258735.300, 127
Trd, 258735.533, 131
Trd, 258735.950, 117
Trd, 258736.233, 116
Trd, 258736.300, 112
Trd, 258736.450, 139
Trd, 258737.267, 139
Trd, 258737.317, 138
Trd, 258737.350, 129
Trd, 258737.367, 128
Trd, 258737.833, 133
Trd, 258738.183, 128
Trd, 258738.217, 124
Trd, 258738.433, 120
Trd, 258738.450, 117
Trd, 258738.550, 115
Trd, 258739.000, 127
Trd, 258739.583, 123
Trd, 258739.633, 109
Trd, 258739.833, 106
Trd, 258739.917, 95
Trd, 258740.133, 94
Trd, 258740.833, 140
Trd, 258741.033, 138
Trd, 258741.183, 132
Trd, 258741.467, 134
Trd, 258741.517, 128
Trd, 258741.600, 121
Trd, 258741.617, 109
Trd, 258741.933, 105
Trd, 258741.967, 103
Trd, 258742.600, 130
Trd, 258742.817, 134
Trd, 258743.317, 128
Trd, 258743.383, 129
Trd, 258743.583, 130
Trd, 258744.383, 127
Trd, 258744.483, 119
Trd, 258744.967, 132
Trd, 258744.983, 129
Trd, 258745.067, 131
Trd, 258745.100, 128
Trd, 258745.300, 136
Trd, 258745.350, 134
Trd, 258745.533, 117
Trd, 258745.717, 104
Trd, 258746.167, 131
Trd, 258746.483, 132
Trd, 258746.517, 92
Trd, 258746.733, 122
Trd, 258747.400, 105
Trd, 258747.617, 109
Trd, 258747.750, 123
Trd, 258748.033, 119
Trd, 258748.233, 105
Trd, 258748.283, 100
Trd, 258748.433, 122
Trd, 258748.767, 96
Trd, 258748.833, 129
Trd, 258748.917, 105
Trd, 258749.167, 120
Trd, 258749.250, 96
Trd, 258749.617, 115
Trd, 258749.650, 116
Trd, 258750.500, 121
Trd, 258750.533, 113
Trd, 258750.650, 112
Trd, 258751.050, 122
Trd, 258751.350, 112
Trd, 258751.450, 115
Trd, 258751.600, 112
Trd, 258751.900, 99
Trd, 258752.000, 113
Trd, 258752.350, 117
Trd, 258752.833, 115
Trd, 258752.850, 96
Trd, 258753.117, 89
Trd, 258753.267, 106
Trd, 258753.600, 111
Trd, 258753.867, 130
Trd, 258754.283, 111
Trd, 258754.333, 105
Trd, 258754.867, 136
Trd, 258755.217, 135
Trd, 258755.267, 128
Trd, 258755.517, 127
Trd, 258755.633, 125
Trd, 258755.817, 118
Trd, 258756.167, 111
Trd, 258756.567, 103
Trd, 258756.700, 94
Trd, 258757.167, 95
Trd, 258757.300, 119
Trd, 258757.367, 91
Trd, 258757.450, 120
Trd, 258757.517, 88
Trd, 258757.883, 138
Trd, 258758.150, 87
Trd, 258758.317, 133
Trd, 258758.433, 104
Trd, 258759.267, 112
Trd, 258759.667, 133
Trd, 258759.850, 108
Trd, 258760.217, 95
Trd, 258760.350, 97
Trd, 258760.533, 102
Trd, 258760.617, 101
Trd, 258760.667, 95
Trd, 258761.000, 102
Trd, 258761.167, 101
Trd, 258761.183, 115
Trd, 258761.200, 93
Trd, 258761.600, 138
Trd, 258761.850, 92
Trd, 258761.867, 80
Trd, 258762.000, 121
Trd, 258762.133, 103
Trd, 258762.433, 126
Trd, 258762.567, 116
Trd, 258763.183, 118
Trd, 258763.333, 99
Trd, 258763.883, 116
Trd, 258764.083, 109
Trd, 258764.283, 122
Trd, 258764.367, 116
Trd, 258764.550, 117
Trd, 258764.783, 99
Trd, 258765.450, 126
Trd, 258765.583, 117
Trd, 258765.683, 127
Trd, 258765.917, 113
Trd, 258765.950, 102
Trd, 258766.217, 94
Trd, 258766.500, 111
Trd, 258766.983, 104
Trd, 258767.017, 103
Trd, 258767.100, 107
Trd, 258767.283, 111
Trd, 258767.350, 126
Trd, 258767.517, 124
Trd, 258767.600, 95
Trd, 258767.617, 94
Trd, 258767.650, 128
Trd, 258767.717, 137
Trd, 258768.483, 112
Trd, 258768.717, 112
Trd, 258769.100, 110
Trd, 258769.233, 90
Trd, 258769.400, 134
Trd, 258769.467, 86
Trd, 258769.550, 83
Trd, 258769.783, 108
Trd, 258770.217, 134
Trd, 258770.383, 139
Trd, 258770.483, 133
Trd, 258770.650, 126
Trd, 258770.883, 131
Trd, 258771.167, 122
Trd, 258772.067, 114
Trd, 258772.333, 110
Trd, 258772.867, 131
Trd, 258773.150, 111
Trd, 258773.167, 111
Trd, 258773.233, 115
Trd, 258773.467, 109
Trd, 258773.500, 108
Trd, 258773.550, 116
Trd, 258773.867, 139
Trd, 258774.150, 134
Trd, 258774.367, 138
Trd, 258775.167, 129
Trd, 258775.500, 129
Trd, 258775.833, 123
Trd, 258776.067, 121
Trd, 258776.117, 116
Trd, 258776.433, 132
Trd, 258776.533, 119
Trd, 258776.950, 108
Trd, 258777.033, 135
Trd, 258777.233, 106
Trd, 258777.567, 111
Trd, 258778.083, 136
Trd, 258778.217, 112
Trd, 258778.283, 125
Trd, 258778.683, 105
Trd, 258778.850, 105
Trd, 258778.900, 104
Trd, 258778.917, 109
Trd, 258779.100, 97
Trd, 258779.133, 117
Trd, 258779.367, 119
Trd, 258779.417, 126
Trd, 258780.033, 110
Trd, 258780.267, 102
Trd, 258780.883, 138
Trd, 258781.100, 128
Trd, 258781.233, 123
Trd, 258781.467, 106
Trd, 258781.800, 138
Trd, 258782.283, 137
Trd, 258782.467, 112
Trd, 258783.017, 123
Trd, 258783.283, 126
Trd, 258783.300, 118
Trd, 258783.350, 116
Trd, 258783.433, 108
Trd, 258783.467, 128
Trd, 258784.050, 114
Trd, 258784.150, 112
Trd, 258784.317, 116
Trd, 258784.567, 91
Trd, 258784.683, 106
Trd, 258784.850, 105
Trd, 258785.750, 133
Trd, 258786.033, 131
Trd, 258787.083, 103
Trd, 258787.283, 121
Trd, 258787.350, 136
Trd, 258787.567, 93
Trd, 258787.600, 92
Trd, 258788.083, 135
Trd, 258788.200, 121
Trd, 258788.700, 131
Trd, 258788.750, 130
Trd, 258788.883, 121
Trd, 258789.000, 111
Trd, 258789.067, 120
Trd, 258789.183, 109
Trd, 258789.200, 120
Trd, 258789.533, 101
Trd, 258789.750, 116
Trd, 258789.833, 85
Trd, 258790.083, 89
Trd, 258790.550, 95
Trd, 258790.817, 85
Trd, 258790.950, 90
Trd, 258791.000, 93
Trd, 258791.050, 81
Trd, 258791.150, 82
Trd, 258791.183, 109
Trd, 258791.733, 117
Trd, 258791.767, 109
Trd, 258792.217, 113
Trd, 258792.283, 109
Trd, 258792.783, 118
Trd, 258792.800, 106
Trd, 258792.950, 102
Trd, 258793.267, 91
Trd, 258793.317, 119
Trd, 258793.600, 123
Trd, 258793.617, 124
Trd, 258794.033, 118
Trd, 258794.667, 128
Trd, 258795.200, 122
Trd, 258795.217, 118
Trd, 258795.333, 115
Trd, 258795.583, 114
Trd, 258795.967, 120
Trd, 258796.050, 112
Trd, 258796.333, 132
Trd, 258796.650, 132
Trd, 258796.967, 124
Trd, 258797.250, 131
Trd, 258797.450, 116
Trd, 258797.900, 138
Trd, 258798.200, 122
Trd, 258798.650, 125
Trd, 258798.683, 112
Trd, 258798.717, 111
Trd, 258798.850, 107
Trd, 258799.133, 125
Trd, 258799.350, 124
Trd, 258799.450, 128
Trd, 258799.650, 95
Trd, 258799.883, 131
Trd, 258800.117, 105
Trd, 258800.333, 92
Trd, 258800.450, 123
Trd, 258800.633, 124
Trd, 258800.817, 126
Trd, 258801.717, 131
Trd, 258802.400, 139
Trd, 258803.117, 136
Trd, 258803.567, 137
Trd, 258803.933, 128
Trd, 258804.033, 124
Trd, 258804.100, 130
Trd, 258804.133, 123
Trd, 258804.450, 128
Trd, 258804.500, 131
Trd, 258804.617, 122
Trd, 258804.767, 119
Trd, 258804.850, 116
Trd, 258805.167, 113
Trd, 258805.333, 105
Trd, 258805.367, 104
Trd, 258805.650, 115
Trd, 258805.800, 102
Trd, 258806.633, 138
Trd, 258806.683, 117
Trd, 258806.700, 109
Trd, 258807.333, 97
Trd, 258807.517, 97
Trd, 258807.633, 95
Trd, 258807.700, 132
Trd, 258807.850, 93
Trd, 258807.867, 92
Trd, 258808.100, 124
Trd, 258808.267, 122
Trd, 258808.333, 115
Trd, 258808.500, 122
Trd, 258809.117, 105
Trd, 258809.433, 126
Trd, 258809.517, 132
Trd, 258809.900, 127
Trd, 258810.550, 110
Trd, 258810.717, 107
Trd, 258810.800, 104
Trd, 258811.000, 83
Trd, 258811.233, 111
Trd, 258811.433, 112
Trd, 258811.650, 109
Trd, 258811.767, 107
Trd, 258811.800, 103
Trd, 258811.917, 122
Trd, 258812.417, 94
Trd, 258812.483, 95
Trd, 258812.783, 87
Trd, 258812.817, 88
Trd, 258812.850, 122
Trd, 258812.933, 127
Trd, 258813.050, 123
Trd, 258813.283, 124
Trd, 258814.433, 131
Trd, 258814.650, 113
Trd, 258814.717, 112
Trd, 258814.750, 110
Trd, 258814.783, 117
Trd, 258814.917, 108
Trd, 258815.117, 124
Trd, 258815.983, 89
Trd, 258816.017, 84
Trd, 258816.133, 86
Trd, 258816.217, 95
Trd, 258816.467, 94
Trd, 258816.533, 117
Trd, 258816.700, 85
Trd, 258817.117, 119
Trd, 258817.183, 123
Trd, 258817.567, 132
Trd, 258817.783, 114
Trd, 258818.000, 128
Trd, 258818.400, 111
Trd, 258819.283, 138
Trd, 258819.333, 119
Trd, 258819.783, 127
Trd, 258819.967, 119
Trd, 258820.150, 117
Trd, 258820.167, 115
Trd, 258820.200, 114
Trd, 258820.383, 121
Trd, 258820.650, 130
Trd, 258820.933, 113
Trd, 258821.367, 132
Trd, 258821.483, 108
Trd, 258821.500, 108
Trd, 258821.583, 108
Trd, 258822.083, 137
Trd, 258822.300, 115
Trd, 258822.467, 111
Trd, 258823.083, 133
Trd, 258823.250, 116
Trd, 258823.650, 106
Trd, 258823.683, 102
Trd, 258823.817, 104
Trd, 258823.850, 133
Trd, 258824.117, 139
Trd, 258824.400, 134
Trd, 258824.467, 130
Trd, 258824.483, 128
Trd, 258824.600, 127
Trd, 258825.350, 117
Trd, 258825.667, 109
Trd, 258825.700, 120
Trd, 258825.883, 117
Trd, 258825.900, 90
Trd, 258826.183, 80
Trd, 258826.383, 87
Trd, 258826.450, 89
Trd, 258826.483, 125
Trd, 258826.633, 113
Trd, 258826.800, 109
Trd, 258827.383, 136
Trd, 258827.700, 116
Trd, 258827.750, 116
Trd, 258828.033, 124
Trd, 258828.100, 110
Trd, 258828.217, 108
Trd, 258828.400, 105
Trd, 258829.033, 106
Trd, 258829.067, 93
Trd, 258829.100, 90
Trd, 258829.200, 89
Trd, 258829.350, 102
Trd, 258829.950, 93
Trd, 258830.083, 104
Trd, 258830.133, 116
Trd, 258830.233, 80
Trd, 258830.550, 92
Trd, 258830.617, 140
Trd, 258830.633, 84
Trd, 258831.300, 90
Trd, 258831.333, 108
Trd, 258831.600, 83
Trd, 258831.717, 106
Trd, 258832.050, 134
Trd, 258832.283, 121
Trd, 258832.583, 101
Trd, 258832.833, 109
Trd, 258833.067, 99
Trd, 258833.317, 116
Trd, 258833.533, 130
Trd, 258834.533, 126
Trd, 258834.667, 132
Trd, 258834.867, 125
Trd, 258834.967, 113
Trd, 258835.350, 114
Trd, 258835.833, 118
Trd, 258835.933, 113
Trd, 258836.100, 107
Trd, 258836.183, 119
Trd, 258836.450, 106
Trd, 258836.733, 108
Trd, 258836.817, 120
Trd, 258837.550, 124
Trd, 258837.767, 111
Trd, 258838.150, 117
Trd, 258838.617, 112
Trd, 258838.800, 120
Trd, 258838.817, 134
Trd, 258839.033, 108
Trd, 258839.283, 104
Trd, 258839.683, 131
Trd, 258840.183, 127
Trd, 258840.233, 125
Trd, 258840.717, 100
Trd, 258841.450, 121
Trd, 258841.483, 116
Trd, 258841.583, 113
Trd, 258841.800, 99
Trd, 258841.817, 95
Trd, 258842.033, 94
Trd, 258842.233, 104
Trd, 258842.450, 100
Trd, 258842.850, 131
Trd, 258842.883, 122
Trd, 258842.983, 96
Trd, 258843.000, 94
Trd, 258843.133, 131
Trd, 258843.183, 108
Trd, 258843.200, 91
Trd, 258843.333, 91
Trd, 258843.750, 132
Trd, 258844.100, 129
Trd, 258844.400, 118
Trd, 258844.550, 116
Trd, 258844.567, 131
Trd, 258844.600, 111
Trd, 258844.867, 110
Trd, 258845.467, 129
Trd, 258845.533, 109
Trd, 258845.600, 108
Trd, 258845.933, 134
Trd, 258846.233, 135
Trd, 258846.567, 139
Trd, 258846.867, 129
Trd, 258847.300, 95
Trd, 258847.450, 128
Trd, 258847.567, 127
Trd, 258847.833, 77
Trd, 258848.017, 85
Trd, 258848.033, 113
Trd, 258848.483, 110
Trd, 258848.567, 101
Trd, 258848.733, 110
Trd, 258848.950, 122
Trd, 258849.050, 110
Trd, 258849.383, 97
Trd, 258849.667, 115
Trd, 258850.100, 134
Trd, 258850.250, 128
Trd, 258850.467, 127
Trd, 258851.700, 121
Trd, 258851.750, 109
Trd, 258851.833, 109
Trd, 258852.067, 105
Trd, 258852.083, 93
Trd, 258852.400, 89
Trd, 258852.483, 90
Trd, 258852.817, 116
Trd, 258852.850, 102
Trd, 258853.033, 87
Trd, 258853.050, 94
Trd, 258853.500, 106
Trd, 258853.767, 106
Trd, 258853.917, 99
Trd, 258854.267, 97
Trd, 258854.683, 93
Trd, 258854.700, 91
Trd, 258855.017, 90
Trd, 258855.050, 94
Trd, 258855.333, 88
Trd, 258855.400, 126
Trd, 258855.467, 127
Trd, 258855.950, 108
Trd, 258856.500, 104
Trd, 258856.633, 114
Trd, 258856.667, 95
Trd, 258856.750, 91
Trd, 258856.983, 136
Trd, 258857.083, 127
Trd, 258857.400, 128
Trd, 258857.417, 96
Trd, 258857.967, 127
Trd, 258858.067, 113
Trd, 258858.617, 98
Trd, 258858.750, 91
Trd, 258858.883, 91
Trd, 258859.200, 131
Trd, 258859.267, 119
Trd, 258859.500, 129
Trd, 258859.750, 119
Trd, 258859.783, 118
Trd, 258860.300, 115
Trd, 258860.417, 108
Trd, 258860.483, 107
Trd, 258860.650, 127
Trd, 258860.783, 103
Trd, 258860.900, 94
Trd, 258861.233, 89
Trd, 258862.467, 110
Trd, 258862.900, 106
Trd, 258863.483, 118
Trd, 258863.500, 95
Trd, 258863.633, 93
Trd, 258863.850, 106
Trd, 258864.183, 121
Trd, 258864.250, 118
Trd, 258864.267, 107
Trd, 258864.283, 127
Trd, 258864.300, 131
Trd, 258864.383, 89
Trd, 258865.117, 132
Trd, 258865.183, 116
Trd, 258865.733, 114
Trd, 258866.300, 124
Trd, 258866.350, 118
Trd, 258866.433, 127
Trd, 258866.917, 129
Trd, 258867.100, 123
Trd, 258867.300, 118
Trd, 258867.817, 139
Trd, 258868.267, 138
Trd, 258868.467, 135
Trd, 258868.517, 133
Trd, 258868.950, 127
Trd, 258868.967, 126
Trd, 258868.983, 123
Trd, 258869.183, 128
Trd, 258869.300, 118
Trd, 258869.400, 128
Trd, 258869.550, 113
Trd, 258869.567, 112
Trd, 258870.033, 104
Trd, 258870.383, 108
Trd, 258870.983, 124
Trd, 258871.050, 99
Trd, 258871.283, 100
Trd, 258871.500, 127
Trd, 258871.783, 99
Trd, 258872.267, 97
Trd, 258872.583, 94
Trd, 258873.017, 113
Trd, 258873.100, 114
Trd, 258873.517, 86
Trd, 258873.650, 120
Trd, 258874.067, 100
Trd, 258874.267, 113
Trd, 258874.317, 103
Trd, 258874.400, 97
Trd, 258874.600, 101
Trd, 258874.867, 117
Trd, 258875.717, 113
Trd, 258875.733, 110
Trd, 258876.067, 110
Trd, 258876.150, 111
Trd, 258876.467, 124
Trd, 258877.083, 123
Trd, 258877.117, 132
Trd, 258878.233, 138
Trd, 258878.317, 137
Trd, 258878.450, 136
Trd, 258878.500, 124
Trd, 258878.667, 123
Trd, 258878.767, 120
Trd, 258878.983, 117
Trd, 258879.017, 112
Trd, 258879.417, 117
Trd, 258879.467, 101
Trd, 258879.733, 99
Trd, 258879.917, 96
Trd, 258880.000, 116
Trd, 258880.083, 100
Trd, 258880.117, 85
Trd, 258880.183, 81
Trd, 258880.633, 103
Trd, 258882.300, 104
Trd, 258882.567, 108
Trd, 258882.833, 106
Trd, 258883.100, 110
Trd, 258883.217, 111
Trd, 258883.317, 123
Trd, 258883.467, 98
Trd, 258883.933, 113
Trd, 258884.117, 133
Trd, 258884.183, 103
Trd, 258884.933, 126
Trd, 258884.950, 129
Trd, 258885.383, 128
Trd, 258885.883, 123
Trd, 258885.967, 134
Trd, 258886.133, 120
Trd, 258886.167, 122
Trd, 258886.417, 115
Trd, 258886.583, 119
Trd, 258887.333, 135
Trd, 258887.350, 118
Trd, 258887.433, 100
Trd, 258887.467, 98
Trd, 258887.500, 127
Trd, 258887.533, 94
Trd, 258887.800, 137
Trd, 258888.150, 139
Trd, 258888.650, 133
Trd, 258888.800, 120
Trd, 258889.183, 125
Trd, 258889.267, 111
Trd, 258889.500, 117
Trd, 258890.183, 109
Trd, 258890.433, 100
Trd, 258890.567, 127
Trd, 258890.617, 95
Trd, 258890.800, 113
Trd, 258890.817, 84
Trd, 258891.167, 109
Trd, 258891.383, 70
Trd, 258891.517, 102
Trd, 258891.800, 89
Trd, 258891.900, 114
Trd, 258892.067, 115
Trd, 258892.300, 130
Trd, 258892.317, 125
Trd, 258892.517, 96
Trd, 258892.850, 140
Trd, 258892.867, 114
Trd, 258893.017, 124
Trd, 258893.383, 111
Trd, 258893.517, 111
Trd, 258894.017, 118
Trd, 258894.517, 110
Trd, 258894.650, 119
Trd, 258895.133, 117
Trd, 258895.233, 119
Trd, 258895.250, 101
Trd, 258895.650, 111
Trd, 258896.433, 101
Trd, 258896.883, 132
Trd, 258897.167, 92
Trd, 258897.217, 102
Trd, 258897.383, 109
Trd, 258898.067, 91
Trd, 258898.317, 124
Trd, 258898.450, 106
Trd, 258898.917, 114
Trd, 258899.183, 124
Trd, 258899.467, 103
Trd, 258899.750, 116
Trd, 258899.767, 106
Trd, 258899.783, 101
Trd, 258899.967, 85
Trd, 258900.033, 107
Trd, 258900.117, 84
Trd, 258900.250, 94
Trd, 258900.317, 95
Trd, 258900.583, 112
Trd, 258900.750, 128
Trd, 258900.867, 116
Trd, 258901.617, 130
Trd, 258901.783, 108
Trd, 258901.883, 105
Trd, 258902.383, 101
Trd, 258903.183, 110
Trd, 258903.217, 103
Trd, 258903.483, 98
Trd, 258903.500, 123
Trd, 258903.983, 132
Trd, 258904.000, 125
Trd, 258904.200, 136
Trd, 258904.650, 120
Trd, 258904.717, 111
Trd, 258905.150, 95
Trd, 258905.683, 117
Trd, 258906.050, 108
Trd, 258906.133, 125
Trd, 258907.050, 131
Trd, 258907.567, 132
Trd, 258907.800, 133
Trd, 258908.300, 124
Trd, 258908.317, 120
Trd, 258908.767, 129
Trd, 258908.883, 127
Trd, 258909.350, 136
Trd, 258909.500, 121
Trd, 258909.600, 117
Trd, 258909.683, 134
Trd, 258909.833, 115
Trd, 258909.867, 116
Trd, 258910.000, 112
Trd, 258910.617, 140
Trd, 258910.817, 116
Trd, 258910.833, 104
Trd, 258911.183, 125
Trd, 258911.767, 135
Trd, 258912.400, 108
Trd, 258912.450, 109
Trd, 258912.483, 105
Trd, 258912.550, 97
Trd, 258912.867, 110
Trd, 258913.417, 129
Trd, 258913.733, 125
Trd, 258913.783, 124
Trd, 258913.883, 120
Trd, 258913.967, 118
Trd, 258914.383, 110
Trd, 258914.500, 108
Trd, 258914.767, 98
Trd, 258914.783, 98
Trd, 258914.833, 137
Trd, 258914.917, 96
Trd, 258915.117, 96
Trd, 258915.217, 92
Trd, 258915.333, 105
Trd, 258915.917, 131
Trd, 258916.200, 132
Trd, 258916.417, 119
Trd, 258916.767, 122
Trd, 258917.100, 138
Trd, 258917.117, 110
Trd, 258917.183, 108
Trd, 258917.217, 99
Trd, 258917.350, 129
Trd, 258918.133, 138
Trd, 258918.167, 106
Trd, 258918.633, 104
Trd, 258918.767, 102
Trd, 258919.317, 116
Trd, 258919.533, 117
Trd, 258919.667, 104
Trd, 258919.883, 121
Trd, 258920.550, 135
Trd, 258920.800, 129
Trd, 258920.900, 128
Trd, 258921.267, 120
Trd, 258921.350, 111
Trd, 258921.700, 135
Trd, 258921.967, 137
Trd, 258922.167, 134
Trd, 258922.750, 107
Trd, 258922.817, 120
Trd, 258923.100, 123
Trd, 258923.583, 119
Trd, 258924.017, 121
Trd, 258924.133, 119
Trd, 258924.283, 113
Trd, 258924.517, 131
Trd, 258924.817, 132
Trd, 258925.067, 110
Trd, 258925.200, 109
Trd, 258925.417, 107
Trd, 258925.583, 113
Trd, 258925.750, 116
Trd, 258926.467, 135
Trd, 258926.617, 112
Trd, 258927.033, 132
Trd, 258927.350, 96
Trd, 258927.667, 108
Trd, 258928.133, 115
Trd, 258928.167, 114
Trd, 258928.233, 116
Trd, 258928.450, 109
Trd, 258928.483, 117
Trd, 258928.833, 120
Trd, 258929.167, 118
Trd, 258929.400, 117
Trd, 258930.067, 116
Trd, 258930.483, 122
Trd, 258930.567, 132
Trd, 258930.583, 137
Trd, 258930.883, 116
Trd, 258930.917, 111
Trd, 258930.933, 110
Trd, 258931.050, 108
Trd, 258931.550, 137
Trd, 258932.217, 107
Trd, 258932.333, 118
Trd, 258932.483, 121
Trd, 258932.733, 117
Trd, 258933.050, 108
Trd, 258933.100, 99
Trd, 258933.433, 129
Trd, 258933.450, 129
Trd, 258933.583, 107
Trd, 258933.633, 111
Trd, 258933.783, 99
Trd, 258933.983, 127
Trd, 258934.050, 99
Trd, 258934.317, 91
Trd, 258934.750, 124
Trd, 258934.967, 114
Trd, 258935.000, 107
Trd, 258935.250, 98
Trd, 258935.283, 90
Trd, 258935.450, 103
Trd, 258935.467, 104
Trd, 258935.733, 87
Trd, 258936.183, 83
Trd, 258936.733, 75
Trd, 258936.767, 76
Trd, 258936.800, 77
Trd, 258936.983, 72
Trd, 258937.833, 90
Trd, 258937.900, 85
Trd, 258937.983, 109
Trd, 258938.100, 123
Trd, 258938.617, 115
Trd, 258938.633, 111
Trd, 258938.733, 121
Trd, 258938.800, 108
Trd, 258939.050, 136
Trd, 258939.117, 113
Trd, 258939.167, 106
Trd, 258939.300, 106
Trd, 258939.433, 138
Trd, 258939.817, 104
Trd, 258940.350, 116
Trd, 258940.450, 111
Trd, 258940.567, 125
Trd, 258940.617, 110
Trd, 258940.983, 90
Trd, 258941.067, 94
Trd, 258941.183, 113
Trd, 258941.750, 87
Trd, 258942.383, 86
Trd, 258942.400, 88
Trd, 258942.450, 92
Trd, 258942.633, 81
Trd, 258942.800, 110
Trd, 258942.983, 80
Trd, 258943.600, 86
Trd, 258943.617, 76
Trd, 258943.650, 89
Trd, 258944.067, 85
Trd, 258944.783, 80
Trd, 258945.050, 85
Trd, 258945.100, 95
Trd, 258945.350, 99
Trd, 258945.583, 99
Trd, 258945.617, 95
Trd, 258945.650, 103
Trd, 258945.767, 91
Trd, 258945.850, 90
Trd, 258946.750, 128
Trd, 258947.267, 109
Trd, 258947.583, 112
Trd, 258947.733, 107
Trd, 258947.917, 111
Trd, 258947.983, 124
Trd, 258948.383, 113
Trd, 258948.967, 124
Trd, 258949.533, 127
Trd, 258950.417, 110
Trd, 258950.633, 121
Trd, 258950.717, 120
Trd, 258950.767, 110
Trd, 258950.883, 105
Trd, 258951.033, 105
Trd, 258951.067, 105
Trd, 258951.350, 140
Trd, 258951.900, 134
Trd, 258952.933, 122
Trd, 258952.967, 119
Trd, 258953.333, 125
Trd, 258953.383, 112
Trd, 258954.117, 115
Trd, 258954.167, 116
Trd, 258954.233, 108
Trd, 258954.333, 112
Trd, 258954.417, 112
Trd, 258955.117, 125
Trd, 258955.483, 128
Trd, 258955.567, 106
Trd, 258956.000, 128
Trd, 258956.033, 124
Trd, 258956.483, 126
Trd, 258956.533, 112
Trd, 258956.800, 102
Trd, 258956.900, 114
Trd, 258957.033, 101
Trd, 258957.117, 93
Trd, 258957.150, 104
Trd, 258957.483, 123
Trd, 258958.033, 132
Trd, 258958.050, 96
Trd, 258958.367, 100
Trd, 258959.733, 120
Trd, 258959.800, 117
Trd, 258960.167, 132
Trd, 258960.217, 117
Trd, 258960.317, 112
Trd, 258960.417, 106
Trd, 258960.483, 134
Trd, 258961.500, 135
Trd, 258961.850, 126
Trd, 258961.950, 114
Trd, 258962.000, 113
Trd, 258962.400, 125
Trd, 258962.700, 111
Trd, 258962.767, 103
Trd, 258963.133, 100
Trd, 258963.183, 99
Trd, 258963.200, 103
Trd, 258963.233, 98
Trd, 258963.267, 91
Trd, 258963.417, 126
Trd, 258963.517, 117
Trd, 258964.200, 126
Trd, 258964.233, 124
Trd, 258964.250, 127
Trd, 258964.433, 120
Trd, 258964.533, 122
Trd, 258964.583, 117
Trd, 258964.983, 131
Trd, 258965.050, 124
Trd, 258965.233, 117
Trd, 258965.367, 109
Trd, 258965.667, 99
Trd, 258965.683, 95
Trd, 258966.150, 139
Trd, 258966.383, 108
Trd, 258966.517, 118
Trd, 258966.667, 104
Trd, 258966.800, 91
Trd, 258967.200, 128
Trd, 258967.333, 107
Trd, 258967.633, 99
Trd, 258968.000, 139
Trd, 258968.050, 130
Trd, 258968.067, 110
Trd, 258968.150, 111
Trd, 258968.200, 105
Trd, 258968.467, 113
Trd, 258968.617, 123
Trd, 258968.867, 94
Trd, 258969.083, 104
Trd, 258969.650, 113
Trd, 258969.800, 103
Trd, 258969.983, 122
Trd, 258970.083, 123
Trd, 258970.333, 93
Trd, 258970.450, 91
Trd, 258970.767, 84
Trd, 258970.783, 82
Trd, 258970.800, 85
Trd, 258970.883, 65
Trd, 258971.333, 101
Trd, 258971.817, 95
Trd, 258972.200, 105
Trd, 258972.617, 114
Trd, 258972.683, 108
Trd, 258972.800, 116
Trd, 258972.917, 97
Trd, 258973.383, 124
Trd, 258974.133, 121
Trd, 258974.183, 125
Trd, 258974.233, 107
Trd, 258974.300, 104
Trd, 258974.383, 138
Trd, 258974.650, 129
Trd, 258975.017, 131
Trd, 258975.300, 134
Trd, 258975.617, 100
Trd, 258976.133, 123
Trd, 258976.183, 135
Trd, 258976.250, 118
Trd, 258976.533, 118
Trd, 258976.617, 110
Trd, 258977.033, 136
Trd, 258977.150, 134
Trd, 258978.250, 129
Trd, 258978.283, 119
Trd, 258978.317, 111
Trd, 258978.600, 136
Trd, 258979.117, 120
Trd, 258979.683, 128
Trd, 258979.783, 125
Trd, 258979.817, 103
Trd, 258979.850, 100
Trd, 258979.933, 88
Trd, 258980.300, 123
Trd, 258980.500, 121
Trd, 258980.567, 99
Trd, 258980.783, 121
Trd, 258981.017, 131
Trd, 258981.217, 138
Trd, 258981.533, 93
Trd, 258981.600, 82
Trd, 258981.933, 89
Trd, 258982.150, 134
Trd, 258982.350, 112
Trd, 258982.367, 122
Trd, 258982.783, 126
Trd, 258982.933, 121
Trd, 258982.950, 106
Trd, 258983.267, 129
Trd, 258983.283, 95
Trd, 258984.117, 103
Trd, 258984.150, 107
Trd, 258984.833, 94
Trd, 258984.917, 104
Trd, 258984.933, 105
Trd, 258985.167, 109
Trd, 258985.350, 105
Trd, 258985.733, 104
Trd, 258985.833, 108
Trd, 258985.983, 101
Trd, 258986.633, 94
Trd, 258986.767, 99
Trd, 258986.950, 99
Trd, 258986.983, 94
Trd, 258987.067, 93
Trd, 258987.133, 118
Trd, 258987.150, 88
Trd, 258987.500, 81
Trd, 258988.133, 115
Trd, 258988.450, 116
Trd, 258988.583, 125
Trd, 258988.867, 129
Trd, 258989.267, 126
Trd, 258989.333, 117
Trd, 258989.433, 111
Trd, 258989.833, 128
Trd, 258989.883, 126
Trd, 258989.917, 120
Trd, 258990.017, 111
Trd, 258990.183, 135
Trd, 258990.200, 101
Trd, 258990.517, 97
Trd, 258990.917, 135
Trd, 258990.950, 134
Trd, 258991.167, 134
Trd, 258991.717, 134
Trd, 258991.950, 109
Trd, 258992.033, 119
Trd, 258992.117, 91
Trd, 258992.167, 86
Trd, 258992.467, 125
Trd, 258992.550, 127
Trd, 258992.733, 94
Trd, 258992.950, 130
Trd, 258993.250, 63
Trd, 258993.467, 64
Trd, 258993.567, 97
Trd, 258993.617, 119
Trd, 258994.217, 125
Trd, 258994.633, 113
Trd, 258994.850, 134
Trd, 258994.983, 136
Trd, 258995.233, 129
Trd, 258995.400, 121
Trd, 258995.517, 134
Trd, 258995.600, 103
Trd, 258995.733, 129
Trd, 258995.983, 101
Trd, 258996.200, 100
Trd, 258996.233, 99
Trd, 258996.350, 99
Trd, 258996.450, 104
Trd, 258996.867, 102
Trd, 258996.933, 96
Trd, 258997.350, 122
Trd, 258997.500, 102
Trd, 258997.967, 102
Trd, 258998.033, 110
Trd, 258998.100, 96
Trd, 258998.267, 115
Trd, 258998.617, 116
Trd, 258998.733, 117
Trd, 258999.067, 126
Trd, 258999.683, 128
Trd, 258999.850, 137
Trd, 259000.100, 126
Trd, 259000.317, 137
Trd, 259000.333, 131
Trd, 259001.050, 113
Trd, 259001.167, 119
Trd, 259001.833, 101
Trd, 259001.917, 101
Trd, 259002.200, 101
Trd, 259002.233, 102
Trd, 259002.917, 133
Trd, 259003.050, 105
Trd, 259003.750, 108
Trd, 259003.900, 119
Trd, 259004.017, 100
Trd, 259004.100, 98
Trd, 259004.350, 97
Trd, 259004.783, 123
Trd, 259004.850, 90
Trd, 259004.950, 90
Trd, 259005.367, 118
Trd, 259005.500, 93
Trd, 259005.650, 111
Trd, 259005.767, 125
Trd, 259006.150, 97
Trd, 259006.583, 90
Trd, 259006.950, 128
Trd, 259007.283, 98
Trd, 259007.583, 119
Trd, 259007.700, 95
Trd, 259007.717, 86
Trd, 259008.150, 91
Trd, 259008.300, 116
Trd, 259008.500, 119
Trd, 259008.650, 113
Trd, 259008.983, 120
Trd, 259009.300, 130
Trd, 259009.767, 121
Trd, 259010.300, 122
Trd, 259010.367, 110
Trd, 259010.500, 108
Trd, 259010.917, 117
Trd, 259011.783, 120
Trd, 259011.967, 116
Trd, 259012.317, 114
Trd, 259012.383, 113
Trd, 259012.467, 134
Trd, 259012.533, 125
Trd, 259012.950, 94
Trd, 259013.083, 111
Trd, 259013.150, 113
Trd, 259013.400, 110
Trd, 259013.617, 135
Trd, 259013.783, 128
Trd, 259013.900, 119
Trd, 259014.283, 109
Trd, 259014.433, 108
Trd, 259015.033, 110
Trd, 259015.100, 108
Trd, 259015.333, 106
Trd, 259015.483, 120
Trd, 259015.783, 117
Trd, 259015.933, 107
Trd, 259015.983, 128
Trd, 259016.117, 96
Trd, 259016.200, 131
Trd, 259016.733, 99
Trd, 259016.833, 101
Trd, 259017.350, 135
Trd, 259017.833, 129
Trd, 259017.933, 126
Trd, 259018.683, 134
Trd, 259018.800, 130
Trd, 259019.283, 124
Trd, 259019.367, 98
Trd, 259019.450, 124
Trd, 259019.667, 108
Trd, 259019.767, 124
Trd, 259019.783, 131
Trd, 259019.917, 89
Trd, 259020.117, 122
Trd, 259020.383, 101
Trd, 259020.517, 110
Trd, 259020.933, 76
Trd, 259021.100, 74
Trd, 259021.117, 101
Trd, 259021.250, 110
Trd, 259021.717, 103
Trd, 259021.750, 123
Trd, 259021.950, 120
Trd, 259022.600, 131
Trd, 259022.633, 115
Trd, 259022.867, 125
Trd, 259023.200, 113
Trd, 259023.650, 104
Trd, 259024.083, 107
Trd, 259024.183, 128
Trd, 259024.250, 102
Trd, 259024.417, 124
Trd, 259024.550, 124
Trd, 259024.700, 126
Trd, 259024.850, 114
Trd, 259024.917, 101
Trd, 259025.250, 102
Trd, 259025.317, 119
Trd, 259025.350, 99
Trd, 259025.467, 128
Trd, 259025.567, 99
Trd, 259025.600, 97
Trd, 259026.100, 93
Trd, 259026.750, 103
Trd, 259026.867, 89
Trd, 259027.600, 103
Trd, 259027.800, 105
Trd, 259027.900, 126
Trd, 259028.183, 128
Trd, 259028.550, 134
Trd, 259028.800, 111
Trd, 259029.067, 139
Trd, 259029.100, 105
Trd, 259029.250, 106
Trd, 259029.483, 119
Trd, 259029.517, 138
Trd, 259029.533, 108
Trd, 259029.900, 137
Trd, 259030.233, 127
Trd, 259030.667, 134
Trd, 259031.533, 126
Trd, 259031.933, 134
Trd, 259032.233, 140
Trd, 259032.833, 133
Trd, 259033.133, 136
Trd, 259033.550, 127
Trd, 259033.567, 119
Trd, 259033.633, 137
Trd, 259033.817, 110
Trd, 259034.067, 104
Trd, 259034.150, 101
Trd, 259034.367, 90
Trd, 259034.433, 84
Trd, 259034.483, 77
Trd, 259034.783, 111
Trd, 259034.833, 109
Trd, 259035.100, 119
Trd, 259035.217, 93
Trd, 259035.417, 135
Trd, 259035.533, 129
Trd, 259036.067, 128
Trd, 259036.183, 118
Trd, 259036.500, 126
Trd, 259036.517, 102
Trd, 259036.567, 101
Trd, 259036.833, 99
Trd, 259037.183, 77
Trd, 259037.583, 67
Trd, 259037.917, 68
Trd, 259037.950, 69
Trd, 259038.233, 76
Trd, 259038.483, 119
Trd, 259038.833, 85
Trd, 259038.967, 85
Trd, 259039.100, 85
Trd, 259039.200, 105
Trd, 259039.283, 115
Trd, 259039.550, 112
Trd, 259039.867, 132
Trd, 259040.333, 122
Trd, 259040.817, 130
Trd, 259041.017, 126
Trd, 259041.083, 122
Trd, 259041.133, 122
Trd, 259041.400, 112
Trd, 259041.917, 128
Trd, 259042.100, 133
Trd, 259042.750, 132
Trd, 259042.900, 126
Trd, 259043.617, 140
Trd, 259043.717, 132
Trd, 259044.317, 124
Trd, 259044.800, 133
Trd, 259044.967, 131
Trd, 259045.200, 116
Trd, 259045.300, 116
Trd, 259045.617, 115
Trd, 259045.767, 118
Trd, 259045.917, 113
Trd, 259046.350, 111
Trd, 259046.467, 111
Trd, 259046.733, 105
Trd, 259047.183, 132
Trd, 259047.367, 131
Trd, 259047.917, 134
Trd, 259047.950, 119
Trd, 259047.967, 107
Trd, 259049.283, 129
Trd, 259049.350, 127
Trd, 259049.883, 125
Trd, 259050.150, 125
Trd, 259050.233, 120
Trd, 259050.367, 119
Trd, 259050.400, 126
Trd, 259050.783, 126
Trd, 259050.833, 123
Trd, 259051.750, 120
Trd, 259051.933, 115
Trd, 259052.033, 115
Trd, 259052.133, 122
Trd, 259052.400, 127
Trd, 259052.483, 119
Trd, 259052.650, 113
Trd, 259052.883, 108
Trd, 259053.150, 103
Trd, 259053.183, 106
Trd, 259053.250, 123
Trd, 259053.717, 117
Trd, 259053.783, 113
Trd, 259053.867, 122
Trd, 259054.400, 122
Trd, 259054.483, 117
Trd, 259054.933, 137
Trd, 259054.983, 132
Trd, 259055.000, 126
Trd, 259055.200, 118
Trd, 259055.400, 137
Trd, 259056.433, 120
Trd, 259057.017, 123
Trd, 259057.383, 118
Trd, 259057.500, 126
Trd, 259057.650, 107
Trd, 259057.850, 103
Trd, 259058.383, 106
Trd, 259058.767, 107
Trd, 259058.983, 108
Trd, 259059.100, 98
Trd, 259059.733, 123
Trd, 259059.867, 124
Trd, 259059.933, 110
Trd, 259060.333, 132
Trd, 259060.483, 105
Trd, 259060.500, 85
Trd, 259060.583, 117
Trd, 259061.000, 129
Trd, 259061.317, 126
Trd, 259061.500, 120
Trd, 259061.700, 114
Trd, 259061.800, 113
Trd, 259062.117, 117
Trd, 259062.300, 98
Trd, 259062.617, 127
Trd, 259062.767, 99
Trd, 259063.200, 121
Trd, 259064.117, 139
Trd, 259064.150, 133
Trd, 259064.183, 120
Trd, 259064.483, 105
Trd, 259064.517, 103
Trd, 259064.850, 140
Trd, 259065.067, 101
Trd, 259065.417, 126
Trd, 259065.517, 112
Trd, 259065.550, 88
Trd, 259065.667, 133
Trd, 259066.150, 129
Trd, 259066.283, 131
Trd, 259066.633, 120
Trd, 259066.667, 106
Trd, 259066.750, 127
Trd, 259066.800, 101
Trd, 259067.083, 129
Trd, 259067.167, 105
Trd, 259067.450, 125
Trd, 259067.483, 114
Trd, 259067.533, 106
Trd, 259067.900, 99
Trd, 259068.000, 112
Trd, 259068.950, 97
Trd, 259069.000, 93
Trd, 259069.333, 118
Trd, 259069.567, 118
Trd, 259070.017, 104
Trd, 259070.033, 101
Trd, 259070.050, 97
Trd, 259070.100, 92
Trd, 259070.700, 136
Trd, 259070.767, 110
Trd, 259070.783, 109
Trd, 259070.900, 124
Trd, 259071.633, 138
Trd, 259071.750, 112
Trd, 259072.250, 134
Trd, 259072.783, 128
Trd, 259073.017, 128
Trd, 259073.117, 127
Trd, 259073.150, 120
Trd, 259073.583, 119
Trd, 259073.767, 118
Trd, 259073.967, 102
Trd, 259074.183, 129
Trd, 259074.333, 122
Trd, 259074.400, 110
Trd, 259074.517, 98
Trd, 259074.583, 95
Trd, 259074.633, 94
Trd, 259074.667, 94
Trd, 259074.850, 88
Trd, 259075.033, 117
Trd, 259075.367, 90
Trd, 259075.500, 82
Trd, 259075.750, 118
Trd, 259075.850, 114
Trd, 259076.067, 97
Trd, 259076.233, 107
Trd, 259076.550, 113
Trd, 259076.817, 109
Trd, 259077.250, 132
Trd, 259077.950, 130
Trd, 259078.017, 123
Trd, 259078.083, 121
Trd, 259078.583, 124
Trd, 259078.800, 121
Trd, 259078.883, 118
Trd, 259079.033, 117
Trd, 259079.233, 108
Trd, 259079.333, 87
Trd, 259079.483, 120
Trd, 259079.633, 100
Trd, 259079.767, 109
Trd, 259080.000, 90
Trd, 259080.467, 88
Trd, 259080.650, 85
Trd, 259080.683, 87
Trd, 259081.017, 86
Trd, 259081.067, 89
Trd, 259081.317, 116
Trd, 259081.333, 125
Trd, 259082.250, 110
Trd, 259082.617, 92
Trd, 259082.633, 86
Trd, 259082.783, 91
Trd, 259083.100, 109
Trd, 259083.300, 104
Trd, 259083.350, 120
Trd, 259083.450, 123
Trd, 259083.550, 123
Trd, 259083.900, 77
Trd, 259084.067, 78
Trd, 259084.150, 70
Trd, 259084.633, 68
Trd, 259084.900, 72
Trd, 259085.517, 107
Trd, 259086.100, 137
Trd, 259086.117, 128
Trd, 259086.183, 128
Trd, 259086.217, 122
Trd, 259086.283, 117
Trd, 259086.333, 107
Trd, 259086.367, 138
Trd, 259086.683, 96
Trd, 259086.750, 82
Trd, 259087.050, 91
Trd, 259087.200, 87
Trd, 259087.417, 81
Trd, 259087.717, 101
Trd, 259088.000, 70
Trd, 259088.367, 94
Trd, 259088.583, 93
Trd, 259088.700, 81
Trd, 259089.033, 70
Trd, 259089.400, 90
Trd, 259089.967, 66
Trd, 259090.033, 67
Trd, 259090.383, 127
Trd, 259090.567, 89
Trd, 259090.633, 89
Trd, 259091.033, 94
Trd, 259091.100, 95
Trd, 259091.450, 125
Trd, 259091.767, 97
Trd, 259091.850, 92
Trd, 259092.283, 119
Trd, 259092.500, 129
Trd, 259093.200, 126
Trd, 259093.250, 118
Trd, 259093.400, 111
Trd, 259093.600, 121
Trd, 259093.633, 96
Trd, 259093.867, 127
Trd, 259093.983, 131
Trd, 259094.450, 131
Trd, 259094.600, 125
Trd, 259094.767, 126
Trd, 259095.217, 132
Trd, 259095.333, 109
Trd, 259095.767, 99
Trd, 259096.350, 125
Trd, 259096.400, 113
Trd, 259096.483, 113
Trd, 259096.583, 110
Trd, 259096.933, 120
Trd, 259096.983, 106
Trd, 259097.167, 119
Trd, 259097.367, 117
Trd, 259097.883, 115
Trd, 259098.317, 108
Trd, 259098.583, 139
Trd, 259098.667, 137
Trd, 259099.150, 126
Trd, 259099.333, 124
Trd, 259099.383, 123
Trd, 259099.433, 120
Trd, 259099.700, 105
Trd, 259100.167, 104
Trd, 259100.433, 108
Trd, 259100.867, 102
Trd, 259100.967, 99
Trd, 259101.067, 98
Trd, 259101.150, 117
Trd, 259101.450, 130
Trd, 259101.767, 95
Trd, 259101.817, 93
Trd, 259101.833, 92
Trd, 259102.050, 98
Trd, 259102.067, 91
Trd, 259102.317, 99
Trd, 259102.633, 103
Trd, 259102.650, 94
Trd, 259102.900, 106
Trd, 259103.133, 104
Trd, 259104.200, 79
Trd, 259104.283, 91
Trd, 259104.367, 77
Trd, 259104.467, 92
Trd, 259104.500, 99
Trd, 259104.733, 93
Trd, 259105.050, 104
Trd, 259105.067, 80
Trd, 259105.133, 72
Trd, 259105.450, 109
Trd, 259105.633, 110
Trd, 259106.033, 139
Trd, 259106.317, 133
Trd, 259106.533, 123
Trd, 259106.567, 110
Trd, 259107.567, 131
Trd, 259107.967, 120
Trd, 259108.000, 127
Trd, 259108.233, 111
Trd, 259108.500, 118
Trd, 259108.783, 121
Trd, 259108.850, 118
Trd, 259108.967, 127
Trd, 259109.000, 105
Trd, 259109.067, 123
Trd, 259109.483, 140
Trd, 259109.867, 123
Trd, 259110.067, 127
Trd, 259110.717, 124
Trd, 259111.717, 123
Trd, 259111.867, 122
Trd, 259111.900, 127
Trd, 259112.000, 117
Trd, 259112.233, 102
Trd, 259112.300, 126
Trd, 259112.517, 121
Trd, 259112.750, 107
Trd, 259112.933, 118
Trd, 259113.250, 102
Trd, 259113.350, 94
Trd, 259113.750, 117
Trd, 259113.883, 107
Trd, 259113.983, 103
Trd, 259114.200, 119
Trd, 259114.317, 129
Trd, 259114.433, 136
Trd, 259114.483, 91
Trd, 259114.883, 138
Trd, 259115.150, 134
Trd, 259115.183, 130
Trd, 259115.433, 139
Trd, 259115.817, 127
Trd, 259115.867, 137
Trd, 259116.933, 109
Trd, 259117.183, 113
Trd, 259117.433, 114
Trd, 259117.483, 111
Trd, 259118.583, 135
Trd, 259118.883, 124
Trd, 259119.033, 130
Trd, 259119.233, 122
Trd, 259119.517, 120
Trd, 259119.867, 118
Trd, 259119.883, 116
Trd, 259120.533, 120
Trd, 259120.567, 128
Trd, 259121.067, 116
Trd, 259121.217, 111
Trd, 259121.283, 125
Trd, 259121.300, 105
Trd, 259121.417, 103
Trd, 259121.450, 127
Trd, 259121.800, 116
Trd, 259122.567, 131
Trd, 259122.600, 116
Trd, 259122.967, 111
Trd, 259123.050, 111
Trd, 259123.367, 128
Trd, 259123.433, 104
Trd, 259123.500, 90
Trd, 259123.867, 139
Trd, 259123.983, 96
Trd, 259124.600, 103
Trd, 259124.733, 97
Trd, 259124.750, 96
Trd, 259124.783, 123
Trd, 259125.400, 101
Trd, 259125.483, 102
Trd, 259125.583, 96
Trd, 259125.667, 89
Trd, 259126.050, 90
Trd, 259126.100, 92
Trd, 259126.150, 125
Trd, 259126.200, 110
Trd, 259126.350, 82
Trd, 259126.533, 125
Trd, 259126.550, 112
Trd, 259127.233, 127
Trd, 259127.450, 132
Trd, 259127.567, 128
Trd, 259127.933, 123
Trd, 259128.633, 115
Trd, 259128.650, 116
Trd, 259128.700, 115
Trd, 259128.833, 135
Trd, 259128.983, 103
Trd, 259129.133, 98
Trd, 259129.717, 137
Trd, 259129.733, 110
Trd, 259130.217, 133
Trd, 259130.783, 133
Trd, 259131.100, 132
Trd, 259131.467, 117
Trd, 259131.667, 137
Trd, 259131.917, 124
Trd, 259131.967, 114
Trd, 259132.267, 136
Trd, 259132.683, 129
Trd, 259133.117, 124
Trd, 259133.133, 109
Trd, 259133.433, 130
Trd, 259133.600, 121
Trd, 259133.717, 127
Trd, 259134.117, 118
Trd, 259134.450, 112
Trd, 259134.733, 117
Trd, 259134.767, 119
Trd, 259134.800, 120
Trd, 259135.117, 140
Trd, 259135.433, 130
Trd, 259135.583, 129
Trd, 259135.750, 116
Trd, 259135.800, 116
Trd, 259135.867, 111
Trd, 259135.900, 118
Trd, 259136.083, 110
Trd, 259136.333, 110
Trd, 259136.850, 105
Trd, 259137.150, 123
Trd, 259137.317, 115
Trd, 259137.467, 93
Trd, 259137.500, 92
Trd, 259138.483, 114
Trd, 259138.767, 129
Trd, 259139.033, 129
Trd, 259139.050, 118
Trd, 259139.450, 117
Trd, 259139.550, 111
Trd, 259139.950, 135
Trd, 259140.317, 103
Trd, 259140.350, 92
Trd, 259140.417, 115
Trd, 259140.533, 112
Trd, 259140.833, 139
Trd, 259141.183, 129
Trd, 259141.250, 91
Trd, 259141.317, 99
Trd, 259141.467, 85
Trd, 259141.733, 110
Trd, 259142.517, 120
Trd, 259142.783, 120
Trd, 259142.817, 116
Trd, 259143.117, 125
Trd, 259143.150, 112
Trd, 259143.417, 108
Trd, 259143.500, 106
Trd, 259143.900, 95
Trd, 259144.000, 131
Trd, 259144.100, 90
Trd, 259144.167, 126
Trd, 259144.267, 125
Trd, 259144.533, 109
Trd, 259145.067, 121
Trd, 259145.100, 108
Trd, 259145.150, 94
Trd, 259145.217, 108
Trd, 259145.617, 118
Trd, 259145.667, 91
Trd, 259146.283, 116
Trd, 259146.500, 128
Trd, 259146.600, 131
Trd, 259146.867, 125
Trd, 259146.967, 107
Trd, 259147.017, 98
Trd, 259147.067, 87
Trd, 259147.400, 109
Trd, 259148.367, 117
Trd, 259148.633, 105
Trd, 259148.817, 104
Trd, 259149.183, 118
Trd, 259149.417, 124
Trd, 259149.667, 107
Trd, 259149.750, 88
Trd, 259150.000, 121
Trd, 259150.267, 88
Trd, 259150.350, 96
Trd, 259150.517, 128
Trd, 259150.900, 134
Trd, 259151.283, 117
Trd, 259151.333, 96
Trd, 259151.533, 85
Trd, 259151.617, 138
Trd, 259151.750, 135
Trd, 259152.017, 137
Trd, 259153.033, 135
Trd, 259153.433, 126
Trd, 259153.483, 120
Trd, 259153.633, 127
Trd, 259153.867, 105
Trd, 259154.667, 115
Trd, 259154.850, 109
Trd, 259154.900, 109
Trd, 259154.933, 107
Trd, 259155.150, 112
Trd, 259155.250, 117
Trd, 259155.283, 104
Trd, 259155.533, 112
Trd, 259156.017, 123
Trd, 259156.183, 104
Trd, 259156.250, 101
Trd, 259156.467, 108
Trd, 259156.533, 97
Trd, 259156.600, 127
Trd, 259156.683, 104
Trd, 259156.817, 107
Trd, 259157.000, 93
Trd, 259157.483, 119
Trd, 259157.733, 105
Trd, 259157.783, 91
Trd, 259157.883, 102
Trd, 259157.967, 124
Trd, 259158.117, 105
Trd, 259159.050, 89
Trd, 259159.250, 110
Trd, 259159.267, 87
Trd, 259159.667, 98
Trd, 259159.700, 107
Trd, 259159.950, 87
Trd, 259160.450, 102
Trd, 259160.583, 96
Trd, 259160.950, 83
Trd, 259161.017, 103
Trd, 259161.550, 102
Trd, 259161.633, 106
Trd, 259161.883, 110
Trd, 259161.900, 82
Trd, 259162.317, 79
Trd, 259162.350, 100
Trd, 259162.650, 87
Trd, 259162.750, 110
Trd, 259163.433, 123
Trd, 259164.050, 116
Trd, 259164.483, 112
Trd, 259164.833, 111
Trd, 259164.983, 110
Trd, 259165.017, 113
Trd, 259165.217, 126
Trd, 259165.283, 127
Trd, 259165.517, 112
Trd, 259166.167, 93
Trd, 259166.417, 98
Trd, 259166.517, 96
Trd, 259166.633, 99
Trd, 259166.650, 100
Trd, 259166.950, 112
Trd, 259167.133, 102
Trd, 259167.317, 99
Trd, 259167.883, 85
Trd, 259168.117, 83
Trd, 259168.233, 81
Trd, 259168.317, 95
Trd, 259168.367, 78
Trd, 259168.450, 119
Trd, 259169.183, 123
Trd, 259169.450, 124
Trd, 259169.700, 112
Trd, 259170.067, 122
Trd, 259170.250, 130
Trd, 259170.450, 102
Trd, 259170.617, 100
Trd, 259171.067, 88
Trd, 259171.167, 87
Trd, 259171.233, 98
Trd, 259171.333, 81
Trd, 259171.417, 80
Trd, 259171.500, 136
Trd, 259172.033, 127
Trd, 259172.183, 124
Trd, 259172.367, 125
Trd, 259172.933, 106
Trd, 259173.183, 105
Trd, 259173.300, 104
Trd, 259173.867, 131
Trd, 259173.967, 132
Trd, 259173.983, 118
Trd, 259174.067, 136
Trd, 259174.200, 121
Trd, 259174.500, 103
Trd, 259174.750, 103
Trd, 259174.933, 116
Trd, 259174.983, 94
Trd, 259175.033, 117
Trd, 259175.383, 111
Trd, 259175.883, 103
Trd, 259175.933, 118
Trd, 259175.983, 120
Trd, 259176.300, 115
Trd, 259176.717, 139
Trd, 259177.300, 135
Trd, 259177.367, 129
Trd, 259177.767, 125
Trd, 259178.567, 122
Trd, 259178.917, 114
Trd, 259178.933, 113
Trd, 259179.017, 111
Trd, 259179.267, 124
Trd, 259179.300, 110
Trd, 259179.600, 102
Trd, 259180.200, 131
Trd, 259180.233, 118
Trd, 259180.983, 122
Trd, 259181.083, 119
Trd, 259181.183, 139
Trd, 259181.583, 138
Trd, 259181.700, 130
Trd, 259181.733, 126
Trd, 259182.117, 128
Trd, 259182.300, 122
Trd, 259182.417, 112
Trd, 259182.450, 111
Trd, 259182.550, 118
Trd, 259182.750, 132
Trd, 259182.950, 116
Trd, 259183.083, 103
Trd, 259183.217, 97
Trd, 259183.300, 120
Trd, 259184.100, 120
Trd, 259184.383, 116
Trd, 259184.483, 106
Trd, 259184.533, 95
Trd, 259185.200, 119
Trd, 259185.350, 120
Trd, 259185.417, 105
Trd, 259185.550, 121
Trd, 259185.717, 122
Trd, 259185.950, 109
Trd, 259186.150, 109
Trd, 259186.183, 107
Trd, 259186.250, 104
Trd, 259186.700, 107
Trd, 259186.833, 99
Trd, 259187.083, 91
Trd, 259187.117, 117
Trd, 259187.233, 97
Trd, 259187.250, 90
Trd, 259187.550, 89
Trd, 259187.867, 81
Trd, 259188.483, 106
Trd, 259188.833, 84
Trd, 259188.883, 81
Trd, 259189.050, 92
Trd, 259189.067, 74
Trd, 259189.517, 100
Trd, 259189.717, 90
Trd, 259189.933, 132
Trd, 259190.333, 114
Trd, 259190.483, 112
Trd, 259190.617, 126
Trd, 259190.867, 122
Trd, 259191.150, 119
Trd, 259191.483, 133
Trd, 259191.500, 118
Trd, 259192.017, 121
Trd, 259192.150, 111
Trd, 259192.367, 119
Trd, 259192.433, 111
Trd, 259192.800, 128
Trd, 259193.050, 135
Trd, 259193.300, 126
Trd, 259194.350, 136
Trd, 259194.950, 136
Trd, 259194.983, 135
Trd, 259195.017, 126
Trd, 259195.150, 121
Trd, 259195.350, 122
Trd, 259195.400, 126
Trd, 259195.433, 116
Trd, 259195.467, 110
Trd, 259195.717, 107
Trd, 259195.967, 105
Trd, 259196.267, 121
Trd, 259196.467, 112
Trd, 259196.500, 122
Trd, 259196.633, 112
Trd, 259197.117, 129
Trd, 259197.400, 115
Trd, 259197.617, 133
Trd, 259198.033, 115
Trd, 259198.200, 111
Trd, 259198.617, 111
Trd, 259198.750, 106
Trd, 259199.133, 126
Trd, 259199.717, 138
Trd, 259199.883, 131
