Trd, 258572.217, 110
Trd, 258572.400, 106
Trd, 258572.617, 100
Trd, 258572.767, 99
Trd, 258573.100, 115
Trd, 258573.150, 130
Trd, 258573.183, 133
Trd, 258573.450, 110
Trd, 258573.850, 139
Trd, 258573.867, 128
Trd, 258574.200, 124
Trd, 258574.583, 123
Trd, 258574.650, 108
Trd, 258574.683, 94
Trd, 258574.800, 97
Trd, 258575.700, 112
Trd, 258575.750, 116
Trd, 258576.017, 122
Trd, 258576.217, 114
Trd, 258577.300, 130
Trd, 258577.517, 130
Trd, 258577.583, 129
Trd, 258577.667, 123
Trd, 258578.000, 140
Trd, 258578.150, 138
Trd, 258578.400, 136
Trd, 258578.433, 136
Trd, 258578.833, 120
Trd, 258579.133, 129
Trd, 258579.200, 113
Trd, 258579.450, 112
Trd, 258579.667, 140
Trd, 258580.033, 134
Trd, 258580.050, 125
Trd, 258580.600, 119
Trd, 258580.833, 117
Trd, 258580.850, 115
Trd, 258581.000, 103
Trd, 258581.533, 137
Trd, 258581.833, 108
Trd, 258582.100, 110
Trd, 258582.483, 139
Trd, 258582.650, 131
Trd, 258582.683, 130
Trd, 258583.017, 127
Trd, 258583.150, 113
Trd, 258584.267, 140
Trd, 258584.567, 139
Trd, 258584.633, 135
Trd, 258585.333, 125
Trd, 258585.467, 124
Trd, 258585.517, 117
Trd, 258585.650, 133
Trd, 258585.767, 115
Trd, 258586.567, 121
Trd, 258586.733, 120
Trd, 258586.867, 131
Trd, 258586.950, 95
Trd, 258587.167, 112
Trd, 258587.283, 94
Trd, 258587.733, 124
Trd, 258587.900, 127
Trd, 258588.233, 120
Trd, 258588.350, 133
Trd, 258588.483, 117
Trd, 258588.500, 109
Trd, 258588.783, 99
Trd, 258588.900, 102
Trd, 258588.917, 135
Trd, 258589.283, 137
Trd, 258589.467, 119
Trd, 258590.183, 131
Trd, 258590.283, 118
Trd, 258590.383, 113
Trd, 258590.567, 111
Trd, 258590.717, 131
Trd, 258590.767, 134
Trd, 258591.533, 103
Trd, 258591.583, 97
Trd, 258591.667, 118
Trd, 258591.683, 88
Trd, 258591.933, 106
Trd, 258592.533, 114
Trd, 258592.550, 94
Trd, 258592.683, 111
Trd, 258592.700, 93
Trd, 258592.767, 74
Trd, 258593.183, 85
Trd, 258593.217, 86
Trd, 258593.517, 124
Trd, 258594.300, 128
Trd, 258594.633, 132
Trd, 258594.750, 122
Trd, 258595.433, 115
Trd, 258595.450, 113
Trd, 258595.567, 136
Trd, 258595.583, 107
Trd, 258595.633, 133
Trd, 258595.667, 105
Trd, 258595.950, 97
Trd, 258595.967, 96
Trd, 258596.017, 107
Trd, 258596.467, 93
Trd, 258596.567, 129
Trd, 258596.783, 128
Trd, 258596.883, 89
Trd, 258597.233, 104
Trd, 258597.450, 103
Trd, 258597.967, 136
Trd, 258598.167, 115
Trd, 258598.650, 136
Trd, 258599.233, 135
Trd, 258599.500, 140
Trd, 258599.883, 120
Trd, 258600.067, 119
Trd, 258600.333, 122
Trd, 258600.917, 120
Trd, 258601.133, 119
Trd, 258601.350, 139
Trd, 258601.550, 119
Trd, 258601.617, 136
Trd, 258601.933, 122
Trd, 258602.067, 117
Trd, 258602.117, 114
Trd, 258602.283, 128
Trd, 258602.317, 112
Trd, 258602.583, 109
Trd, 258603.233, 140
Trd, 258603.317, 136
Trd, 258603.350, 135
Trd, 258603.467, 139
Trd, 258603.750, 138
Trd, 258603.817, 127
Trd, 258604.900, 121
Trd, 258604.983, 130
Trd, 258605.417, 121
Trd, 258605.533, 136
Trd, 258605.850, 118
Trd, 258605.983, 113
Trd, 258606.400, 140
Trd, 258606.433, 129
Trd, 258607.000, 117
Trd, 258607.083, 112
Trd, 258607.217, 108
Trd, 258607.250, 103
Trd, 258607.817, 103
Trd, 258607.883, 101
Trd, 258607.983, 102
Trd, 258608.050, 101
Trd, 258608.250, 138
Trd, 258608.350, 99
Trd, 258608.517, 97
Trd, 258608.650, 93
Trd, 258608.850, 140
Trd, 258610.550, 139
Trd, 258610.567, 134
Trd, 258610.683, 130
Trd, 258610.833, 122
Trd, 258611.300, 107
Trd, 258611.367, 105
Trd, 258611.567, 96
Trd, 258611.900, 93
Trd, 258612.117, 113
Trd, 258612.267, 111
Trd, 258612.367, 98
Trd, 258613.100, 94
Trd, 258613.133, 119
Trd, 258613.200, 138
Trd, 258614.133, 121
Trd, 258614.567, 123
Trd, 258614.900, 132
Trd, 258614.983, 128
Trd, 258615.100, 118
Trd, 258615.117, 135
Trd, 258615.967, 120
Trd, 258616.067, 119
Trd, 258616.267, 117
Trd, 258616.483, 137
Trd, 258616.883, 137
Trd, 258617.250, 129
Trd, 258617.500, 136
Trd, 258617.717, 135
Trd, 258617.850, 133
Trd, 258618.067, 133
Trd, 258618.333, 132
Trd, 258618.950, 131
Trd, 258619.050, 125
Trd, 258619.083, 102
Trd, 258619.450, 134
Trd, 258619.483, 129
Trd, 258619.600, 105
Trd, 258620.033, 103
Trd, 258620.150, 124
Trd, 258620.267, 101
Trd, 258620.800, 121
Trd, 258621.000, 126
Trd, 258621.817, 133
Trd, 258622.200, 139
Trd, 258622.333, 122
Trd, 258622.550, 140
Trd, 258622.567, 103
Trd, 258622.967, 126
Trd, 258623.183, 126
Trd, 258623.500, 120
Trd, 258624.000, 135
Trd, 258624.267, 128
Trd, 258625.050, 135
Trd, 258625.533, 122
Trd, 258625.617, 111
Trd, 258625.833, 110
Trd, 258626.367, 140
Trd, 258626.783, 139
Trd, 258626.800, 134
Trd, 258627.233, 124
Trd, 258627.550, 124
Trd, 258627.633, 115
Trd, 258628.067, 121
Trd, 258628.417, 122
Trd, 258628.517, 121
Trd, 258628.650, 115
Trd, 258628.800, 109
Trd, 258629.033, 109
Trd, 258629.233, 108
Trd, 258629.283, 99
Trd, 258629.417, 104
Trd, 258629.633, 107
Trd, 258630.183, 128
Trd, 258630.267, 124
Trd, 258630.850, 140
Trd, 258631.033, 138
Trd, 258631.367, 133
Trd, 258631.383, 128
Trd, 258631.850, 132
Trd, 258631.983, 135
Trd, 258632.233, 112
Trd, 258632.700, 135
Trd, 258632.800, 122
Trd, 258633.150, 122
Trd, 258634.017, 139
Trd, 258634.033, 131
Trd, 258634.250, 130
Trd, 258634.283, 128
Trd, 258634.417, 131
Trd, 258634.800, 115
Trd, 258634.983, 118
Trd, 258635.467, 122
Trd, 258635.733, 126
Trd, 258635.867, 119
Trd, 258636.033, 114
Trd, 258636.650, 135
Trd, 258636.800, 129
Trd, 258637.483, 118
Trd, 258637.517, 108
Trd, 258637.550, 108
Trd, 258637.800, 113
Trd, 258637.967, 120
Trd, 258638.067, 102
Trd, 258638.400, 110
Trd, 258638.583, 122
Trd, 258639.083, 125
Trd, 258639.150, 124
Trd, 258639.183, 119
Trd, 258639.233, 130
Trd, 258639.783, 133
Trd, 258640.400, 140
Trd, 258640.517, 139
Trd, 258640.883, 128
Trd, 258641.217, 128
Trd, 258641.350, 118
Trd, 258641.933, 98
Trd, 258642.367, 140
Trd, 258642.450, 98
Trd, 258642.550, 126
Trd, 258642.867, 107
Trd, 258643.017, 131
Trd, 258643.300, 112
Trd, 258643.317, 111
Trd, 258643.700, 108
Trd, 258643.733, 122
Trd, 258644.633, 123
Trd, 258644.850, 122
Trd, 258644.917, 119
Trd, 258645.017, 117
Trd, 258645.067, 134
Trd, 258645.183, 116
Trd, 258645.383, 114
Trd, 258645.600, 123
Trd, 258646.017, 138
Trd, 258646.283, 134
Trd, 258646.317, 101
Trd, 258646.617, 101
Trd, 258647.317, 107
Trd, 258647.333, 106
Trd, 258647.517, 100
Trd, 258647.917, 128
Trd, 258647.983, 127
Trd, 258648.317, 119
Trd, 258648.350, 113
Trd, 258648.433, 124
Trd, 258648.567, 139
Trd, 258648.733, 129
Trd, 258648.850, 110
Trd, 258649.283, 140
Trd, 258650.183, 140
Trd, 258650.450, 124
Trd, 258650.483, 123
Trd, 258650.633, 132
Trd, 258650.850, 134
Trd, 258651.433, 137
Trd, 258651.600, 137
Trd, 258651.850, 128
Trd, 258652.000, 128
Trd, 258652.267, 133
Trd, 258652.433, 124
Trd, 258652.750, 125
Trd, 258653.017, 123
Trd, 258653.183, 114
Trd, 258653.400, 113
Trd, 258653.617, 110
Trd, 258653.783, 109
Trd, 258653.900, 106
Trd, 258654.033, 134
Trd, 258654.050, 82
Trd, 258654.783, 128
Trd, 258654.850, 122
Trd, 258654.883, 137
Trd, 258655.333, 95
Trd, 258655.783, 97
Trd, 258656.117, 140
Trd, 258656.267, 120
Trd, 258656.400, 119
Trd, 258656.550, 125
Trd, 258656.600, 108
Trd, 258656.733, 100
Trd, 258657.117, 136
Trd, 258657.600, 135
Trd, 258657.683, 124
Trd, 258657.883, 111
Trd, 258658.017, 128
Trd, 258658.233, 138
Trd, 258658.633, 110
Trd, 258658.750, 115
Trd, 258658.900, 138
Trd, 258659.033, 134
Trd, 258659.183, 125
Trd, 258659.200, 109
Trd, 258659.417, 109
Trd, 258660.067, 140
Trd, 258660.367, 97
Trd, 258661.017, 111
Trd, 258661.383, 115
Trd, 258661.433, 110
Trd, 258661.633, 121
Trd, 258661.700, 113
Trd, 258661.717, 106
Trd, 258661.983, 135
Trd, 258662.633, 139
Trd, 258662.850, 134
Trd, 258662.950, 131
Trd, 258663.017, 129
Trd, 258663.833, 119
Trd, 258664.300, 110
Trd, 258664.550, 105
Trd, 258664.833, 140
Trd, 258665.150, 140
Trd, 258665.167, 134
Trd, 258665.367, 131
Trd, 258665.567, 122
Trd, 258665.817, 110
Trd, 258666.000, 108
Trd, 258666.033, 108
Trd, 258666.100, 125
Trd, 258666.267, 109
Trd, 258666.817, 136
Trd, 258667.500, 124
Trd, 258667.967, 131
Trd, 258668.067, 106
Trd, 258668.167, 138
Trd, 258668.283, 122
Trd, 258668.600, 103
Trd, 258668.633, 96
Trd, 258668.700, 118
Trd, 258668.750, 87
Trd, 258669.583, 89
Trd, 258670.100, 86
Trd, 258670.300, 90
Trd, 258670.567, 81
Trd, 258670.617, 70
Trd, 258670.783, 92
Trd, 258670.883, 93
Trd, 258671.033, 84
Trd, 258671.050, 121
Trd, 258671.383, 89
Trd, 258671.583, 98
Trd, 258672.233, 131
Trd, 258672.683, 126
Trd, 258672.867, 124
Trd, 258672.900, 105
Trd, 258673.050, 140
Trd, 258673.467, 109
Trd, 258673.533, 129
Trd, 258673.917, 124
Trd, 258673.933, 103
Trd, 258674.267, 128
Trd, 258674.350, 99
Trd, 258674.383, 94
Trd, 258674.400, 91
Trd, 258674.467, 88
Trd, 258674.600, 89
Trd, 258675.867, 129
Trd, 258676.183, 135
Trd, 258676.333, 131
Trd, 258676.400, 134
Trd, 258676.583, 127
Trd, 258676.983, 133
Trd, 258677.150, 124
Trd, 258677.400, 119
Trd, 258677.417, 133
Trd, 258677.833, 118
Trd, 258678.100, 116
Trd, 258678.417, 133
Trd, 258678.450, 124
Trd, 258678.600, 134
Trd, 258678.717, 117
Trd, 258678.800, 131
Trd, 258679.283, 122
Trd, 258679.750, 112
Trd, 258679.767, 109
Trd, 258680.150, 116
Trd, 258680.250, 111
Trd, 258680.450, 75
Trd, 258680.483, 94
Trd, 258680.750, 74
Trd, 258680.933, 87
Trd, 258680.950, 80
Trd, 258681.033, 131
Trd, 258681.517, 140
Trd, 258681.850, 140
Trd, 258682.067, 115
Trd, 258682.783, 136
Trd, 258682.817, 114
Trd, 258682.950, 92
Trd, 258683.100, 98
Trd, 258683.300, 81
Trd, 258683.433, 80
Trd, 258683.467, 67
Trd, 258683.567, 128
Trd, 258683.667, 100
Trd, 258683.983, 78
Trd, 258684.267, 124
Trd, 258684.450, 78
Trd, 258684.600, 78
Trd, 258685.217, 133
Trd, 258685.567, 85
Trd, 258685.600, 81
Trd, 258686.283, 76
Trd, 258686.400, 78
Trd, 258686.683, 74
Trd, 258687.067, 80
Trd, 258687.283, 100
Trd, 258687.967, 108
Trd, 258688.050, 107
Trd, 258688.100, 114
Trd, 258688.150, 115
Trd, 258688.283, 118
Trd, 258688.450, 114
Trd, 258689.100, 128
Trd, 258689.267, 113
Trd, 258689.733, 108
Trd, 258689.800, 98
Trd, 258689.900, 85
Trd, 258689.933, 114
Trd, 258690.100, 119
Trd, 258690.333, 116
Trd, 258690.517, 114
Trd, 258690.550, 91
Trd, 258690.633, 75
Trd, 258690.667, 75
Trd, 258691.117, 134
Trd, 258691.400, 134
Trd, 258691.617, 127
Trd, 258691.900, 118
Trd, 258692.533, 140
Trd, 258692.717, 140
Trd, 258693.000, 132
Trd, 258693.250, 131
Trd, 258693.383, 126
Trd, 258693.500, 121
Trd, 258694.217, 108
Trd, 258694.233, 108
Trd, 258695.000, 109
Trd, 258695.100, 115
Trd, 258695.150, 101
Trd, 258695.617, 120
Trd, 258696.017, 115
Trd, 258696.283, 131
Trd, 258696.383, 119
Trd, 258697.233, 140
Trd, 258697.433, 124
Trd, 258697.567, 135
Trd, 258697.683, 125
Trd, 258697.950, 126
Trd, 258697.967, 125
Trd, 258697.983, 118
Trd, 258698.267, 127
Trd, 258698.700, 140
Trd, 258698.850, 131
Trd, 258699.600, 138
Trd, 258699.700, 128
Trd, 258700.017, 127
Trd, 258701.433, 118
Trd, 258701.450, 117
Trd, 258701.583, 135
Trd, 258701.967, 131
Trd, 258702.100, 140
Trd, 258702.167, 140
Trd, 258702.333, 137
Trd, 258702.617, 140
Trd, 258702.750, 133
Trd, 258703.100, 121
Trd, 258703.417, 131
Trd, 258703.500, 108
Trd, 258703.817, 126
Trd, 258703.900, 130
Trd, 258703.933, 117
Trd, 258704.217, 111
Trd, 258704.900, 116
Trd, 258705.017, 104
Trd, 258705.167, 140
Trd, 258705.183, 116
Trd, 258705.700, 116
Trd, 258705.917, 126
Trd, 258706.100, 135
Trd, 258706.133, 118
Trd, 258706.367, 140
Trd, 258706.400, 115
Trd, 258706.550, 103
Trd, 258707.150, 103
Trd, 258708.000, 98
Trd, 258708.050, 98
Trd, 258708.183, 109
Trd, 258708.217, 122
Trd, 258708.283, 96
Trd, 258708.550, 106
Trd, 258709.333, 108
Trd, 258709.467, 107
Trd, 258709.583, 121
Trd, 258709.633, 112
Trd, 258709.950, 123
Trd, 258710.100, 105
Trd, 258710.283, 120
Trd, 258710.317, 104
Trd, 258711.150, 135
Trd, 258711.367, 133
Trd, 258711.717, 140
Trd, 258711.900, 140
Trd, 258712.183, 140
Trd, 258712.200, 132
Trd, 258712.250, 131
Trd, 258712.417, 129
Trd, 258712.533, 123
Trd, 258713.500, 138
Trd, 258713.517, 117
Trd, 258713.833, 123
Trd, 258713.900, 118
Trd, 258714.483, 121
Trd, 258714.533, 122
Trd, 258714.550, 96
Trd, 258714.683, 112
Trd, 258714.967, 84
Trd, 258715.100, 126
Trd, 258715.517, 114
Trd, 258715.867, 123
Trd, 258715.967, 114
Trd, 258716.317, 119
Trd, 258716.517, 118
Trd, 258717.067, 140
Trd, 258717.233, 136
Trd, 258717.733, 140
Trd, 258717.917, 129
Trd, 258718.017, 123
Trd, 258718.783, 135
Trd, 258719.000, 136
Trd, 258719.100, 130
Trd, 258719.300, 130
Trd, 258719.333, 122
Trd, 258719.983, 132
Trd, 258720.067, 130
Trd, 258720.450, 127
Trd, 258720.883, 123
Trd, 258721.017, 116
Trd, 258721.783, 129
Trd, 258722.350, 131
Trd, 258722.483, 117
Trd, 258722.533, 136
Trd, 258722.567, 111
Trd, 258722.733, 103
Trd, 258722.883, 104
Trd, 258722.983, 102
Trd, 258723.550, 109
Trd, 258723.650, 93
Trd, 258723.867, 136
Trd, 258723.933, 137
Trd, 258724.250, 129
Trd, 258724.750, 136
Trd, 258724.783, 135
Trd, 258724.817, 122
Trd, 258724.900, 124
Trd, 258725.383, 121
Trd, 258726.000, 135
Trd, 258726.100, 132
Trd, 258726.133, 131
Trd, 258726.350, 126
Trd, 258726.400, 118
Trd, 258726.483, 116
Trd, 258727.150, 123
Trd, 258727.267, 109
Trd, 258727.317, 107
Trd, 258727.450, 101
Trd, 258727.600, 98
Trd, 258727.700, 137
Trd, 258728.100, 120
Trd, 258728.167, 117
Trd, 258728.400, 139
Trd, 258728.683, 123
Trd, 258728.950, 116
Trd, 258729.033, 90
Trd, 258729.600, 110
Trd, 258729.683, 96
Trd, 258730.483, 113
Trd, 258731.317, 134
Trd, 258731.550, 133
Trd, 258731.700, 115
Trd, 258732.217, 135
Trd, 258732.533, 110
Trd, 258732.583, 109
Trd, 258732.717, 108
Trd, 258732.783, 100
Trd, 258733.100, 123
Trd, 258733.467, 119
Trd, 258733.550, 124
Trd, 258733.683, 123
Trd, 258733.900, 113
Trd, 258734.167, 139
Trd, 258734.350, 129
Trd, 258734.483, 119
Trd, 258734.583, 117
Trd, 258734.683, 114
Trd, 258735.200, 140
Trd, 258735.250, 113
Trd, 258735.783, 110
Trd, 258735.900, 134
Trd, 258736.067, 136
Trd, 258736.500, 95
Trd, 258737.183, 117
Trd, 258737.417, 131
Trd, 258737.617, 137
Trd, 258737.850, 104
Trd, 258738.033, 110
Trd, 258738.200, 103
Trd, 258738.467, 101
Trd, 258738.550, 126
Trd, 258738.983, 125
Trd, 258739.000, 128
Trd, 258739.417, 139
Trd, 258739.667, 124
Trd, 258740.033, 138
Trd, 258740.383, 128
Trd, 258740.700, 140
Trd, 258740.750, 126
Trd, 258741.067, 125
Trd, 258741.150, 123
Trd, 258741.233, 127
Trd, 258741.600, 121
Trd, 258741.633, 117
Trd, 258741.667, 115
Trd, 258741.983, 127
Trd, 258742.050, 113
Trd, 258742.117, 119
Trd, 258742.317, 124
Trd, 258742.617, 113
Trd, 258742.867, 108
Trd, 258743.117, 102
Trd, 258743.200, 89
Trd, 258743.500, 110
Trd, 258743.633, 128
Trd, 258743.817, 130
Trd, 258743.983, 99
Trd, 258744.750, 125
Trd, 258745.083, 111
Trd, 258745.133, 101
Trd, 258745.267, 126
Trd, 258745.867, 108
Trd, 258746.033, 107
Trd, 258746.350, 137
Trd, 258746.583, 99
Trd, 258746.783, 124
Trd, 258746.933, 123
Trd, 258747.067, 89
Trd, 258747.417, 130
Trd, 258747.600, 124
Trd, 258748.083, 121
Trd, 258748.700, 136
Trd, 258748.750, 135
Trd, 258748.900, 118
Trd, 258748.917, 115
Trd, 258749.433, 122
Trd, 258749.683, 129
Trd, 258749.867, 128
Trd, 258750.000, 114
Trd, 258750.817, 104
Trd, 258750.967, 97
Trd, 258751.050, 94
Trd, 258751.133, 96
Trd, 258751.283, 86
Trd, 258751.567, 116
Trd, 258751.733, 111
Trd, 258752.133, 97
Trd, 258752.150, 116
Trd, 258752.867, 118
Trd, 258752.917, 115
Trd, 258752.967, 127
Trd, 258753.067, 134
Trd, 258753.467, 95
Trd, 258753.600, 99
Trd, 258753.717, 98
Trd, 258754.083, 94
Trd, 258754.167, 119
Trd, 258754.333, 118
Trd, 258754.517, 100
Trd, 258754.667, 136
Trd, 258755.117, 140
Trd, 258755.250, 127
Trd, 258755.600, 137
Trd, 258755.750, 124
Trd, 258756.633, 132
Trd, 258756.750, 128
Trd, 258756.817, 124
Trd, 258756.833, 121
Trd, 258757.317, 140
Trd, 258757.850, 140
Trd, 258757.983, 132
Trd, 258758.083, 131
Trd, 258758.167, 116
Trd, 258758.333, 125
Trd, 258758.767, 138
Trd, 258758.967, 127
Trd, 258758.983, 100
Trd, 258759.267, 74
Trd, 258759.583, 96
Trd, 258759.683, 74
Trd, 258760.867, 79
Trd, 258761.117, 83
Trd, 258761.333, 91
Trd, 258761.433, 93
Trd, 258761.467, 71
Trd, 258761.500, 103
Trd, 258761.517, 67
Trd, 258761.867, 129
Trd, 258762.200, 115
Trd, 258762.283, 131
Trd, 258762.383, 110
Trd, 258762.850, 134
Trd, 258762.917, 126
Trd, 258763.233, 128
Trd, 258763.317, 114
Trd, 258763.567, 133
Trd, 258763.850, 140
Trd, 258764.000, 108
Trd, 258764.167, 131
Trd, 258764.317, 128
Trd, 258764.500, 122
Trd, 258764.950, 120
Trd, 258765.083, 116
Trd, 258765.333, 138
Trd, 258765.400, 132
Trd, 258766.033, 135
Trd, 258766.150, 139
Trd, 258766.183, 126
Trd, 258766.850, 140
Trd, 258767.417, 112
Trd, 258767.650, 111
Trd, 258767.717, 108
Trd, 258768.067, 128
Trd, 258768.250, 133
Trd, 258768.333, 108
Trd, 258768.583, 124
Trd, 258768.600, 123
Trd, 258768.700, 106
Trd, 258769.150, 119
Trd, 258769.217, 114
Trd, 258769.400, 104
Trd, 258769.483, 101
Trd, 258769.567, 130
Trd, 258769.850, 134
Trd, 258769.950, 129
Trd, 258770.550, 116
Trd, 258771.017, 125
Trd, 258771.217, 106
Trd, 258771.233, 100
Trd, 258771.517, 129
Trd, 258771.700, 111
Trd, 258772.683, 94
Trd, 258773.033, 93
Trd, 258773.183, 108
Trd, 258773.450, 93
Trd, 258773.700, 92
Trd, 258773.733, 91
Trd, 258773.933, 99
Trd, 258774.317, 97
Trd, 258774.367, 93
Trd, 258774.467, 88
Trd, 258774.867, 132
Trd, 258775.100, 140
Trd, 258775.383, 121
Trd, 258776.033, 117
Trd, 258776.083, 109
Trd, 258776.533, 118
Trd, 258776.667, 108
Trd, 258776.833, 123
Trd, 258777.033, 138
Trd, 258777.967, 132
Trd, 258778.000, 132
Trd, 258778.033, 126
Trd, 258778.150, 116
Trd, 258778.417, 124
Trd, 258778.517, 115
Trd, 258778.600, 114
Trd, 258778.700, 113
Trd, 258778.867, 133
Trd, 258778.900, 113
Trd, 258778.933, 112
Trd, 258779.383, 110
Trd, 258779.900, 133
Trd, 258779.933, 111
Trd, 258780.017, 107
Trd, 258780.433, 124
Trd, 258780.517, 110
Trd, 258780.833, 110
Trd, 258780.967, 129
Trd, 258781.333, 109
Trd, 258781.617, 99
Trd, 258782.117, 100
Trd, 258782.433, 93
Trd, 258782.450, 119
Trd, 258782.650, 94
Trd, 258782.667, 118
Trd, 258782.717, 120
Trd, 258782.900, 96
Trd, 258783.583, 117
Trd, 258784.217, 125
Trd, 258784.300, 127
Trd, 258784.333, 138
Trd, 258784.350, 111
Trd, 258785.067, 83
Trd, 258785.167, 85
Trd, 258785.217, 111
Trd, 258785.700, 137
Trd, 258786.083, 140
Trd, 258786.233, 133
Trd, 258786.467, 129
Trd, 258786.783, 136
Trd, 258786.850, 127
Trd, 258786.883, 123
Trd, 258787.350, 98
Trd, 258787.567, 122
Trd, 258787.650, 102
Trd, 258787.733, 101
Trd, 258787.900, 130
Trd, 258788.417, 130
Trd, 258788.600, 111
Trd, 258789.267, 134
Trd, 258789.483, 131
Trd, 258789.900, 133
Trd, 258790.117, 137
Trd, 258790.300, 128
Trd, 258790.383, 127
Trd, 258790.450, 120
Trd, 258790.917, 124
Trd, 258791.033, 123
Trd, 258791.133, 108
Trd, 258791.517, 111
Trd, 258792.133, 115
Trd, 258792.150, 101
Trd, 258792.483, 100
Trd, 258792.533, 100
Trd, 258792.783, 108
Trd, 258792.967, 112
Trd, 258793.250, 138
Trd, 258793.850, 140
Trd, 258794.050, 138
Trd, 258794.117, 125
Trd, 258794.133, 120
Trd, 258794.183, 114
Trd, 258794.217, 137
Trd, 258794.700, 133
Trd, 258794.850, 112
Trd, 258795.067, 106
Trd, 258795.217, 121
Trd, 258795.433, 140
Trd, 258795.650, 123
Trd, 258796.150, 104
Trd, 258796.183, 96
Trd, 258796.200, 92
Trd, 258796.233, 111
Trd, 258796.400, 111
Trd, 258796.667, 121
Trd, 258796.717, 103
Trd, 258796.817, 90
Trd, 258797.117, 81
Trd, 258797.150, 77
Trd, 258797.583, 87
Trd, 258797.850, 62
Trd, 258798.550, 90
Trd, 258798.700, 133
Trd, 258798.733, 95
Trd, 258799.117, 78
Trd, 258799.250, 75
Trd, 258800.150, 87
Trd, 258801.600, 140
Trd, 258801.667, 139
Trd, 258801.900, 140
Trd, 258801.950, 130
Trd, 258802.067, 129
Trd, 258802.583, 139
Trd, 258802.667, 134
Trd, 258803.250, 134
Trd, 258803.483, 133
Trd, 258803.517, 132
Trd, 258804.100, 135
Trd, 258804.250, 126
Trd, 258804.367, 122
Trd, 258804.400, 119
Trd, 258804.617, 124
Trd, 258804.717, 116
Trd, 258805.233, 119
Trd, 258805.300, 106
Trd, 258805.667, 94
Trd, 258805.700, 125
Trd, 258805.783, 87
Trd, 258806.067, 114
Trd, 258806.517, 102
Trd, 258806.617, 79
Trd, 258807.017, 116
Trd, 258807.267, 132
Trd, 258807.617, 139
Trd, 258808.067, 128
Trd, 258808.433, 116
Trd, 258808.833, 116
Trd, 258809.000, 140
Trd, 258809.083, 140
Trd, 258809.400, 118
Trd, 258809.483, 127
Trd, 258809.667, 115
Trd, 258810.550, 126
Trd, 258810.700, 125
Trd, 258810.850, 119
Trd, 258811.283, 127
Trd, 258811.583, 114
Trd, 258811.733, 121
Trd, 258811.983, 121
Trd, 258812.050, 116
Trd, 258812.083, 123
Trd, 258812.150, 112
Trd, 258812.450, 140
Trd, 258812.650, 133
Trd, 258812.800, 116
Trd, 258813.033, 109
Trd, 258813.250, 103
Trd, 258813.267, 105
Trd, 258813.367, 104
Trd, 258813.833, 114
Trd, 258813.850, 103
Trd, 258813.967, 83
Trd, 258814.000, 125
Trd, 258814.500, 109
Trd, 258814.717, 114
Trd, 258814.800, 119
Trd, 258814.850, 139
Trd, 258815.500, 108
Trd, 258815.800, 101
Trd, 258816.583, 137
Trd, 258817.133, 140
Trd, 258817.567, 139
Trd, 258818.350, 140
Trd, 258818.467, 140
Trd, 258818.967, 140
Trd, 258819.083, 140
Trd, 258819.183, 129
Trd, 258819.483, 139
Trd, 258819.650, 138
Trd, 258820.000, 132
Trd, 258820.050, 129
Trd, 258820.767, 120
Trd, 258820.950, 122
Trd, 258821.017, 118
Trd, 258821.133, 117
Trd, 258821.183, 116
Trd, 258821.450, 133
Trd, 258821.483, 112
Trd, 258821.583, 107
Trd, 258821.783, 132
Trd, 258822.267, 130
Trd, 258822.617, 123
Trd, 258822.883, 110
Trd, 258823.133, 107
Trd, 258823.333, 100
Trd, 258823.433, 121
Trd, 258823.633, 139
Trd, 258823.900, 100
Trd, 258824.067, 138
Trd, 258824.183, 91
Trd, 258824.250, 93
Trd, 258824.383, 90
Trd, 258824.767, 95
Trd, 258825.217, 114
Trd, 258825.250, 122
Trd, 258825.433, 91
Trd, 258825.767, 79
Trd, 258826.383, 114
Trd, 258826.400, 85
Trd, 258826.433, 78
Trd, 258826.450, 117
Trd, 258826.550, 120
Trd, 258826.700, 122
Trd, 258827.433, 139
Trd, 258827.633, 135
Trd, 258828.017, 113
Trd, 258828.667, 124
Trd, 258829.817, 140
Trd, 258829.983, 140
Trd, 258830.033, 140
Trd, 258830.283, 133
Trd, 258830.550, 131
Trd, 258830.583, 131
Trd, 258830.617, 127
Trd, 258830.650, 124
Trd, 258830.783, 124
Trd, 258830.900, 138
Trd, 258830.967, 140
Trd, 258831.733, 133
Trd, 258832.033, 133
Trd, 258832.183, 128
Trd, 258832.333, 117
Trd, 258832.350, 116
Trd, 258832.517, 111
Trd, 258832.533, 112
Trd, 258832.617, 130
Trd, 258832.700, 124
Trd, 258833.117, 121
Trd, 258833.167, 95
Trd, 258833.483, 101
Trd, 258834.200, 110
Trd, 258834.267, 109
Trd, 258834.483, 94
Trd, 258834.517, 116
Trd, 258834.967, 111
Trd, 258835.150, 130
Trd, 258835.517, 140
Trd, 258836.000, 124
Trd, 258836.017, 121
Trd, 258836.100, 113
Trd, 258836.117, 111
Trd, 258836.450, 98
Trd, 258836.550, 93
Trd, 258836.683, 75
Trd, 258837.017, 135
Trd, 258837.033, 134
Trd, 258837.267, 133
Trd, 258837.283, 127
Trd, 258837.417, 139
Trd, 258837.500, 102
Trd, 258838.300, 114
Trd, 258838.467, 120
Trd, 258838.817, 109
Trd, 258838.917, 108
Trd, 258839.033, 85
Trd, 258840.000, 140
Trd, 258840.133, 140
Trd, 258840.150, 140
Trd, 258840.200, 139
Trd, 258840.250, 138
Trd, 258840.400, 110
Trd, 258840.650, 103
Trd, 258841.750, 124
Trd, 258842.467, 140
Trd, 258842.633, 137
Trd, 258842.767, 130
Trd, 258842.900, 135
Trd, 258843.367, 107
Trd, 258843.917, 101
Trd, 258843.933, 111
Trd, 258844.517, 132
Trd, 258844.633, 117
Trd, 258844.933, 136
Trd, 258845.033, 135
Trd, 258845.067, 103
Trd, 258845.233, 93
Trd, 258845.367, 120
Trd, 258846.067, 84
Trd, 258846.750, 108
Trd, 258846.867, 102
Trd, 258847.067, 137
Trd, 258847.100, 135
Trd, 258847.117, 138
Trd, 258847.317, 132
Trd, 258847.450, 122
Trd, 258847.517, 118
Trd, 258847.617, 102
Trd, 258847.650, 111
Trd, 258847.700, 99
Trd, 258848.067, 97
Trd, 258848.483, 94
Trd, 258848.833, 119
Trd, 258849.250, 128
Trd, 258849.500, 125
Trd, 258849.633, 119
Trd, 258849.967, 100
Trd, 258850.000, 98
Trd, 258850.200, 130
Trd, 258850.400, 96
Trd, 258850.700, 114
Trd, 258851.067, 100
Trd, 258851.183, 116
Trd, 258851.350, 110
Trd, 258852.283, 125
Trd, 258852.450, 119
Trd, 258852.483, 115
Trd, 258852.717, 132
Trd, 258852.767, 111
Trd, 258852.900, 135
Trd, 258853.000, 118
Trd, 258853.183, 126
Trd, 258853.650, 112
Trd, 258853.783, 130
Trd, 258854.033, 100
Trd, 258854.333, 123
Trd, 258854.733, 138
Trd, 258855.000, 119
Trd, 258855.483, 138
Trd, 258855.800, 112
Trd, 258856.117, 114
Trd, 258856.133, 113
Trd, 258856.583, 130
Trd, 258857.433, 134
Trd, 258857.733, 138
Trd, 258858.083, 131
Trd, 258858.167, 139
Trd, 258858.283, 133
Trd, 258858.400, 124
Trd, 258858.617, 125
Trd, 258858.700, 116
Trd, 258859.133, 107
Trd, 258859.183, 109
Trd, 258859.350, 106
Trd, 258859.400, 106
Trd, 258859.683, 122
Trd, 258859.817, 121
Trd, 258859.850, 135
Trd, 258859.917, 95
Trd, 258860.350, 134
Trd, 258860.883, 133
Trd, 258860.983, 134
Trd, 258861.217, 100
Trd, 258861.900, 97
Trd, 258861.933, 95
Trd, 258862.483, 105
Trd, 258862.500, 91
Trd, 258863.417, 111
Trd, 258863.617, 122
Trd, 258863.700, 101
Trd, 258863.900, 95
Trd, 258864.200, 109
Trd, 258864.467, 93
Trd, 258864.867, 131
Trd, 258864.950, 121
Trd, 258865.050, 117
Trd, 258865.167, 116
Trd, 258865.267, 116
Trd, 258865.400, 138
Trd, 258865.567, 140
Trd, 258865.817, 99
Trd, 258866.650, 100
Trd, 258866.833, 96
Trd, 258866.917, 91
Trd, 258866.983, 91
Trd, 258867.117, 88
Trd, 258867.183, 84
Trd, 258867.217, 87
Trd, 258867.333, 88
Trd, 258867.733, 103
Trd, 258867.917, 122
Trd, 258868.433, 140
Trd, 258868.683, 140
Trd, 258868.817, 140
Trd, 258869.100, 128
Trd, 258869.167, 137
Trd, 258869.467, 125
Trd, 258869.667, 102
Trd, 258869.817, 111
Trd, 258870.067, 90
Trd, 258870.267, 116
Trd, 258870.683, 114
Trd, 258870.800, 100
Trd, 258871.050, 97
Trd, 258871.200, 92
Trd, 258871.800, 62
Trd, 258871.950, 67
Trd, 258872.067, 93
Trd, 258872.683, 65
Trd, 258873.417, 116
Trd, 258873.700, 123
Trd, 258873.733, 91
Trd, 258874.850, 117
Trd, 258874.900, 112
Trd, 258875.150, 121
Trd, 258875.217, 127
Trd, 258875.467, 123
Trd, 258875.817, 121
Trd, 258876.017, 116
Trd, 258877.067, 140
Trd, 258877.117, 140
Trd, 258877.183, 136
Trd, 258877.333, 139
Trd, 258877.350, 137
Trd, 258877.617, 139
Trd, 258877.683, 132
Trd, 258877.917, 131
Trd, 258877.983, 129
Trd, 258878.133, 132
Trd, 258879.183, 123
Trd, 258879.200, 121
Trd, 258879.500, 114
Trd, 258879.717, 134
Trd, 258879.817, 122
Trd, 258880.183, 137
Trd, 258880.433, 123
Trd, 258880.517, 123
Trd, 258880.633, 113
Trd, 258880.717, 136
Trd, 258880.800, 124
Trd, 258881.067, 135
Trd, 258881.150, 134
Trd, 258881.233, 133
Trd, 258881.367, 117
Trd, 258881.417, 109
Trd, 258882.367, 124
Trd, 258882.817, 131
Trd, 258882.950, 109
Trd, 258883.067, 108
Trd, 258883.683, 140
Trd, 258883.750, 140
Trd, 258884.217, 139
Trd, 258884.267, 131
Trd, 258884.617, 120
Trd, 258884.650, 116
Trd, 258885.050, 137
Trd, 258885.283, 113
Trd, 258886.267, 111
Trd, 258886.633, 105
Trd, 258886.700, 104
Trd, 258886.750, 114
Trd, 258887.017, 121
Trd, 258887.383, 136
Trd, 258887.567, 140
Trd, 258887.750, 139
Trd, 258887.783, 135
Trd, 258887.817, 133
Trd, 258887.933, 130
Trd, 258888.250, 124
Trd, 258888.550, 119
Trd, 258889.200, 128
Trd, 258889.650, 136
Trd, 258890.050, 121
Trd, 258890.250, 114
Trd, 258890.333, 123
Trd, 258890.450, 113
Trd, 258890.483, 112
Trd, 258891.100, 140
Trd, 258891.183, 122
Trd, 258892.083, 133
Trd, 258892.567, 137
Trd, 258892.767, 131
Trd, 258892.967, 126
Trd, 258893.333, 137
Trd, 258893.667, 117
Trd, 258893.983, 121
Trd, 258894.067, 116
Trd, 258894.117, 112
Trd, 258894.217, 110
Trd, 258894.250, 102
Trd, 258894.500, 123
Trd, 258895.167, 121
Trd, 258895.333, 115
Trd, 258895.533, 105
Trd, 258896.417, 118
Trd, 258896.450, 100
Trd, 258896.533, 105
Trd, 258896.900, 139
Trd, 258897.017, 127
Trd, 258897.067, 135
Trd, 258897.217, 137
Trd, 258897.600, 117
Trd, 258897.717, 124
Trd, 258897.850, 108
Trd, 258898.033, 118
Trd, 258898.067, 96
Trd, 258898.283, 110
Trd, 258898.750, 111
Trd, 258898.850, 105
Trd, 258899.250, 103
Trd, 258899.533, 100
Trd, 258899.583, 112
Trd, 258900.150, 121
Trd, 258900.417, 109
Trd, 258900.633, 106
Trd, 258900.650, 128
Trd, 258900.717, 99
Trd, 258900.883, 95
Trd, 258900.900, 95
Trd, 258901.050, 115
Trd, 258901.233, 102
Trd, 258901.533, 138
Trd, 258902.100, 130
Trd, 258902.283, 100
Trd, 258902.683, 121
Trd, 258902.817, 103
Trd, 258902.983, 122
Trd, 258903.567, 134
Trd, 258904.017, 131
Trd, 258904.583, 140
Trd, 258904.967, 139
Trd, 258904.983, 137
Trd, 258905.867, 136
Trd, 258905.900, 135
Trd, 258906.267, 135
Trd, 258906.917, 140
Trd, 258906.967, 136
Trd, 258907.467, 139
Trd, 258907.533, 138
Trd, 258907.650, 137
Trd, 258907.733, 129
Trd, 258908.183, 136
Trd, 258908.467, 134
Trd, 258908.500, 125
Trd, 258908.733, 123
Trd, 258909.217, 125
Trd, 258909.333, 123
Trd, 258909.400, 140
Trd, 258909.533, 114
Trd, 258910.167, 121
Trd, 258910.600, 113
Trd, 258910.633, 111
Trd, 258910.667, 110
Trd, 258910.683, 123
Trd, 258911.233, 140
Trd, 258911.583, 140
Trd, 258911.900, 122
Trd, 258912.017, 121
Trd, 258912.167, 133
Trd, 258912.750, 139
Trd, 258912.967, 131
Trd, 258913.650, 140
Trd, 258913.950, 131
Trd, 258914.050, 128
Trd, 258914.600, 140
Trd, 258914.700, 132
Trd, 258914.717, 131
Trd, 258914.800, 139
Trd, 258914.883, 122
Trd, 258915.433, 137
Trd, 258915.667, 132
Trd, 258916.183, 139
Trd, 258916.750, 139
Trd, 258917.050, 137
Trd, 258917.917, 140
Trd, 258918.133, 130
Trd, 258918.233, 124
Trd, 258918.267, 130
Trd, 258918.483, 130
Trd, 258918.817, 124
Trd, 258918.850, 123
Trd, 258919.333, 140
Trd, 258919.783, 139
Trd, 258920.233, 138
Trd, 258920.283, 137
Trd, 258920.433, 134
Trd, 258920.617, 122
Trd, 258920.800, 122
Trd, 258920.833, 123
Trd, 258921.017, 118
Trd, 258921.200, 99
Trd, 258921.500, 129
Trd, 258921.583, 125
Trd, 258921.600, 122
Trd, 258921.633, 122
Trd, 258921.767, 114
Trd, 258921.917, 128
Trd, 258922.050, 112
Trd, 258922.067, 75
Trd, 258922.933, 108
Trd, 258922.950, 110
Trd, 258923.083, 103
Trd, 258923.583, 131
Trd, 258923.617, 100
Trd, 258923.667, 107
Trd, 258924.017, 116
Trd, 258924.133, 113
Trd, 258924.600, 109
Trd, 258924.617, 108
Trd, 258925.017, 84
Trd, 258925.233, 101
Trd, 258925.250, 136
Trd, 258925.483, 86
Trd, 258925.633, 83
Trd, 258925.750, 130
Trd, 258925.783, 116
Trd, 258927.683, 140
Trd, 258927.767, 140
Trd, 258928.017, 140
Trd, 258928.117, 140
Trd, 258929.117, 140
Trd, 258929.200, 139
Trd, 258929.450, 140
Trd, 258929.750, 140
Trd, 258929.850, 140
Trd, 258930.500, 134
Trd, 258930.517, 136
Trd, 258930.533, 134
Trd, 258930.633, 119
Trd, 258930.783, 113
Trd, 258930.800, 113
Trd, 258930.933, 118
Trd, 258930.950, 110
Trd, 258931.467, 117
Trd, 258931.600, 107
Trd, 258931.917, 138
Trd, 258932.550, 126
Trd, 258932.767, 125
Trd, 258932.933, 125
Trd, 258932.950, 124
Trd, 258933.300, 121
Trd, 258933.317, 118
Trd, 258933.467, 117
Trd, 258933.600, 108
Trd, 258933.717, 127
Trd, 258933.750, 126
Trd, 258933.900, 120
Trd, 258934.067, 136
Trd, 258934.267, 122
Trd, 258934.483, 132
Trd, 258934.533, 122
Trd, 258935.367, 116
Trd, 258935.783, 140
Trd, 258935.800, 127
Trd, 258935.867, 122
Trd, 258936.067, 101
Trd, 258936.267, 95
Trd, 258936.467, 123
Trd, 258936.767, 124
Trd, 258937.733, 136
Trd, 258938.050, 130
Trd, 258938.600, 138
Trd, 258938.667, 128
Trd, 258939.100, 127
Trd, 258939.433, 140
Trd, 258939.933, 127
Trd, 258940.100, 133
Trd, 258940.167, 126
Trd, 258940.333, 118
Trd, 258940.400, 116
Trd, 258940.533, 99
Trd, 258941.650, 122
Trd, 258942.050, 140
Trd, 258942.100, 138
Trd, 258942.167, 113
Trd, 258942.250, 112
Trd, 258942.467, 110
Trd, 258942.667, 130
Trd, 258943.100, 130
Trd, 258943.183, 123
Trd, 258943.783, 138
Trd, 258944.067, 134
Trd, 258944.117, 133
Trd, 258944.183, 133
Trd, 258944.217, 131
Trd, 258944.283, 126
Trd, 258944.333, 114
Trd, 258945.083, 124
Trd, 258945.283, 119
Trd, 258945.417, 134
Trd, 258945.617, 121
Trd, 258945.733, 140
Trd, 258946.083, 115
Trd, 258946.383, 114
Trd, 258946.400, 116
Trd, 258946.900, 140
Trd, 258946.917, 139
Trd, 258946.933, 138
Trd, 258947.000, 134
Trd, 258947.433, 137
Trd, 258947.967, 118
Trd, 258948.100, 117
Trd, 258948.450, 140
Trd, 258948.567, 140
Trd, 258949.317, 119
Trd, 258949.400, 112
Trd, 258949.483, 113
Trd, 258949.633, 111
Trd, 258949.950, 122
Trd, 258950.200, 123
Trd, 258950.950, 134
Trd, 258951.050, 124
Trd, 258951.117, 111
Trd, 258951.850, 121
Trd, 258951.867, 121
Trd, 258952.167, 123
Trd, 258952.183, 120
Trd, 258952.200, 108
Trd, 258952.483, 128
Trd, 258952.583, 107
Trd, 258952.633, 104
Trd, 258953.167, 89
Trd, 258953.250, 108
Trd, 258953.433, 91
Trd, 258953.783, 93
Trd, 258953.833, 107
Trd, 258954.133, 102
Trd, 258954.383, 85
Trd, 258954.467, 107
Trd, 258954.533, 84
Trd, 258954.833, 111
Trd, 258954.900, 99
Trd, 258954.933, 95
Trd, 258955.050, 129
Trd, 258955.117, 89
Trd, 258955.533, 112
Trd, 258955.550, 103
Trd, 258956.383, 140
Trd, 258956.433, 109
Trd, 258956.650, 109
Trd, 258957.200, 140
Trd, 258957.767, 136
Trd, 258957.783, 135
Trd, 258958.783, 138
Trd, 258958.883, 124
Trd, 258959.617, 140
Trd, 258960.050, 140
Trd, 258960.150, 140
Trd, 258960.217, 131
Trd, 258960.517, 128
Trd, 258960.850, 131
Trd, 258960.967, 125
Trd, 258961.117, 131
Trd, 258961.167, 121
Trd, 258961.400, 120
Trd, 258961.517, 130
Trd, 258962.200, 114
Trd, 258962.233, 94
Trd, 258962.750, 136
Trd, 258963.333, 140
Trd, 258963.383, 128
Trd, 258963.433, 107
Trd, 258963.517, 88
Trd, 258963.633, 120
Trd, 258963.733, 118
Trd, 258963.933, 113
Trd, 258964.000, 99
Trd, 258964.583, 127
Trd, 258964.683, 125
Trd, 258965.167, 139
Trd, 258965.217, 130
Trd, 258965.433, 122
Trd, 258966.200, 122
Trd, 258966.933, 135
Trd, 258967.517, 137
Trd, 258967.600, 97
Trd, 258967.633, 140
Trd, 258968.050, 113
Trd, 258968.300, 140
Trd, 258968.383, 140
Trd, 258968.550, 139
Trd, 258968.617, 131
Trd, 258968.733, 121
Trd, 258968.933, 124
Trd, 258969.550, 140
Trd, 258969.633, 140
Trd, 258969.783, 134
Trd, 258970.450, 138
Trd, 258970.650, 137
Trd, 258971.600, 137
Trd, 258972.433, 132
Trd, 258972.833, 140
Trd, 258972.933, 124
Trd, 258972.983, 123
Trd, 258973.500, 115
Trd, 258973.617, 113
Trd, 258973.950, 107
Trd, 258973.967, 102
Trd, 258974.083, 113
Trd, 258974.183, 131
Trd, 258974.333, 130
Trd, 258974.433, 101
Trd, 258974.533, 97
Trd, 258974.817, 96
Trd, 258974.967, 105
Trd, 258975.250, 121
Trd, 258975.583, 114
Trd, 258975.717, 110
Trd, 258975.783, 106
Trd, 258976.383, 131
Trd, 258976.750, 98
Trd, 258976.833, 87
Trd, 258976.933, 85
Trd, 258977.083, 129
Trd, 258977.117, 134
Trd, 258977.183, 94
Trd, 258977.600, 112
Trd, 258977.850, 140
Trd, 258978.183, 140
Trd, 258978.833, 138
Trd, 258979.133, 137
Trd, 258979.250, 138
Trd, 258979.267, 137
Trd, 258979.433, 134
Trd, 258979.533, 134
Trd, 258979.750, 133
Trd, 258979.850, 129
Trd, 258979.950, 120
Trd, 258980.267, 119
Trd, 258980.333, 112
Trd, 258980.667, 96
Trd, 258981.450, 140
Trd, 258981.817, 135
Trd, 258982.050, 123
Trd, 258982.217, 113
Trd, 258982.417, 140
Trd, 258982.533, 118
Trd, 258982.950, 139
Trd, 258982.967, 129
Trd, 258983.217, 99
Trd, 258983.717, 136
Trd, 258984.000, 135
Trd, 258984.033, 129
Trd, 258984.717, 123
Trd, 258984.883, 117
Trd, 258984.950, 128
Trd, 258985.300, 132
Trd, 258985.550, 131
Trd, 258985.700, 134
Trd, 258986.467, 137
Trd, 258986.483, 135
Trd, 258986.617, 119
Trd, 258986.733, 117
Trd, 258986.950, 117
Trd, 258987.150, 126
Trd, 258987.183, 127
Trd, 258987.383, 118
Trd, 258987.650, 115
Trd, 258987.667, 112
Trd, 258987.767, 128
Trd, 258988.150, 139
Trd, 258988.683, 138
Trd, 258988.967, 134
Trd, 258989.100, 134
Trd, 258989.117, 133
Trd, 258989.300, 108
Trd, 258989.650, 129
Trd, 258989.883, 137
Trd, 258989.983, 124
Trd, 258991.150, 125
Trd, 258991.767, 131
Trd, 258992.300, 108
Trd, 258992.317, 99
Trd, 258992.783, 125
Trd, 258992.817, 101
Trd, 258992.917, 140
Trd, 258993.150, 105
Trd, 258993.283, 99
Trd, 258993.400, 139
Trd, 258993.483, 97
Trd, 258993.900, 114
Trd, 258994.317, 116
Trd, 258994.350, 111
Trd, 258994.400, 105
Trd, 258994.733, 139
Trd, 258994.800, 130
Trd, 258994.817, 129
Trd, 258995.483, 134
Trd, 258995.750, 126
Trd, 258996.000, 136
Trd, 258996.350, 131
Trd, 258996.683, 130
Trd, 258996.833, 112
Trd, 258997.050, 108
Trd, 258997.700, 115
Trd, 258998.017, 120
Trd, 258998.183, 115
Trd, 258998.583, 114
Trd, 258998.633, 115
Trd, 258998.667, 110
Trd, 258998.683, 116
Trd, 258998.983, 105
Trd, 258999.183, 117
Trd, 258999.233, 110
Trd, 258999.467, 109
Trd, 258999.800, 128
Trd, 258999.833, 103
Trd, 258999.967, 133
Trd, 259000.050, 108
Trd, 259000.250, 117
Trd, 259000.283, 102
Trd, 259000.517, 140
Trd, 259000.633, 137
Trd, 259001.133, 137
Trd, 259001.183, 136
Trd, 259002.183, 136
Trd, 259002.617, 113
Trd, 259002.950, 113
Trd, 259003.283, 112
Trd, 259004.050, 134
Trd, 259004.117, 126
Trd, 259004.267, 139
Trd, 259004.467, 135
Trd, 259004.667, 113
Trd, 259004.700, 106
Trd, 259005.667, 136
Trd, 259005.967, 128
Trd, 259006.583, 131
Trd, 259006.700, 127
Trd, 259007.350, 140
Trd, 259007.383, 140
Trd, 259007.600, 134
Trd, 259007.650, 127
Trd, 259008.217, 124
Trd, 259008.250, 119
Trd, 259008.267, 117
Trd, 259008.300, 112
Trd, 259008.483, 136
Trd, 259008.967, 140
Trd, 259009.050, 118
Trd, 259009.350, 134
Trd, 259009.467, 134
Trd, 259009.700, 102
Trd, 259009.767, 81
Trd, 259009.950, 104
Trd, 259010.017, 97
Trd, 259010.367, 116
Trd, 259011.250, 115
Trd, 259011.417, 135
Trd, 259011.683, 108
Trd, 259011.883, 136
Trd, 259012.050, 118
Trd, 259012.583, 109
Trd, 259012.650, 120
Trd, 259012.950, 120
Trd, 259013.083, 119
Trd, 259013.133, 132
Trd, 259013.283, 107
Trd, 259013.317, 94
Trd, 259014.067, 140
Trd, 259014.400, 138
Trd, 259015.167, 133
Trd, 259015.217, 132
Trd, 259015.533, 124
Trd, 259015.567, 123
Trd, 259015.683, 110
Trd, 259015.817, 115
Trd, 259016.367, 140
Trd, 259016.533, 136
Trd, 259016.550, 132
Trd, 259016.717, 140
Trd, 259016.800, 135
Trd, 259017.117, 133
Trd, 259017.183, 131
Trd, 259017.533, 130
Trd, 259017.600, 129
Trd, 259017.717, 123
Trd, 259017.950, 140
Trd, 259018.167, 127
Trd, 259018.733, 126
Trd, 259019.000, 124
Trd, 259019.383, 126
Trd, 259019.567, 124
Trd, 259019.633, 116
Trd, 259019.933, 114
Trd, 259019.967, 110
Trd, 259019.983, 104
Trd, 259020.033, 102
Trd, 259020.467, 122
Trd, 259020.600, 111
Trd, 259020.950, 107
Trd, 259020.983, 97
Trd, 259021.317, 102
Trd, 259021.400, 90
Trd, 259022.233, 98
Trd, 259022.317, 86
Trd, 259022.967, 130
Trd, 259023.017, 122
Trd, 259023.050, 119
Trd, 259023.317, 116
Trd, 259023.350, 92
Trd, 259023.383, 140
Trd, 259023.983, 133
Trd, 259024.717, 140
Trd, 259025.083, 125
Trd, 259025.167, 124
Trd, 259025.183, 123
Trd, 259025.250, 136
Trd, 259025.633, 107
Trd, 259025.883, 116
Trd, 259026.150, 120
Trd, 259026.567, 121
Trd, 259026.667, 122
Trd, 259026.917, 115
Trd, 259027.117, 105
Trd, 259027.300, 140
Trd, 259027.417, 120
Trd, 259027.483, 119
Trd, 259027.500, 113
Trd, 259028.200, 123
Trd, 259028.583, 128
Trd, 259028.967, 128
Trd, 259029.517, 128
Trd, 259029.600, 125
Trd, 259029.867, 119
Trd, 259030.317, 102
Trd, 259030.383, 100
Trd, 259030.600, 97
Trd, 259030.833, 98
Trd, 259030.983, 92
Trd, 259031.067, 90
Trd, 259031.133, 99
Trd, 259031.183, 80
Trd, 259031.700, 103
Trd, 259031.967, 106
Trd, 259032.000, 101
Trd, 259032.017, 89
Trd, 259032.533, 127
Trd, 259032.600, 121
Trd, 259033.083, 140
Trd, 259033.450, 112
Trd, 259033.483, 110
Trd, 259034.083, 137
Trd, 259034.433, 115
Trd, 259034.633, 114
Trd, 259035.133, 132
Trd, 259035.667, 139
Trd, 259035.850, 138
Trd, 259035.917, 121
Trd, 259035.983, 121
Trd, 259036.183, 116
Trd, 259036.333, 123
Trd, 259036.900, 136
Trd, 259037.283, 140
Trd, 259037.467, 135
Trd, 259037.617, 127
Trd, 259037.633, 126
Trd, 259038.267, 100
Trd, 259038.533, 113
Trd, 259038.583, 112
Trd, 259038.733, 116
Trd, 259038.850, 119
Trd, 259039.683, 111
Trd, 259039.817, 113
Trd, 259040.017, 105
Trd, 259040.300, 104
Trd, 259040.717, 137
Trd, 259040.750, 132
Trd, 259041.533, 136
Trd, 259041.800, 135
Trd, 259041.883, 136
Trd, 259042.067, 135
Trd, 259042.083, 125
Trd, 259042.100, 122
Trd, 259042.767, 140
Trd, 259042.900, 139
Trd, 259042.983, 132
Trd, 259043.350, 132
Trd, 259043.367, 131
Trd, 259043.550, 122
Trd, 259043.783, 124
Trd, 259044.117, 136
Trd, 259044.133, 128
Trd, 259044.617, 138
Trd, 259044.700, 122
Trd, 259045.317, 122
Trd, 259045.483, 121
Trd, 259045.717, 119
Trd, 259045.883, 124
Trd, 259046.117, 118
Trd, 259046.517, 140
Trd, 259046.533, 131
Trd, 259047.733, 133
Trd, 259048.683, 131
Trd, 259048.717, 124
Trd, 259049.083, 120
Trd, 259049.133, 140
Trd, 259049.550, 116
Trd, 259050.000, 126
Trd, 259050.500, 138
Trd, 259050.633, 138
Trd, 259050.667, 121
Trd, 259050.700, 113
Trd, 259050.967, 113
Trd, 259051.450, 137
Trd, 259051.533, 136
Trd, 259051.667, 131
Trd, 259051.983, 133
Trd, 259052.033, 127
Trd, 259052.367, 135
Trd, 259052.817, 135
Trd, 259053.033, 124
Trd, 259053.167, 136
Trd, 259053.350, 135
Trd, 259053.433, 124
Trd, 259053.567, 140
Trd, 259053.850, 101
Trd, 259054.383, 140
Trd, 259054.517, 137
Trd, 259054.617, 137
Trd, 259055.117, 136
Trd, 259055.533, 129
Trd, 259055.917, 139
Trd, 259056.117, 122
Trd, 259056.317, 136
Trd, 259056.750, 112
Trd, 259057.200, 120
Trd, 259057.233, 116
Trd, 259057.900, 140
Trd, 259058.067, 139
Trd, 259058.083, 119
Trd, 259058.100, 114
Trd, 259058.650, 113
Trd, 259058.667, 111
Trd, 259058.833, 110
Trd, 259059.000, 108
Trd, 259059.183, 105
Trd, 259059.400, 126
Trd, 259059.950, 114
Trd, 259060.600, 139
Trd, 259061.067, 136
Trd, 259061.083, 126
Trd, 259061.550, 122
Trd, 259061.650, 120
Trd, 259061.733, 119
Trd, 259061.783, 106
Trd, 259062.717, 96
Trd, 259063.367, 125
Trd, 259063.533, 105
Trd, 259064.300, 110
Trd, 259064.383, 105
Trd, 259064.533, 122
Trd, 259064.550, 107
Trd, 259064.667, 134
Trd, 259064.783, 138
Trd, 259064.817, 124
Trd, 259065.117, 117
Trd, 259065.317, 103
Trd, 259065.417, 103
Trd, 259065.583, 100
Trd, 259065.683, 118
Trd, 259065.733, 118
Trd, 259065.950, 140
Trd, 259065.983, 90
Trd, 259066.683, 88
Trd, 259066.700, 108
Trd, 259067.450, 89
Trd, 259067.583, 87
Trd, 259067.717, 138
Trd, 259068.000, 135
Trd, 259068.633, 140
Trd, 259068.750, 140
Trd, 259069.117, 138
Trd, 259069.317, 138
Trd, 259069.800, 120
Trd, 259070.000, 118
Trd, 259070.183, 108
Trd, 259070.200, 107
Trd, 259070.400, 132
Trd, 259070.433, 106
Trd, 259070.517, 133
Trd, 259070.883, 101
Trd, 259071.100, 98
Trd, 259071.267, 98
Trd, 259071.967, 95
Trd, 259072.283, 95
Trd, 259072.517, 135
Trd, 259072.567, 135
Trd, 259072.600, 128
Trd, 259072.733, 128
Trd, 259072.767, 120
Trd, 259073.250, 138
Trd, 259073.417, 139
Trd, 259073.733, 130
Trd, 259074.017, 136
Trd, 259074.067, 123
Trd, 259075.033, 140
Trd, 259075.217, 138
Trd, 259075.383, 136
Trd, 259075.433, 134
Trd, 259075.817, 127
Trd, 259075.900, 126
Trd, 259076.850, 136
Trd, 259077.017, 124
Trd, 259077.167, 123
Trd, 259077.667, 139
Trd, 259077.700, 121
Trd, 259078.033, 123
Trd, 259078.217, 110
Trd, 259078.317, 118
Trd, 259078.383, 109
Trd, 259078.467, 137
Trd, 259078.567, 126
Trd, 259079.183, 139
Trd, 259079.533, 133
Trd, 259079.783, 131
Trd, 259079.950, 125
Trd, 259080.367, 139
Trd, 259080.917, 100
Trd, 259080.967, 98
Trd, 259081.333, 127
Trd, 259081.450, 123
Trd, 259081.517, 110
Trd, 259081.650, 108
Trd, 259082.383, 94
Trd, 259082.517, 110
Trd, 259082.783, 91
Trd, 259082.817, 121
Trd, 259082.967, 106
Trd, 259083.033, 107
Trd, 259083.133, 108
Trd, 259083.433, 139
Trd, 259083.583, 136
Trd, 259084.400, 132
Trd, 259084.717, 130
Trd, 259084.917, 129
Trd, 259084.983, 125
Trd, 259085.100, 137
Trd, 259085.117, 132
Trd, 259085.133, 137
Trd, 259085.317, 138
Trd, 259085.917, 132
Trd, 259086.017, 135
Trd, 259086.033, 120
Trd, 259086.400, 138
Trd, 259086.683, 120
Trd, 259086.833, 115
Trd, 259086.950, 112
Trd, 259087.267, 127
Trd, 259087.333, 140
Trd, 259087.783, 110
Trd, 259088.350, 127
Trd, 259088.400, 116
Trd, 259088.550, 109
Trd, 259088.650, 102
Trd, 259089.017, 115
Trd, 259089.183, 132
Trd, 259089.550, 120
Trd, 259089.783, 106
Trd, 259090.083, 115
Trd, 259090.467, 127
Trd, 259090.883, 97
Trd, 259090.933, 92
Trd, 259091.600, 120
Trd, 259091.733, 110
Trd, 259091.767, 109
Trd, 259092.200, 108
Trd, 259092.267, 105
Trd, 259092.317, 110
Trd, 259092.550, 124
Trd, 259092.650, 129
Trd, 259092.783, 108
Trd, 259092.983, 117
Trd, 259093.233, 116
Trd, 259093.383, 140
Trd, 259093.417, 140
Trd, 259093.567, 131
Trd, 259093.850, 116
Trd, 259093.933, 114
Trd, 259094.283, 135
Trd, 259094.367, 126
Trd, 259094.900, 114
Trd, 259095.800, 139
Trd, 259096.050, 122
Trd, 259096.117, 139
Trd, 259096.383, 104
Trd, 259096.550, 122
Trd, 259096.733, 108
Trd, 259096.900, 103
Trd, 259097.100, 114
Trd, 259097.200, 139
Trd, 259098.550, 121
Trd, 259098.700, 129
Trd, 259098.850, 123
Trd, 259099.100, 119
Trd, 259099.450, 138
Trd, 259099.650, 137
Trd, 259099.767, 125
Trd, 259099.900, 116
Trd, 259100.267, 139
Trd, 259100.533, 136
Trd, 259100.633, 128
Trd, 259100.650, 125
Trd, 259100.833, 119
Trd, 259101.150, 117
Trd, 259101.383, 104
Trd, 259102.017, 119
Trd, 259102.217, 120
Trd, 259102.233, 118
Trd, 259102.700, 139
Trd, 259102.733, 121
Trd, 259103.233, 122
Trd, 259103.483, 114
Trd, 259104.117, 136
Trd, 259104.183, 111
Trd, 259104.450, 114
Trd, 259104.517, 117
Trd, 259104.733, 102
Trd, 259104.767, 112
Trd, 259105.017, 98
Trd, 259105.050, 97
Trd, 259105.067, 95
Trd, 259105.117, 95
Trd, 259105.333, 127
Trd, 259106.017, 140
Trd, 259106.117, 135
Trd, 259106.367, 121
Trd, 259106.550, 137
Trd, 259107.033, 109
Trd, 259107.433, 101
Trd, 259108.333, 130
Trd, 259108.667, 129
Trd, 259108.867, 128
Trd, 259109.200, 128
Trd, 259109.283, 127
Trd, 259109.683, 128
Trd, 259109.733, 120
Trd, 259109.867, 122
Trd, 259110.233, 134
Trd, 259110.467, 119
Trd, 259110.567, 118
Trd, 259110.650, 120
Trd, 259111.000, 131
Trd, 259111.400, 119
Trd, 259111.417, 109
Trd, 259112.133, 134
Trd, 259112.783, 140
Trd, 259112.883, 140
Trd, 259112.917, 139
Trd, 259113.417, 135
Trd, 259113.533, 134
Trd, 259113.583, 128
Trd, 259113.600, 125
Trd, 259113.733, 140
Trd, 259113.800, 137
Trd, 259114.167, 135
Trd, 259114.500, 121
Trd, 259114.533, 119
Trd, 259114.817, 121
Trd, 259114.833, 112
Trd, 259114.900, 110
Trd, 259115.100, 109
Trd, 259115.350, 124
Trd, 259115.700, 123
Trd, 259115.750, 115
Trd, 259116.400, 122
Trd, 259116.750, 98
Trd, 259116.900, 102
Trd, 259117.300, 114
Trd, 259117.367, 131
Trd, 259117.817, 121
Trd, 259117.883, 134
Trd, 259118.033, 120
Trd, 259118.367, 139
Trd, 259118.483, 122
Trd, 259118.733, 118
Trd, 259118.800, 117
Trd, 259118.983, 140
Trd, 259119.183, 134
Trd, 259119.717, 136
Trd, 259120.083, 131
Trd, 259120.100, 130
Trd, 259120.350, 138
Trd, 259120.883, 124
Trd, 259121.133, 121
Trd, 259121.300, 114
Trd, 259121.850, 140
Trd, 259122.067, 135
Trd, 259122.117, 128
Trd, 259122.367, 123
Trd, 259123.167, 113
Trd, 259123.367, 134
Trd, 259123.467, 111
Trd, 259123.550, 106
Trd, 259124.033, 124
Trd, 259124.050, 103
Trd, 259124.383, 128
Trd, 259124.450, 129
Trd, 259124.683, 128
Trd, 259125.383, 130
Trd, 259125.450, 133
Trd, 259125.700, 132
Trd, 259125.783, 129
Trd, 259125.817, 138
Trd, 259126.433, 122
Trd, 259126.483, 122
Trd, 259126.933, 123
Trd, 259126.967, 135
Trd, 259127.000, 115
Trd, 259127.033, 114
Trd, 259127.067, 138
Trd, 259128.183, 105
Trd, 259128.317, 120
Trd, 259128.667, 118
Trd, 259128.767, 102
Trd, 259129.067, 101
Trd, 259129.117, 101
Trd, 259129.167, 121
Trd, 259129.567, 121
Trd, 259129.783, 126
Trd, 259130.150, 138
Trd, 259130.450, 114
Trd, 259130.533, 134
Trd, 259130.583, 114
Trd, 259130.900, 89
Trd, 259130.917, 84
Trd, 259131.067, 120
Trd, 259131.250, 113
Trd, 259131.400, 112
Trd, 259131.583, 115
Trd, 259131.833, 136
Trd, 259132.100, 114
Trd, 259132.750, 120
Trd, 259133.033, 89
Trd, 259133.667, 101
Trd, 259133.683, 119
Trd, 259133.767, 120
Trd, 259133.833, 104
Trd, 259134.050, 123
Trd, 259134.750, 129
Trd, 259134.817, 85
Trd, 259134.850, 78
Trd, 259135.317, 87
Trd, 259135.400, 97
Trd, 259135.800, 118
Trd, 259135.917, 137
Trd, 259136.417, 96
Trd, 259136.433, 80
Trd, 259136.617, 64
Trd, 259136.733, 62
Trd, 259137.467, 106
Trd, 259137.833, 102
Trd, 259137.850, 93
Trd, 259138.033, 86
Trd, 259138.267, 85
Trd, 259138.300, 101
Trd, 259138.683, 102
Trd, 259139.200, 119
Trd, 259139.600, 136
Trd, 259139.833, 135
Trd, 259139.883, 133
Trd, 259139.933, 126
Trd, 259139.983, 118
Trd, 259140.533, 136
Trd, 259140.767, 129
Trd, 259141.133, 121
Trd, 259141.383, 112
Trd, 259141.817, 107
Trd, 259141.917, 114
Trd, 259141.933, 101
Trd, 259142.033, 98
Trd, 259142.383, 95
Trd, 259142.817, 85
Trd, 259143.033, 109
Trd, 259143.250, 108
Trd, 259143.317, 105
Trd, 259143.467, 101
Trd, 259143.517, 95
Trd, 259143.550, 116
Trd, 259143.733, 104
Trd, 259143.950, 88
Trd, 259145.083, 140
Trd, 259145.150, 139
Trd, 259145.317, 131
Trd, 259145.550, 136
Trd, 259145.583, 110
Trd, 259146.150, 116
Trd, 259146.800, 100
Trd, 259146.883, 98
Trd, 259146.950, 106
Trd, 259146.967, 93
Trd, 259147.233, 135
Trd, 259147.567, 123
Trd, 259148.067, 140
Trd, 259148.800, 129
Trd, 259148.900, 130
Trd, 259149.017, 122
Trd, 259150.050, 140
Trd, 259150.100, 140
Trd, 259150.267, 131
Trd, 259150.283, 122
Trd, 259150.467, 121
Trd, 259150.633, 115
Trd, 259150.767, 108
Trd, 259150.817, 106
Trd, 259150.850, 110
Trd, 259150.867, 105
Trd, 259150.983, 103
Trd, 259151.717, 136
Trd, 259151.883, 127
Trd, 259151.967, 125
Trd, 259152.150, 120
Trd, 259152.233, 126
Trd, 259152.283, 131
Trd, 259152.700, 130
Trd, 259153.000, 115
Trd, 259153.583, 109
Trd, 259153.650, 107
Trd, 259154.150, 134
Trd, 259154.850, 138
Trd, 259154.917, 140
Trd, 259154.933, 119
Trd, 259155.283, 140
Trd, 259155.417, 139
Trd, 259155.483, 140
Trd, 259155.600, 123
Trd, 259155.617, 122
Trd, 259155.667, 115
Trd, 259156.067, 112
Trd, 259156.133, 103
Trd, 259156.167, 122
Trd, 259156.733, 116
Trd, 259156.983, 115
Trd, 259157.083, 114
Trd, 259157.350, 106
Trd, 259157.550, 106
Trd, 259157.650, 135
Trd, 259157.733, 111
Trd, 259157.850, 140
Trd, 259157.983, 140
Trd, 259158.283, 107
Trd, 259158.467, 117
Trd, 259158.700, 118
Trd, 259158.717, 126
Trd, 259159.067, 132
Trd, 259159.517, 140
Trd, 259159.683, 118
Trd, 259159.717, 109
Trd, 259160.283, 119
Trd, 259160.300, 106
Trd, 259160.700, 112
Trd, 259160.967, 139
Trd, 259161.133, 137
Trd, 259161.467, 137
Trd, 259161.533, 123
Trd, 259162.067, 126
Trd, 259162.167, 137
Trd, 259162.233, 119
Trd, 259162.417, 110
Trd, 259163.200, 104
Trd, 259163.733, 99
Trd, 259163.800, 96
Trd, 259163.833, 130
Trd, 259163.967, 124
Trd, 259164.050, 140
Trd, 259164.783, 140
Trd, 259164.967, 138
Trd, 259165.233, 133
Trd, 259165.350, 123
Trd, 259165.367, 114
Trd, 259165.600, 110
Trd, 259165.817, 129
Trd, 259166.283, 133
Trd, 259166.567, 140
Trd, 259167.067, 118
Trd, 259167.083, 116
Trd, 259167.500, 133
Trd, 259167.550, 114
Trd, 259168.833, 139
Trd, 259169.000, 134
Trd, 259169.117, 133
Trd, 259169.583, 133
Trd, 259169.817, 136
Trd, 259170.067, 129
Trd, 259170.417, 136
Trd, 259170.450, 137
Trd, 259170.517, 118
Trd, 259170.750, 116
Trd, 259171.067, 116
Trd, 259171.100, 107
Trd, 259171.233, 123
Trd, 259171.417, 106
Trd, 259171.967, 138
Trd, 259172.100, 137
Trd, 259172.117, 97
Trd, 259172.400, 118
Trd, 259172.617, 139
Trd, 259173.050, 134
Trd, 259173.283, 117
Trd, 259173.367, 116
Trd, 259173.650, 115
Trd, 259174.150, 128
Trd, 259174.617, 111
Trd, 259174.900, 117
Trd, 259175.233, 125
Trd, 259175.383, 134
Trd, 259175.617, 123
Trd, 259175.717, 138
Trd, 259176.050, 137
Trd, 259176.067, 129
Trd, 259176.183, 126
Trd, 259176.283, 128
Trd, 259176.333, 130
Trd, 259176.700, 139
Trd, 259176.817, 123
Trd, 259177.017, 140
Trd, 259177.250, 123
Trd, 259177.417, 138
Trd, 259178.183, 118
Trd, 259178.600, 136
Trd, 259178.933, 134
Trd, 259179.233, 125
Trd, 259179.850, 123
Trd, 259180.233, 131
Trd, 259180.400, 132
Trd, 259180.450, 121
Trd, 259180.567, 120
Trd, 259180.617, 119
Trd, 259180.800, 114
Trd, 259181.167, 132
Trd, 259181.267, 102
Trd, 259181.550, 100
Trd, 259181.767, 132
Trd, 259182.200, 130
Trd, 259182.767, 131
Trd, 259182.850, 115
Trd, 259182.950, 108
Trd, 259182.983, 99
Trd, 259183.167, 134
Trd, 259183.567, 134
Trd, 259183.767, 124
Trd, 259183.783, 136
Trd, 259184.000, 125
Trd, 259184.283, 106
Trd, 259184.467, 108
Trd, 259184.800, 91
Trd, 259185.017, 99
Trd, 259185.383, 129
Trd, 259185.633, 136
Trd, 259186.500, 126
Trd, 259186.617, 125
Trd, 259186.633, 123
Trd, 259186.683, 119
Trd, 259186.817, 96
Trd, 259187.217, 118
Trd, 259187.233, 92
Trd, 259187.333, 91
Trd, 259187.383, 131
Trd, 259188.383, 130
Trd, 259188.533, 129
Trd, 259188.950, 140
Trd, 259189.133, 124
Trd, 259189.217, 133
Trd, 259190.133, 140
Trd, 259190.350, 135
Trd, 259190.500, 132
Trd, 259190.750, 134
Trd, 259190.967, 139
Trd, 259191.033, 122
Trd, 259191.333, 122
Trd, 259191.617, 121
Trd, 259191.933, 116
Trd, 259192.167, 114
Trd, 259192.517, 86
Trd, 259192.550, 87
Trd, 259192.650, 79
Trd, 259192.767, 126
Trd, 259193.017, 120
Trd, 259193.200, 115
Trd, 259193.450, 127
Trd, 259193.617, 125
Trd, 259193.750, 130
Trd, 259193.867, 133
Trd, 259193.933, 132
Trd, 259194.400, 139
Trd, 259194.567, 121
Trd, 259194.967, 130
Trd, 259195.433, 121
Trd, 259195.750, 139
Trd, 259196.183, 107
Trd, 259196.417, 103
Trd, 259196.483, 113
Trd, 259196.617, 114
Trd, 259196.633, 116
Trd, 259196.650, 100
Trd, 259197.017, 80
Trd, 259197.067, 74
Trd, 259197.333, 110
Trd, 259198.017, 140
Trd, 259198.133, 140
Trd, 259198.167, 140
Trd, 259198.200, 137
Trd, 259198.250, 130
Trd, 259198.650, 125
Trd, 259198.867, 124
Trd, 259199.050, 120
Trd, 259199.083, 107
Trd, 259199.383, 114
Trd, 259199.483, 121
Trd, 259199.683, 124
Trd, 259199.800, 125
