Trd, 258580.200, 135
Trd, 258580.333, 108
Trd, 258580.367, 106
Trd, 258580.433, 85
Trd, 258580.783, 83
Trd, 258581.067, 97
Trd, 258581.183, 99
Trd, 258581.283, 115
Trd, 258581.450, 88
Trd, 258581.883, 139
Trd, 258582.617, 118
Trd, 258582.683, 109
Trd, 258583.083, 110
Trd, 258583.333, 122
Trd, 258583.517, 137
Trd, 258583.700, 107
Trd, 258583.917, 110
Trd, 258584.650, 116
Trd, 258584.667, 108
Trd, 258585.050, 106
Trd, 258585.217, 93
Trd, 258585.283, 87
Trd, 258585.450, 109
Trd, 258585.550, 101
Trd, 258585.667, 117
Trd, 258585.867, 111
Trd, 258586.367, 105
Trd, 258586.417, 119
Trd, 258586.533, 92
Trd, 258586.950, 89
Trd, 258586.983, 94
Trd, 258587.217, 111
Trd, 258587.317, 82
Trd, 258587.533, 126
Trd, 258587.567, 129
Trd, 258587.683, 108
Trd, 258587.917, 113
Trd, 258588.567, 106
Trd, 258588.650, 114
Trd, 258588.783, 93
Trd, 258589.200, 87
Trd, 258589.250, 79
Trd, 258589.550, 79
Trd, 258589.600, 81
Trd, 258590.750, 80
Trd, 258590.783, 94
Trd, 258591.100, 81
Trd, 258591.383, 76
Trd, 258591.433, 97
Trd, 258591.450, 106
Trd, 258591.550, 107
Trd, 258592.000, 108
Trd, 258592.133, 136
Trd, 258592.417, 96
Trd, 258592.567, 133
Trd, 258592.767, 132
Trd, 258593.100, 124
Trd, 258593.617, 131
Trd, 258594.233, 130
Trd, 258594.333, 129
Trd, 258594.367, 116
Trd, 258594.383, 115
Trd, 258594.483, 112
Trd, 258594.550, 117
Trd, 258594.617, 111
Trd, 258594.717, 95
Trd, 258594.967, 86
Trd, 258595.467, 85
Trd, 258595.550, 73
Trd, 258595.567, 99
Trd, 258596.083, 110
Trd, 258596.150, 91
Trd, 258596.933, 139
Trd, 258596.967, 126
Trd, 258597.683, 128
Trd, 258598.067, 116
Trd, 258599.033, 125
Trd, 258599.100, 107
Trd, 258599.383, 106
Trd, 258599.433, 109
Trd, 258600.017, 140
Trd, 258600.217, 122
Trd, 258600.333, 116
Trd, 258600.500, 131
Trd, 258600.650, 111
Trd, 258600.700, 136
Trd, 258600.750, 122
Trd, 258600.833, 101
Trd, 258600.933, 115
Trd, 258601.600, 113
Trd, 258601.767, 119
Trd, 258602.317, 115
Trd, 258602.533, 136
Trd, 258602.567, 138
Trd, 258602.683, 118
Trd, 258602.833, 112
Trd, 258603.250, 111
Trd, 258603.350, 110
Trd, 258603.383, 116
Trd, 258603.450, 123
Trd, 258603.717, 101
Trd, 258603.850, 96
Trd, 258603.967, 95
Trd, 258604.767, 124
Trd, 258605.083, 114
Trd, 258605.333, 100
Trd, 258605.600, 96
Trd, 258605.800, 94
Trd, 258605.883, 115
Trd, 258606.317, 112
Trd, 258606.583, 109
Trd, 258607.033, 117
Trd, 258607.183, 97
Trd, 258607.467, 98
Trd, 258607.633, 124
Trd, 258607.683, 89
Trd, 258607.933, 102
Trd, 258608.033, 98
Trd, 258608.267, 123
Trd, 258608.450, 125
Trd, 258609.167, 112
Trd, 258609.583, 118
Trd, 258609.817, 91
Trd, 258609.983, 124
Trd, 258610.200, 112
Trd, 258610.633, 127
Trd, 258611.033, 103
Trd, 258611.117, 82
Trd, 258611.583, 131
Trd, 258611.800, 127
Trd, 258611.883, 113
Trd, 258611.950, 100
Trd, 258612.450, 109
Trd, 258612.583, 113
Trd, 258612.667, 108
Trd, 258612.683, 108
Trd, 258612.917, 115
Trd, 258613.333, 131
Trd, 258613.467, 119
Trd, 258614.783, 110
Trd, 258615.233, 122
Trd, 258615.433, 93
Trd, 258615.733, 89
Trd, 258615.867, 98
Trd, 258616.033, 94
Trd, 258616.050, 89
Trd, 258616.083, 83
Trd, 258616.133, 128
Trd, 258616.683, 136
Trd, 258616.900, 128
Trd, 258617.100, 138
Trd, 258617.133, 127
Trd, 258617.250, 124
Trd, 258617.517, 113
Trd, 258617.800, 111
Trd, 258617.933, 115
Trd, 258618.150, 122
Trd, 258618.733, 134
Trd, 258618.750, 126
Trd, 258619.083, 140
Trd, 258619.117, 103
Trd, 258619.267, 123
Trd, 258619.433, 124
Trd, 258619.983, 124
Trd, 258620.533, 117
Trd, 258620.700, 114
Trd, 258620.750, 111
Trd, 258620.933, 111
Trd, 258621.267, 102
Trd, 258621.633, 115
Trd, 258622.167, 104
Trd, 258622.233, 98
Trd, 258622.283, 93
Trd, 258622.333, 92
Trd, 258622.950, 93
Trd, 258623.050, 89
Trd, 258623.167, 88
Trd, 258623.267, 129
Trd, 258623.550, 107
Trd, 258623.883, 135
Trd, 258624.133, 131
Trd, 258624.167, 127
Trd, 258624.267, 125
Trd, 258624.300, 98
Trd, 258624.400, 97
Trd, 258625.000, 110
Trd, 258625.183, 137
Trd, 258625.600, 128
Trd, 258625.717, 119
Trd, 258626.217, 139
Trd, 258626.350, 137
Trd, 258626.800, 135
Trd, 258627.000, 111
Trd, 258627.100, 138
Trd, 258627.467, 105
Trd, 258628.050, 102
Trd, 258628.250, 128
Trd, 258628.383, 118
Trd, 258628.467, 98
Trd, 258628.717, 136
Trd, 258628.800, 131
Trd, 258629.283, 124
Trd, 258629.850, 131
Trd, 258629.933, 129
Trd, 258630.067, 123
Trd, 258630.333, 122
Trd, 258630.417, 117
Trd, 258630.450, 115
Trd, 258630.767, 129
Trd, 258631.267, 127
Trd, 258631.533, 116
Trd, 258631.750, 118
Trd, 258631.833, 117
Trd, 258632.533, 100
Trd, 258632.717, 121
Trd, 258632.850, 101
Trd, 258632.967, 100
Trd, 258633.533, 108
Trd, 258633.717, 115
Trd, 258634.067, 106
Trd, 258634.200, 99
Trd, 258634.317, 98
Trd, 258634.533, 132
Trd, 258634.650, 131
Trd, 258634.667, 97
Trd, 258634.983, 135
Trd, 258635.033, 133
Trd, 258635.483, 121
Trd, 258636.000, 117
Trd, 258636.067, 111
Trd, 258636.200, 118
Trd, 258636.250, 118
Trd, 258636.467, 123
Trd, 258636.600, 131
Trd, 258636.850, 109
Trd, 258637.350, 134
Trd, 258637.367, 123
Trd, 258637.517, 126
Trd, 258637.650, 101
Trd, 258637.900, 101
Trd, 258637.933, 115
Trd, 258637.983, 117
Trd, 258638.383, 98
Trd, 258638.733, 99
Trd, 258638.850, 104
Trd, 258639.000, 115
Trd, 258639.117, 90
Trd, 258639.467, 101
Trd, 258639.750, 119
Trd, 258640.367, 114
Trd, 258640.483, 139
Trd, 258640.683, 133
Trd, 258641.150, 131
Trd, 258641.350, 124
Trd, 258641.467, 120
Trd, 258642.400, 136
Trd, 258642.717, 135
Trd, 258642.800, 132
Trd, 258643.283, 125
Trd, 258643.433, 135
Trd, 258643.500, 125
Trd, 258643.683, 138
Trd, 258643.783, 123
Trd, 258644.183, 117
Trd, 258644.450, 116
Trd, 258644.467, 115
Trd, 258644.583, 112
Trd, 258644.633, 109
Trd, 258644.667, 103
Trd, 258644.900, 135
Trd, 258645.217, 113
Trd, 258645.850, 128
Trd, 258646.100, 128
Trd, 258646.267, 126
Trd, 258646.300, 122
Trd, 258646.650, 99
Trd, 258646.683, 98
Trd, 258646.883, 92
Trd, 258647.950, 136
Trd, 258647.983, 120
Trd, 258648.100, 131
Trd, 258648.283, 117
Trd, 258648.417, 120
Trd, 258648.783, 114
Trd, 258648.833, 105
Trd, 258649.033, 116
Trd, 258649.150, 87
Trd, 258649.967, 123
Trd, 258650.233, 122
Trd, 258650.317, 124
Trd, 258650.400, 119
Trd, 258651.133, 121
Trd, 258651.417, 98
Trd, 258651.583, 95
Trd, 258651.767, 126
Trd, 258652.167, 107
Trd, 258652.200, 109
Trd, 258652.583, 115
Trd, 258652.600, 121
Trd, 258652.700, 127
Trd, 258652.983, 132
Trd, 258653.050, 133
Trd, 258653.383, 118
Trd, 258653.567, 91
Trd, 258653.667, 82
Trd, 258653.767, 80
Trd, 258654.750, 83
Trd, 258654.767, 86
Trd, 258654.967, 92
Trd, 258655.100, 107
Trd, 258655.183, 110
Trd, 258655.500, 82
Trd, 258655.567, 108
Trd, 258655.633, 78
Trd, 258656.033, 89
Trd, 258656.233, 110
Trd, 258656.667, 112
Trd, 258656.817, 73
Trd, 258657.117, 73
Trd, 258657.433, 67
Trd, 258657.783, 68
Trd, 258657.800, 75
Trd, 258657.883, 79
Trd, 258657.917, 82
Trd, 258658.283, 118
Trd, 258658.817, 86
Trd, 258659.200, 93
Trd, 258659.233, 80
Trd, 258659.300, 68
Trd, 258659.883, 113
Trd, 258659.917, 95
Trd, 258660.150, 75
Trd, 258660.433, 69
Trd, 258660.467, 81
Trd, 258661.133, 111
Trd, 258661.417, 125
Trd, 258661.483, 92
Trd, 258661.517, 129
Trd, 258661.633, 117
Trd, 258661.683, 81
Trd, 258662.217, 127
Trd, 258662.333, 116
Trd, 258662.383, 114
Trd, 258662.983, 133
Trd, 258663.033, 127
Trd, 258663.067, 123
Trd, 258663.183, 123
Trd, 258663.967, 120
Trd, 258664.017, 114
Trd, 258664.400, 113
Trd, 258664.567, 108
Trd, 258664.950, 129
Trd, 258665.050, 107
Trd, 258665.167, 127
Trd, 258665.317, 130
Trd, 258665.550, 104
Trd, 258665.633, 103
Trd, 258665.900, 111
Trd, 258665.983, 101
Trd, 258666.300, 116
Trd, 258666.317, 111
Trd, 258666.400, 93
Trd, 258667.033, 84
Trd, 258667.167, 128
Trd, 258667.383, 102
Trd, 258667.650, 128
Trd, 258667.867, 116
Trd, 258668.400, 118
Trd, 258668.417, 108
Trd, 258668.783, 94
Trd, 258669.000, 136
Trd, 258669.083, 100
Trd, 258669.350, 110
Trd, 258669.417, 109
Trd, 258669.617, 122
Trd, 258669.800, 105
Trd, 258669.950, 116
Trd, 258670.083, 104
Trd, 258670.350, 118
Trd, 258670.500, 98
Trd, 258670.900, 88
Trd, 258671.367, 114
Trd, 258671.450, 95
Trd, 258671.700, 87
Trd, 258671.800, 75
Trd, 258671.933, 122
Trd, 258672.317, 80
Trd, 258672.333, 129
Trd, 258672.633, 127
Trd, 258672.700, 107
Trd, 258672.717, 99
Trd, 258672.733, 77
Trd, 258673.867, 105
Trd, 258674.200, 122
Trd, 258674.767, 129
Trd, 258674.967, 126
Trd, 258675.400, 131
Trd, 258675.617, 113
Trd, 258675.650, 116
Trd, 258675.817, 108
Trd, 258675.950, 107
Trd, 258676.750, 107
Trd, 258676.833, 125
Trd, 258676.883, 129
Trd, 258677.500, 125
Trd, 258677.733, 119
Trd, 258677.917, 133
Trd, 258677.967, 119
Trd, 258678.200, 127
Trd, 258678.267, 124
Trd, 258678.533, 135
Trd, 258678.650, 131
Trd, 258679.083, 134
Trd, 258679.200, 113
Trd, 258679.283, 113
Trd, 258679.483, 111
Trd, 258679.517, 109
Trd, 258679.800, 120
Trd, 258680.100, 108
Trd, 258680.117, 107
Trd, 258680.500, 134
Trd, 258680.533, 126
Trd, 258680.883, 138
Trd, 258681.083, 103
Trd, 258681.100, 102
Trd, 258681.167, 92
Trd, 258681.667, 116
Trd, 258681.950, 121
Trd, 258682.267, 94
Trd, 258682.367, 94
Trd, 258683.033, 101
Trd, 258683.067, 109
Trd, 258683.317, 97
Trd, 258683.567, 97
Trd, 258683.617, 110
Trd, 258683.650, 97
Trd, 258683.850, 95
Trd, 258684.567, 102
Trd, 258684.833, 113
Trd, 258684.917, 114
Trd, 258684.967, 94
Trd, 258685.167, 105
Trd, 258685.467, 75
Trd, 258685.550, 106
Trd, 258685.600, 116
Trd, 258686.200, 118
Trd, 258686.283, 123
Trd, 258686.483, 117
Trd, 258686.533, 111
Trd, 258686.567, 99
Trd, 258686.583, 89
Trd, 258687.583, 96
Trd, 258687.933, 133
Trd, 258687.950, 135
Trd, 258688.217, 104
Trd, 258688.600, 98
Trd, 258688.667, 122
Trd, 258688.750, 98
Trd, 258689.000, 102
Trd, 258689.100, 115
Trd, 258689.267, 98
Trd, 258689.517, 97
Trd, 258689.733, 119
Trd, 258690.083, 108
Trd, 258690.350, 106
Trd, 258690.750, 98
Trd, 258691.033, 109
Trd, 258691.083, 94
Trd, 258691.967, 115
Trd, 258692.433, 100
Trd, 258692.583, 99
Trd, 258692.750, 108
Trd, 258692.900, 130
Trd, 258693.000, 123
Trd, 258693.300, 119
Trd, 258694.067, 108
Trd, 258694.500, 120
Trd, 258694.600, 116
Trd, 258694.683, 115
Trd, 258695.133, 130
Trd, 258695.183, 131
Trd, 258695.333, 109
Trd, 258695.467, 98
Trd, 258695.867, 106
Trd, 258696.017, 130
Trd, 258696.233, 115
Trd, 258696.433, 116
Trd, 258696.633, 93
Trd, 258697.133, 129
Trd, 258697.400, 129
Trd, 258697.500, 125
Trd, 258698.017, 113
Trd, 258698.200, 139
Trd, 258698.317, 115
Trd, 258698.717, 115
Trd, 258698.900, 123
Trd, 258699.083, 140
Trd, 258699.133, 136
Trd, 258699.333, 111
Trd, 258699.583, 111
Trd, 258699.617, 103
Trd, 258699.667, 134
Trd, 258700.133, 135
Trd, 258700.850, 134
Trd, 258701.050, 134
Trd, 258701.233, 121
Trd, 258701.283, 120
Trd, 258701.400, 100
Trd, 258701.517, 124
Trd, 258701.833, 113
Trd, 258701.867, 91
Trd, 258702.067, 104
Trd, 258702.250, 131
Trd, 258702.483, 114
Trd, 258702.583, 115
Trd, 258702.817, 95
Trd, 258702.933, 89
Trd, 258703.717, 134
Trd, 258703.900, 134
Trd, 258704.400, 139
Trd, 258704.417, 137
Trd, 258704.733, 126
Trd, 258704.833, 121
Trd, 258705.067, 119
Trd, 258705.283, 127
Trd, 258705.467, 135
Trd, 258705.500, 108
Trd, 258705.650, 106
Trd, 258705.867, 121
Trd, 258706.567, 110
Trd, 258706.767, 111
Trd, 258707.083, 117
Trd, 258708.200, 109
Trd, 258708.567, 107
Trd, 258708.850, 101
Trd, 258709.083, 106
Trd, 258709.117, 107
Trd, 258709.183, 109
Trd, 258709.267, 97
Trd, 258709.283, 94
Trd, 258709.383, 111
Trd, 258709.650, 98
Trd, 258709.717, 108
Trd, 258709.733, 91
Trd, 258709.767, 88
Trd, 258710.117, 102
Trd, 258710.133, 97
Trd, 258710.217, 81
Trd, 258710.233, 120
Trd, 258710.350, 72
Trd, 258710.517, 71
Trd, 258710.733, 101
Trd, 258711.067, 104
Trd, 258711.183, 94
Trd, 258711.967, 116
Trd, 258712.433, 111
Trd, 258712.883, 91
Trd, 258712.900, 119
Trd, 258713.200, 132
Trd, 258713.600, 125
Trd, 258713.900, 111
Trd, 258713.967, 103
Trd, 258714.233, 126
Trd, 258714.333, 124
Trd, 258714.400, 128
Trd, 258715.450, 117
Trd, 258715.583, 116
Trd, 258715.617, 111
Trd, 258716.000, 117
Trd, 258716.350, 111
Trd, 258716.433, 104
Trd, 258716.767, 100
Trd, 258716.900, 126
Trd, 258717.100, 131
Trd, 258717.150, 120
Trd, 258717.183, 109
Trd, 258717.267, 134
Trd, 258717.617, 124
Trd, 258717.717, 108
Trd, 258717.900, 107
Trd, 258717.967, 112
Trd, 258718.100, 106
Trd, 258718.600, 133
Trd, 258718.817, 127
Trd, 258719.183, 129
Trd, 258719.683, 134
Trd, 258719.883, 128
Trd, 258720.200, 121
Trd, 258720.383, 119
Trd, 258720.600, 115
Trd, 258720.950, 130
Trd, 258721.217, 118
Trd, 258721.250, 100
Trd, 258721.750, 135
Trd, 258722.033, 125
Trd, 258722.283, 120
Trd, 258722.900, 126
Trd, 258723.083, 119
Trd, 258723.200, 131
Trd, 258723.250, 115
Trd, 258723.317, 111
Trd, 258723.500, 118
Trd, 258723.533, 109
Trd, 258724.350, 119
Trd, 258724.617, 113
Trd, 258724.750, 105
Trd, 258724.767, 101
Trd, 258724.883, 120
Trd, 258725.100, 111
Trd, 258726.433, 124
Trd, 258726.633, 123
Trd, 258726.767, 121
Trd, 258727.100, 119
Trd, 258727.483, 125
Trd, 258727.517, 108
Trd, 258727.850, 104
Trd, 258728.150, 119
Trd, 258728.183, 125
Trd, 258728.333, 114
Trd, 258728.417, 98
Trd, 258728.683, 90
Trd, 258728.800, 105
Trd, 258728.817, 87
Trd, 258729.200, 108
Trd, 258729.500, 94
Trd, 258729.917, 117
Trd, 258730.200, 123
Trd, 258730.533, 117
Trd, 258730.550, 116
Trd, 258730.567, 116
Trd, 258730.700, 110
Trd, 258731.100, 93
Trd, 258731.150, 106
Trd, 258731.550, 91
Trd, 258731.817, 134
Trd, 258732.133, 125
Trd, 258732.550, 133
Trd, 258732.733, 132
Trd, 258732.800, 123
Trd, 258733.300, 112
Trd, 258733.417, 110
Trd, 258733.583, 106
Trd, 258733.633, 133
Trd, 258734.067, 114
Trd, 258734.450, 113
Trd, 258734.467, 109
Trd, 258734.567, 103
Trd, 258734.933, 105
Trd, 258734.983, 99
Trd, 258736.183, 133
Trd, 258736.233, 130
Trd, 258736.333, 126
Trd, 258736.417, 121
Trd, 258736.467, 99
Trd, 258736.483, 98
Trd, 258736.567, 135
Trd, 258736.900, 131
Trd, 258736.933, 122
Trd, 258736.950, 106
Trd, 258737.150, 116
Trd, 258737.350, 132
Trd, 258737.533, 102
Trd, 258737.917, 111
Trd, 258738.400, 105
Trd, 258739.950, 104
Trd, 258740.217, 115
Trd, 258740.250, 108
Trd, 258740.333, 122
Trd, 258740.517, 100
Trd, 258740.617, 93
Trd, 258740.683, 92
Trd, 258741.650, 121
Trd, 258741.700, 104
Trd, 258742.283, 104
Trd, 258742.383, 101
Trd, 258742.533, 111
Trd, 258742.650, 99
Trd, 258742.783, 125
Trd, 258742.917, 101
Trd, 258743.333, 113
Trd, 258743.550, 105
Trd, 258743.733, 113
Trd, 258743.767, 130
Trd, 258743.800, 104
Trd, 258743.950, 131
Trd, 258744.133, 110
Trd, 258744.267, 104
Trd, 258744.500, 95
Trd, 258744.783, 94
Trd, 258745.633, 111
Trd, 258745.733, 107
Trd, 258745.850, 87
Trd, 258745.950, 85
Trd, 258746.017, 84
Trd, 258746.617, 120
Trd, 258746.950, 124
Trd, 258747.050, 121
Trd, 258747.333, 116
Trd, 258747.533, 130
Trd, 258747.800, 131
Trd, 258747.933, 117
Trd, 258748.000, 114
Trd, 258748.267, 112
Trd, 258748.667, 114
Trd, 258750.117, 137
Trd, 258750.567, 134
Trd, 258750.683, 140
Trd, 258750.900, 135
Trd, 258751.000, 128
Trd, 258751.100, 128
Trd, 258751.333, 131
Trd, 258751.583, 139
Trd, 258751.817, 124
Trd, 258752.033, 122
Trd, 258752.050, 120
Trd, 258752.333, 137
Trd, 258752.683, 135
Trd, 258752.750, 129
Trd, 258752.883, 122
Trd, 258753.350, 111
Trd, 258754.183, 110
Trd, 258754.200, 108
Trd, 258754.367, 125
Trd, 258754.600, 107
Trd, 258754.850, 102
Trd, 258754.900, 96
Trd, 258754.917, 94
Trd, 258754.950, 128
Trd, 258755.017, 94
Trd, 258755.267, 131
Trd, 258756.683, 117
Trd, 258756.717, 119
Trd, 258756.933, 125
Trd, 258757.050, 116
Trd, 258757.117, 99
Trd, 258757.150, 102
Trd, 258757.367, 126
Trd, 258757.783, 116
Trd, 258757.900, 111
Trd, 258758.050, 108
Trd, 258758.117, 102
Trd, 258758.267, 93
Trd, 258758.367, 93
Trd, 258758.400, 114
Trd, 258758.700, 116
Trd, 258759.300, 139
Trd, 258759.533, 138
Trd, 258759.600, 133
Trd, 258760.183, 105
Trd, 258760.233, 93
Trd, 258760.300, 74
Trd, 258760.600, 131
Trd, 258760.867, 135
Trd, 258761.117, 132
Trd, 258761.200, 128
Trd, 258761.267, 127
Trd, 258761.383, 121
Trd, 258761.450, 125
Trd, 258761.633, 107
Trd, 258761.700, 127
Trd, 258761.767, 107
Trd, 258761.933, 104
Trd, 258761.967, 90
Trd, 258762.550, 138
Trd, 258762.633, 128
Trd, 258763.417, 122
Trd, 258763.517, 119
Trd, 258763.667, 111
Trd, 258764.167, 124
Trd, 258764.650, 138
Trd, 258765.150, 122
Trd, 258765.600, 114
Trd, 258765.783, 101
Trd, 258765.950, 108
Trd, 258765.967, 104
Trd, 258766.083, 103
Trd, 258766.117, 109
Trd, 258766.500, 104
Trd, 258766.933, 121
Trd, 258766.967, 104
Trd, 258767.017, 103
Trd, 258767.167, 109
Trd, 258767.333, 97
Trd, 258767.717, 120
Trd, 258768.300, 131
Trd, 258768.500, 108
Trd, 258768.633, 119
Trd, 258769.167, 129
Trd, 258769.333, 136
Trd, 258769.750, 113
Trd, 258770.167, 109
Trd, 258770.267, 110
Trd, 258770.467, 109
Trd, 258771.017, 91
Trd, 258771.233, 94
Trd, 258771.283, 129
Trd, 258771.833, 124
Trd, 258771.900, 123
Trd, 258771.950, 119
Trd, 258772.150, 135
Trd, 258772.450, 137
Trd, 258772.683, 135
Trd, 258773.333, 114
Trd, 258773.350, 114
Trd, 258773.717, 114
Trd, 258774.000, 109
Trd, 258774.133, 126
Trd, 258774.567, 131
Trd, 258774.933, 139
Trd, 258775.517, 103
Trd, 258775.600, 101
Trd, 258775.850, 100
Trd, 258775.867, 96
Trd, 258775.917, 140
Trd, 258776.033, 127
Trd, 258776.250, 92
Trd, 258776.383, 99
Trd, 258776.450, 91
Trd, 258777.017, 120
Trd, 258777.467, 126
Trd, 258777.617, 120
Trd, 258777.650, 109
Trd, 258777.733, 105
Trd, 258777.783, 101
Trd, 258778.183, 100
Trd, 258778.700, 115
Trd, 258778.883, 140
Trd, 258778.900, 109
Trd, 258779.233, 116
Trd, 258779.800, 134
Trd, 258779.833, 124
Trd, 258780.117, 115
Trd, 258780.550, 113
Trd, 258780.717, 133
Trd, 258780.950, 119
Trd, 258781.150, 140
Trd, 258781.400, 118
Trd, 258781.483, 113
Trd, 258781.500, 112
Trd, 258781.733, 116
Trd, 258781.933, 127
Trd, 258782.233, 95
Trd, 258782.483, 134
Trd, 258782.550, 128
Trd, 258782.667, 127
Trd, 258782.717, 126
Trd, 258783.133, 121
Trd, 258783.150, 102
Trd, 258783.833, 128
Trd, 258783.867, 116
Trd, 258783.983, 112
Trd, 258784.383, 113
Trd, 258784.400, 105
Trd, 258784.517, 98
Trd, 258784.733, 113
Trd, 258784.883, 103
Trd, 258784.917, 97
Trd, 258785.200, 84
Trd, 258785.250, 118
Trd, 258785.333, 123
Trd, 258785.700, 115
Trd, 258786.050, 83
Trd, 258786.117, 101
Trd, 258786.367, 122
Trd, 258786.500, 104
Trd, 258787.067, 91
Trd, 258787.400, 90
Trd, 258787.750, 86
Trd, 258787.767, 116
Trd, 258788.300, 123
Trd, 258788.500, 114
Trd, 258788.733, 110
Trd, 258788.850, 109
Trd, 258788.883, 98
Trd, 258788.900, 94
Trd, 258789.217, 114
Trd, 258789.267, 89
Trd, 258789.533, 112
Trd, 258789.583, 102
Trd, 258789.617, 113
Trd, 258790.033, 112
Trd, 258790.350, 121
Trd, 258790.950, 98
Trd, 258791.167, 100
Trd, 258791.283, 110
Trd, 258791.383, 90
Trd, 258791.850, 134
Trd, 258791.867, 133
Trd, 258792.583, 126
Trd, 258792.667, 75
Trd, 258792.833, 122
Trd, 258793.117, 120
Trd, 258793.150, 119
Trd, 258793.317, 104
Trd, 258793.433, 111
Trd, 258793.883, 82
Trd, 258793.950, 94
Trd, 258794.083, 81
Trd, 258794.617, 91
Trd, 258794.850, 92
Trd, 258794.867, 108
Trd, 258794.900, 84
Trd, 258795.450, 140
Trd, 258795.517, 138
Trd, 258795.550, 137
Trd, 258795.650, 124
Trd, 258795.683, 116
Trd, 258796.083, 125
Trd, 258796.317, 108
Trd, 258796.400, 81
Trd, 258796.417, 101
Trd, 258796.600, 88
Trd, 258797.117, 73
Trd, 258797.417, 102
Trd, 258797.583, 111
Trd, 258798.133, 95
Trd, 258798.667, 118
Trd, 258799.033, 127
Trd, 258799.050, 99
Trd, 258799.200, 118
Trd, 258800.033, 127
Trd, 258800.317, 128
Trd, 258800.533, 113
Trd, 258800.667, 118
Trd, 258800.833, 112
Trd, 258801.033, 107
Trd, 258801.133, 125
Trd, 258801.283, 100
Trd, 258801.350, 134
Trd, 258801.517, 119
Trd, 258801.767, 140
Trd, 258801.900, 124
Trd, 258802.133, 112
Trd, 258802.617, 129
Trd, 258802.867, 133
Trd, 258803.000, 112
Trd, 258803.133, 124
Trd, 258803.700, 111
Trd, 258803.833, 109
Trd, 258803.900, 106
Trd, 258804.117, 106
Trd, 258804.650, 121
Trd, 258804.783, 119
Trd, 258805.083, 139
Trd, 258805.233, 115
Trd, 258805.483, 110
Trd, 258805.500, 106
Trd, 258805.750, 117
Trd, 258805.900, 130
Trd, 258805.933, 118
Trd, 258805.967, 99
Trd, 258805.983, 90
Trd, 258806.017, 88
Trd, 258806.783, 126
Trd, 258807.000, 95
Trd, 258807.117, 112
Trd, 258807.450, 133
Trd, 258807.517, 132
Trd, 258807.733, 105
Trd, 258808.267, 127
Trd, 258808.450, 132
Trd, 258809.083, 127
Trd, 258809.150, 124
Trd, 258809.917, 127
Trd, 258809.967, 131
Trd, 258810.250, 115
Trd, 258810.750, 115
Trd, 258810.950, 107
Trd, 258811.033, 102
Trd, 258811.083, 89
Trd, 258811.117, 82
Trd, 258811.250, 117
Trd, 258811.483, 92
Trd, 258811.617, 78
Trd, 258812.150, 111
Trd, 258812.317, 95
Trd, 258812.667, 121
Trd, 258812.817, 123
Trd, 258813.017, 136
Trd, 258813.117, 102
Trd, 258813.317, 95
Trd, 258813.433, 123
Trd, 258813.500, 109
Trd, 258813.517, 94
Trd, 258813.783, 92
Trd, 258813.800, 86
Trd, 258813.850, 84
Trd, 258813.867, 82
Trd, 258813.983, 119
Trd, 258814.333, 140
Trd, 258814.583, 102
Trd, 258815.467, 130
Trd, 258815.783, 127
Trd, 258816.000, 133
Trd, 258816.683, 126
Trd, 258816.950, 129
Trd, 258817.067, 129
Trd, 258817.167, 123
Trd, 258817.233, 130
Trd, 258817.333, 123
Trd, 258818.100, 129
Trd, 258818.233, 122
Trd, 258818.317, 114
Trd, 258818.483, 113
Trd, 258818.700, 103
Trd, 258818.750, 100
Trd, 258819.033, 130
Trd, 258819.050, 85
Trd, 258819.200, 123
Trd, 258819.333, 132
Trd, 258819.533, 130
Trd, 258819.667, 117
Trd, 258819.767, 112
Trd, 258820.017, 84
Trd, 258820.100, 76
Trd, 258820.633, 64
Trd, 258821.200, 105
Trd, 258821.283, 108
Trd, 258821.950, 102
Trd, 258822.067, 118
Trd, 258822.333, 102
Trd, 258822.533, 120
Trd, 258822.933, 129
Trd, 258823.000, 134
Trd, 258823.133, 127
Trd, 258823.183, 126
Trd, 258823.383, 118
Trd, 258823.533, 115
Trd, 258823.800, 127
Trd, 258823.917, 129
Trd, 258824.550, 133
Trd, 258824.600, 116
Trd, 258825.217, 111
Trd, 258825.417, 124
Trd, 258825.467, 107
Trd, 258825.633, 104
Trd, 258826.350, 120
Trd, 258826.533, 136
Trd, 258826.633, 105
Trd, 258826.700, 134
Trd, 258826.783, 102
Trd, 258826.883, 132
Trd, 258827.350, 101
Trd, 258827.450, 108
Trd, 258827.867, 117
Trd, 258827.917, 118
Trd, 258827.967, 109
Trd, 258828.117, 109
Trd, 258828.400, 139
Trd, 258828.567, 116
Trd, 258828.950, 103
Trd, 258828.983, 91
Trd, 258829.183, 111
Trd, 258829.417, 118
Trd, 258830.400, 93
Trd, 258830.483, 90
Trd, 258830.583, 89
Trd, 258830.867, 98
Trd, 258830.917, 109
Trd, 258831.350, 96
Trd, 258831.383, 91
Trd, 258831.600, 99
Trd, 258831.800, 106
Trd, 258831.967, 100
Trd, 258832.333, 100
Trd, 258832.367, 95
Trd, 258832.733, 126
Trd, 258832.833, 81
Trd, 258833.167, 125
Trd, 258833.267, 108
Trd, 258833.767, 116
Trd, 258833.800, 121
Trd, 258833.817, 102
Trd, 258833.950, 108
Trd, 258834.100, 108
Trd, 258834.267, 102
Trd, 258834.433, 102
Trd, 258834.733, 135
Trd, 258834.750, 128
Trd, 258834.800, 127
Trd, 258835.367, 123
Trd, 258835.717, 139
Trd, 258835.833, 114
Trd, 258836.283, 133
Trd, 258836.617, 116
Trd, 258837.083, 138
Trd, 258837.100, 137
Trd, 258837.500, 135
Trd, 258837.533, 120
Trd, 258837.967, 118
Trd, 258838.117, 112
Trd, 258838.167, 108
Trd, 258838.350, 104
Trd, 258838.600, 117
Trd, 258838.700, 103
Trd, 258839.100, 113
Trd, 258839.117, 116
Trd, 258839.350, 137
Trd, 258839.517, 89
Trd, 258840.017, 127
Trd, 258840.550, 102
Trd, 258840.867, 128
Trd, 258840.967, 129
Trd, 258841.683, 132
Trd, 258841.717, 130
Trd, 258842.017, 125
Trd, 258842.233, 101
Trd, 258842.317, 98
Trd, 258842.600, 109
Trd, 258842.633, 126
Trd, 258842.717, 97
Trd, 258843.117, 93
Trd, 258843.383, 112
Trd, 258843.617, 96
Trd, 258843.700, 122
Trd, 258843.733, 94
Trd, 258843.883, 91
Trd, 258843.950, 90
Trd, 258844.267, 113
Trd, 258844.367, 127
Trd, 258844.700, 133
Trd, 258844.833, 126
Trd, 258845.033, 138
Trd, 258845.233, 122
Trd, 258845.450, 112
Trd, 258845.483, 89
Trd, 258846.133, 108
Trd, 258846.417, 93
Trd, 258846.433, 86
Trd, 258846.450, 105
Trd, 258846.567, 85
Trd, 258846.650, 96
Trd, 258846.800, 123
Trd, 258847.200, 138
Trd, 258847.617, 116
Trd, 258847.700, 115
Trd, 258847.917, 113
Trd, 258847.967, 112
Trd, 258848.800, 98
Trd, 258848.867, 113
Trd, 258849.233, 105
Trd, 258849.450, 138
Trd, 258849.517, 97
Trd, 258850.033, 129
Trd, 258850.117, 105
Trd, 258850.250, 103
Trd, 258850.367, 114
Trd, 258850.417, 109
Trd, 258851.017, 136
Trd, 258851.117, 124
Trd, 258851.400, 124
Trd, 258851.883, 119
Trd, 258851.983, 118
Trd, 258852.167, 116
Trd, 258852.183, 112
Trd, 258852.650, 106
Trd, 258852.900, 111
Trd, 258853.017, 105
Trd, 258853.400, 134
Trd, 258854.250, 104
Trd, 258854.483, 109
Trd, 258854.533, 136
Trd, 258855.100, 102
Trd, 258855.233, 106
Trd, 258855.433, 115
Trd, 258855.533, 96
Trd, 258855.800, 111
Trd, 258855.933, 109
Trd, 258856.333, 99
Trd, 258856.500, 103
Trd, 258856.817, 87
Trd, 258857.117, 105
Trd, 258857.333, 110
Trd, 258857.500, 115
Trd, 258857.567, 84
Trd, 258857.967, 98
Trd, 258858.033, 89
Trd, 258858.183, 106
Trd, 258858.383, 98
Trd, 258858.500, 125
Trd, 258858.533, 107
Trd, 258858.817, 140
Trd, 258858.883, 93
Trd, 258859.350, 140
Trd, 258859.500, 130
Trd, 258859.533, 128
Trd, 258860.383, 121
Trd, 258860.550, 118
Trd, 258860.650, 113
Trd, 258860.967, 111
Trd, 258861.000, 100
Trd, 258861.383, 140
Trd, 258862.933, 113
Trd, 258862.983, 112
Trd, 258863.233, 103
Trd, 258863.317, 95
Trd, 258863.717, 115
Trd, 258863.733, 98
Trd, 258863.750, 119
Trd, 258863.833, 134
Trd, 258864.217, 126
Trd, 258864.317, 126
Trd, 258864.517, 124
Trd, 258864.650, 134
Trd, 258864.717, 136
Trd, 258864.933, 140
Trd, 258865.350, 121
Trd, 258865.383, 116
Trd, 258865.683, 109
Trd, 258865.783, 115
Trd, 258866.033, 106
Trd, 258866.267, 106
Trd, 258866.317, 106
Trd, 258866.350, 118
Trd, 258866.467, 92
Trd, 258866.767, 109
Trd, 258866.983, 125
Trd, 258867.767, 138
Trd, 258868.150, 135
Trd, 258868.400, 133
Trd, 258868.633, 119
Trd, 258868.717, 122
Trd, 258868.817, 116
Trd, 258868.950, 118
Trd, 258869.433, 110
Trd, 258869.800, 120
Trd, 258869.967, 105
Trd, 258870.017, 99
Trd, 258870.267, 121
Trd, 258870.383, 117
Trd, 258870.483, 110
Trd, 258870.983, 114
Trd, 258871.533, 120
Trd, 258871.733, 131
Trd, 258872.083, 132
Trd, 258872.117, 128
Trd, 258872.567, 115
Trd, 258872.783, 107
Trd, 258872.850, 104
Trd, 258873.000, 100
Trd, 258873.067, 137
Trd, 258873.283, 104
Trd, 258873.417, 128
Trd, 258874.200, 109
Trd, 258874.217, 108
Trd, 258874.517, 121
Trd, 258874.583, 121
Trd, 258875.450, 126
Trd, 258875.550, 121
Trd, 258876.183, 119
Trd, 258876.383, 118
Trd, 258876.567, 109
Trd, 258876.617, 100
Trd, 258876.733, 133
Trd, 258877.150, 99
Trd, 258877.350, 103
Trd, 258877.500, 99
Trd, 258877.917, 99
Trd, 258878.017, 123
Trd, 258878.383, 110
Trd, 258879.000, 116
Trd, 258879.167, 105
Trd, 258879.200, 103
Trd, 258879.333, 100
Trd, 258879.717, 98
Trd, 258880.050, 131
Trd, 258880.283, 109
Trd, 258880.400, 129
Trd, 258880.600, 103
Trd, 258880.617, 90
Trd, 258880.833, 89
Trd, 258881.033, 85
Trd, 258881.117, 80
Trd, 258881.467, 128
Trd, 258882.117, 135
Trd, 258882.217, 126
Trd, 258882.283, 122
Trd, 258882.467, 136
Trd, 258882.500, 113
Trd, 258882.800, 119
Trd, 258882.867, 116
Trd, 258883.600, 134
Trd, 258883.683, 133
Trd, 258883.867, 123
Trd, 258883.983, 122
Trd, 258884.333, 115
Trd, 258884.467, 111
Trd, 258884.733, 102
Trd, 258884.783, 99
Trd, 258884.917, 99
Trd, 258885.067, 110
Trd, 258885.200, 90
Trd, 258885.450, 111
Trd, 258885.850, 108
Trd, 258885.867, 108
Trd, 258886.217, 88
Trd, 258886.833, 115
Trd, 258887.417, 138
Trd, 258887.950, 138
Trd, 258888.200, 124
Trd, 258888.283, 131
Trd, 258888.517, 118
Trd, 258888.800, 127
Trd, 258888.983, 105
Trd, 258889.317, 107
Trd, 258889.367, 92
Trd, 258889.900, 137
Trd, 258890.133, 127
Trd, 258890.150, 113
Trd, 258890.433, 117
Trd, 258890.550, 113
Trd, 258890.700, 109
Trd, 258890.800, 111
Trd, 258890.967, 122
Trd, 258891.233, 118
Trd, 258891.283, 134
Trd, 258891.317, 115
Trd, 258891.633, 133
Trd, 258891.750, 114
Trd, 258891.933, 114
Trd, 258892.200, 114
Trd, 258892.267, 107
Trd, 258892.300, 106
Trd, 258892.317, 105
Trd, 258892.883, 127
Trd, 258892.933, 123
Trd, 258893.267, 117
Trd, 258893.383, 113
Trd, 258893.700, 111
Trd, 258894.683, 131
Trd, 258895.167, 127
Trd, 258895.500, 135
Trd, 258895.583, 126
Trd, 258895.683, 121
Trd, 258895.733, 120
Trd, 258896.067, 135
Trd, 258896.967, 116
Trd, 258897.100, 105
Trd, 258897.133, 128
Trd, 258897.583, 125
Trd, 258897.650, 100
Trd, 258897.733, 98
Trd, 258897.950, 129
Trd, 258898.233, 120
Trd, 258898.417, 133
Trd, 258898.483, 118
Trd, 258898.700, 123
Trd, 258898.883, 120
Trd, 258899.150, 99
Trd, 258899.600, 98
Trd, 258900.400, 98
Trd, 258900.583, 108
Trd, 258900.683, 137
Trd, 258900.750, 104
Trd, 258900.983, 129
Trd, 258901.033, 109
Trd, 258901.217, 92
Trd, 258901.517, 116
Trd, 258901.933, 96
Trd, 258902.100, 130
Trd, 258902.167, 115
Trd, 258902.283, 100
Trd, 258902.533, 101
Trd, 258902.967, 110
Trd, 258903.100, 104
Trd, 258903.167, 99
Trd, 258903.417, 139
Trd, 258903.817, 121
Trd, 258904.150, 100
Trd, 258904.267, 89
Trd, 258904.383, 129
Trd, 258905.300, 137
Trd, 258905.617, 134
Trd, 258905.850, 116
Trd, 258906.350, 131
Trd, 258906.517, 130
Trd, 258906.550, 124
Trd, 258907.233, 134
Trd, 258907.283, 116
Trd, 258907.300, 116
Trd, 258907.700, 136
Trd, 258907.783, 124
Trd, 258908.017, 108
Trd, 258908.233, 105
Trd, 258908.283, 105
Trd, 258908.533, 91
Trd, 258908.583, 102
Trd, 258909.250, 101
Trd, 258909.583, 96
Trd, 258910.217, 135
Trd, 258910.233, 127
Trd, 258910.483, 127
Trd, 258910.533, 123
Trd, 258910.733, 114
Trd, 258911.467, 122
Trd, 258911.817, 110
Trd, 258911.983, 123
Trd, 258912.050, 130
Trd, 258912.433, 120
Trd, 258912.450, 118
Trd, 258912.517, 109
Trd, 258912.550, 104
Trd, 258912.867, 104
Trd, 258913.167, 132
Trd, 258913.900, 130
Trd, 258914.233, 132
Trd, 258914.483, 111
Trd, 258914.900, 125
Trd, 258915.167, 101
Trd, 258915.300, 102
Trd, 258915.750, 138
Trd, 258915.767, 107
Trd, 258916.017, 95
Trd, 258916.450, 126
Trd, 258917.250, 126
Trd, 258917.433, 123
Trd, 258917.483, 120
Trd, 258917.917, 116
Trd, 258918.117, 116
Trd, 258918.483, 134
Trd, 258919.050, 126
Trd, 258919.083, 116
Trd, 258919.100, 132
Trd, 258919.317, 128
Trd, 258919.400, 140
Trd, 258919.950, 122
Trd, 258920.083, 113
Trd, 258920.200, 111
Trd, 258920.233, 109
Trd, 258920.250, 112
Trd, 258920.400, 129
Trd, 258921.183, 120
Trd, 258921.300, 116
Trd, 258921.600, 109
Trd, 258922.533, 133
Trd, 258922.800, 138
Trd, 258923.100, 135
Trd, 258923.617, 122
Trd, 258923.717, 114
Trd, 258924.017, 125
Trd, 258924.117, 122
Trd, 258924.600, 115
Trd, 258924.733, 107
Trd, 258924.783, 101
Trd, 258925.133, 107
Trd, 258925.217, 96
Trd, 258925.300, 92
Trd, 258925.483, 91
Trd, 258925.600, 111
Trd, 258926.200, 133
Trd, 258926.450, 126
Trd, 258927.033, 117
Trd, 258927.250, 122
Trd, 258927.333, 121
Trd, 258927.550, 117
Trd, 258927.767, 117
Trd, 258928.117, 136
Trd, 258928.317, 137
Trd, 258928.583, 135
Trd, 258928.600, 134
Trd, 258928.650, 117
Trd, 258928.933, 128
Trd, 258929.267, 118
Trd, 258929.350, 135
Trd, 258929.700, 114
Trd, 258930.233, 132
Trd, 258930.350, 131
Trd, 258930.567, 137
Trd, 258931.517, 137
Trd, 258931.567, 135
Trd, 258931.933, 134
Trd, 258932.017, 131
Trd, 258932.117, 118
Trd, 258932.300, 111
Trd, 258932.350, 107
Trd, 258932.467, 106
Trd, 258933.183, 130
Trd, 258933.583, 112
Trd, 258933.817, 138
Trd, 258933.833, 115
Trd, 258933.883, 106
Trd, 258934.000, 104
Trd, 258934.233, 100
Trd, 258934.483, 135
Trd, 258934.617, 124
Trd, 258934.700, 109
Trd, 258935.017, 100
Trd, 258935.217, 125
Trd, 258935.417, 133
Trd, 258935.717, 120
Trd, 258936.167, 136
Trd, 258936.383, 115
Trd, 258936.817, 107
Trd, 258937.200, 130
Trd, 258937.533, 137
Trd, 258937.917, 134
Trd, 258937.933, 133
Trd, 258938.033, 128
Trd, 258938.117, 136
Trd, 258938.767, 136
Trd, 258939.150, 131
Trd, 258939.533, 140
Trd, 258939.933, 126
Trd, 258939.967, 116
Trd, 258940.100, 113
Trd, 258940.183, 112
Trd, 258940.267, 109
Trd, 258940.617, 136
Trd, 258940.900, 112
Trd, 258941.467, 105
Trd, 258941.700, 135
Trd, 258941.717, 123
Trd, 258941.750, 91
Trd, 258942.100, 93
Trd, 258942.217, 137
Trd, 258943.117, 137
Trd, 258943.233, 125
Trd, 258943.533, 123
Trd, 258943.717, 138
Trd, 258943.883, 127
Trd, 258944.033, 125
Trd, 258944.250, 119
Trd, 258944.367, 113
Trd, 258945.017, 137
Trd, 258945.067, 134
Trd, 258945.333, 132
Trd, 258945.367, 130
Trd, 258945.750, 117
Trd, 258945.767, 112
Trd, 258945.783, 111
Trd, 258945.800, 108
Trd, 258945.900, 106
Trd, 258946.450, 95
Trd, 258946.633, 119
Trd, 258946.683, 132
Trd, 258947.950, 125
Trd, 258948.150, 113
Trd, 258948.250, 121
Trd, 258948.467, 113
Trd, 258948.667, 100
Trd, 258948.733, 100
Trd, 258949.183, 78
Trd, 258949.200, 80
Trd, 258949.600, 127
Trd, 258949.667, 136
Trd, 258949.767, 80
Trd, 258949.900, 104
Trd, 258950.567, 138
Trd, 258950.583, 137
Trd, 258950.700, 106
Trd, 258950.733, 116
Trd, 258951.000, 123
Trd, 258951.200, 95
Trd, 258951.283, 103
Trd, 258951.367, 73
Trd, 258951.617, 83
Trd, 258952.583, 127
Trd, 258953.483, 130
Trd, 258953.633, 137
Trd, 258953.717, 137
Trd, 258953.800, 126
Trd, 258953.867, 126
Trd, 258954.100, 139
Trd, 258954.500, 134
Trd, 258954.833, 134
Trd, 258954.900, 133
Trd, 258955.417, 115
Trd, 258955.700, 109
Trd, 258956.200, 121
Trd, 258956.483, 104
Trd, 258956.517, 103
Trd, 258957.417, 132
Trd, 258957.717, 129
Trd, 258957.733, 113
Trd, 258957.883, 108
Trd, 258958.333, 114
Trd, 258958.550, 108
Trd, 258958.817, 111
Trd, 258958.967, 107
Trd, 258959.400, 114
Trd, 258959.517, 111
Trd, 258959.683, 105
Trd, 258959.733, 118
Trd, 258960.000, 102
Trd, 258960.250, 95
Trd, 258960.267, 105
Trd, 258960.417, 93
Trd, 258960.667, 92
Trd, 258960.767, 102
Trd, 258960.817, 89
Trd, 258960.850, 104
Trd, 258961.367, 117
Trd, 258961.500, 92
Trd, 258961.883, 85
Trd, 258962.083, 137
Trd, 258962.683, 140
Trd, 258962.900, 134
Trd, 258962.967, 129
Trd, 258963.167, 124
Trd, 258963.217, 106
Trd, 258963.400, 103
Trd, 258963.667, 116
Trd, 258963.750, 98
Trd, 258964.417, 119
Trd, 258964.917, 117
Trd, 258964.933, 116
Trd, 258965.017, 112
Trd, 258965.150, 104
Trd, 258965.300, 100
Trd, 258965.533, 120
Trd, 258966.200, 121
Trd, 258966.500, 114
Trd, 258966.633, 113
Trd, 258966.783, 113
Trd, 258967.300, 93
Trd, 258967.467, 105
Trd, 258967.833, 105
Trd, 258967.883, 106
Trd, 258968.183, 115
Trd, 258968.250, 102
Trd, 258968.350, 126
Trd, 258968.833, 113
Trd, 258968.900, 94
Trd, 258969.017, 92
Trd, 258969.317, 130
Trd, 258969.400, 99
Trd, 258969.750, 134
Trd, 258970.467, 105
Trd, 258970.750, 102
Trd, 258970.800, 136
Trd, 258970.850, 101
Trd, 258971.133, 108
Trd, 258971.483, 112
Trd, 258971.683, 114
Trd, 258971.817, 106
Trd, 258971.933, 101
Trd, 258972.233, 116
Trd, 258972.267, 102
Trd, 258972.367, 94
Trd, 258972.517, 117
Trd, 258972.717, 119
Trd, 258972.983, 93
Trd, 258974.167, 131
Trd, 258974.233, 116
Trd, 258974.367, 105
Trd, 258974.517, 105
Trd, 258974.600, 102
Trd, 258974.633, 132
Trd, 258975.283, 120
Trd, 258975.317, 114
Trd, 258975.500, 112
Trd, 258975.533, 106
Trd, 258975.733, 129
Trd, 258975.800, 127
Trd, 258976.017, 140
Trd, 258976.467, 113
Trd, 258976.517, 99
Trd, 258976.600, 94
Trd, 258976.900, 105
Trd, 258977.667, 83
Trd, 258977.733, 111
Trd, 258977.867, 111
Trd, 258978.300, 136
Trd, 258978.633, 119
Trd, 258978.650, 118
Trd, 258979.117, 122
Trd, 258979.333, 121
Trd, 258979.483, 137
Trd, 258979.650, 112
Trd, 258980.217, 130
Trd, 258980.483, 127
Trd, 258980.533, 126
Trd, 258981.017, 125
Trd, 258981.183, 120
Trd, 258981.400, 118
Trd, 258981.483, 128
Trd, 258982.050, 107
Trd, 258982.183, 103
Trd, 258982.267, 103
Trd, 258982.417, 101
Trd, 258982.533, 99
Trd, 258982.550, 96
Trd, 258982.967, 94
Trd, 258983.000, 99
Trd, 258983.650, 109
Trd, 258983.767, 124
Trd, 258983.817, 110
Trd, 258984.067, 128
Trd, 258984.300, 107
Trd, 258984.383, 107
Trd, 258984.850, 129
Trd, 258985.117, 112
Trd, 258985.267, 133
Trd, 258985.350, 129
Trd, 258985.450, 106
Trd, 258985.700, 126
Trd, 258985.983, 113
Trd, 258986.000, 127
Trd, 258986.617, 107
Trd, 258987.267, 123
Trd, 258987.350, 117
Trd, 258988.017, 117
Trd, 258988.217, 131
Trd, 258988.267, 105
Trd, 258988.600, 132
Trd, 258988.900, 130
Trd, 258988.933, 116
Trd, 258989.100, 115
Trd, 258989.350, 132
Trd, 258989.650, 121
Trd, 258989.717, 119
Trd, 258989.917, 111
Trd, 258990.150, 101
Trd, 258990.167, 99
Trd, 258990.183, 95
Trd, 258990.267, 133
Trd, 258990.667, 108
Trd, 258990.900, 93
Trd, 258990.933, 110
Trd, 258991.083, 100
Trd, 258991.517, 92
Trd, 258992.483, 125
Trd, 258992.550, 124
Trd, 258992.817, 137
Trd, 258992.950, 122
Trd, 258993.050, 115
Trd, 258993.117, 103
Trd, 258993.200, 139
Trd, 258993.750, 132
Trd, 258994.017, 117
Trd, 258994.400, 133
Trd, 258994.733, 119
Trd, 258994.767, 115
Trd, 258994.783, 113
Trd, 258994.833, 135
Trd, 258994.950, 109
Trd, 258994.967, 118
Trd, 258995.333, 108
Trd, 258995.633, 106
Trd, 258995.650, 104
Trd, 258995.683, 100
Trd, 258996.050, 124
Trd, 258996.283, 124
Trd, 258997.200, 110
Trd, 258997.300, 108
Trd, 258997.767, 133
Trd, 258997.917, 118
Trd, 258998.667, 124
Trd, 258998.817, 112
Trd, 258999.150, 136
Trd, 258999.500, 124
Trd, 258999.683, 125
Trd, 258999.833, 123
Trd, 258999.983, 119
Trd, 259000.067, 117
Trd, 259000.300, 125
Trd, 259000.533, 116
Trd, 259001.150, 112
Trd, 259001.217, 117
Trd, 259001.317, 110
Trd, 259001.700, 104
Trd, 259001.983, 114
Trd, 259002.050, 97
Trd, 259002.083, 96
Trd, 259002.550, 114
Trd, 259002.800, 130
Trd, 259003.000, 129
Trd, 259003.083, 123
Trd, 259003.417, 106
Trd, 259003.550, 102
Trd, 259003.767, 101
Trd, 259003.933, 126
Trd, 259004.300, 95
Trd, 259004.367, 105
Trd, 259004.433, 107
Trd, 259004.483, 94
Trd, 259004.533, 107
Trd, 259004.833, 101
Trd, 259005.167, 118
Trd, 259005.183, 105
Trd, 259005.300, 122
Trd, 259005.700, 110
Trd, 259005.850, 119
Trd, 259005.917, 99
Trd, 259005.967, 131
Trd, 259006.050, 121
Trd, 259006.250, 111
Trd, 259007.050, 122
Trd, 259007.267, 102
Trd, 259007.667, 107
Trd, 259007.750, 106
Trd, 259007.817, 103
Trd, 259008.050, 119
Trd, 259008.100, 105
Trd, 259008.133, 100
Trd, 259008.267, 123
Trd, 259008.333, 94
Trd, 259009.033, 88
Trd, 259009.067, 90
Trd, 259009.383, 92
Trd, 259009.400, 86
Trd, 259009.450, 100
Trd, 259009.683, 80
Trd, 259009.983, 113
Trd, 259010.017, 74
Trd, 259010.483, 126
Trd, 259010.850, 124
Trd, 259011.133, 131
Trd, 259011.200, 125
Trd, 259011.500, 117
Trd, 259011.767, 118
Trd, 259012.033, 113
Trd, 259012.067, 108
Trd, 259012.283, 104
Trd, 259012.600, 117
Trd, 259012.817, 122
Trd, 259013.000, 99
Trd, 259013.383, 115
Trd, 259013.717, 104
Trd, 259013.783, 100
Trd, 259013.833, 98
Trd, 259013.867, 96
Trd, 259013.883, 119
Trd, 259014.067, 124
Trd, 259014.100, 86
Trd, 259014.217, 81
Trd, 259014.250, 134
Trd, 259014.883, 129
Trd, 259015.050, 120
Trd, 259015.300, 119
Trd, 259015.933, 100
Trd, 259016.033, 117
Trd, 259016.300, 97
Trd, 259016.417, 107
Trd, 259016.617, 109
Trd, 259016.750, 95
Trd, 259016.900, 105
Trd, 259017.417, 115
Trd, 259017.883, 126
Trd, 259018.017, 107
Trd, 259018.250, 107
Trd, 259018.450, 101
Trd, 259018.483, 92
Trd, 259018.533, 113
Trd, 259018.683, 82
Trd, 259018.900, 117
Trd, 259019.150, 129
Trd, 259019.600, 124
Trd, 259019.833, 111
Trd, 259019.900, 139
Trd, 259020.350, 125
Trd, 259020.717, 124
Trd, 259020.900, 134
Trd, 259020.950, 128
Trd, 259020.967, 124
Trd, 259021.117, 99
Trd, 259021.450, 100
Trd, 259021.533, 96
Trd, 259022.300, 106
Trd, 259022.917, 118
Trd, 259022.933, 134
Trd, 259023.067, 134
Trd, 259023.167, 100
Trd, 259023.917, 114
Trd, 259024.067, 107
Trd, 259024.150, 102
Trd, 259024.167, 97
Trd, 259024.300, 106
Trd, 259024.550, 110
Trd, 259024.583, 105
Trd, 259024.783, 116
Trd, 259024.900, 132
Trd, 259025.183, 97
Trd, 259025.233, 101
Trd, 259025.467, 108
Trd, 259025.633, 107
Trd, 259026.000, 110
Trd, 259026.250, 105
Trd, 259026.367, 102
Trd, 259026.417, 94
Trd, 259026.833, 106
Trd, 259026.917, 117
Trd, 259027.183, 132
Trd, 259027.450, 130
Trd, 259027.567, 107
Trd, 259027.800, 95
Trd, 259028.133, 116
Trd, 259028.250, 131
Trd, 259028.733, 132
Trd, 259028.767, 131
Trd, 259028.950, 115
Trd, 259029.050, 128
Trd, 259029.250, 134
Trd, 259029.450, 132
Trd, 259029.483, 124
Trd, 259030.083, 128
Trd, 259030.233, 114
Trd, 259030.367, 108
Trd, 259030.933, 133
Trd, 259031.033, 132
Trd, 259031.167, 107
Trd, 259031.650, 105
Trd, 259031.750, 95
Trd, 259031.900, 96
Trd, 259032.317, 137
Trd, 259032.783, 138
Trd, 259033.050, 132
Trd, 259033.267, 125
Trd, 259033.650, 114
Trd, 259034.050, 103
Trd, 259034.117, 102
Trd, 259034.133, 97
Trd, 259034.150, 107
Trd, 259034.717, 119
Trd, 259034.767, 114
Trd, 259034.850, 85
Trd, 259035.067, 75
Trd, 259035.250, 80
Trd, 259035.450, 122
Trd, 259035.733, 128
Trd, 259035.750, 132
Trd, 259035.767, 106
Trd, 259036.450, 138
Trd, 259036.517, 136
Trd, 259037.183, 138
Trd, 259037.217, 114
Trd, 259037.633, 118
Trd, 259038.333, 129
Trd, 259038.350, 117
Trd, 259038.400, 112
Trd, 259038.500, 111
Trd, 259038.583, 110
Trd, 259038.633, 100
Trd, 259038.900, 115
Trd, 259039.283, 130
Trd, 259039.333, 137
Trd, 259039.433, 124
Trd, 259039.517, 123
Trd, 259039.633, 100
Trd, 259039.883, 101
Trd, 259039.967, 94
Trd, 259040.433, 139
Trd, 259040.883, 96
Trd, 259040.950, 96
Trd, 259041.233, 130
Trd, 259041.467, 125
Trd, 259041.667, 103
Trd, 259041.900, 113
Trd, 259042.117, 91
Trd, 259042.150, 85
Trd, 259042.583, 111
Trd, 259042.800, 92
Trd, 259043.183, 136
Trd, 259043.500, 131
Trd, 259043.883, 133
Trd, 259044.017, 132
Trd, 259044.400, 108
Trd, 259044.567, 113
Trd, 259044.833, 114
Trd, 259045.383, 122
Trd, 259045.483, 122
Trd, 259046.150, 109
Trd, 259046.183, 108
Trd, 259046.317, 106
Trd, 259046.900, 114
Trd, 259047.050, 106
Trd, 259048.067, 102
Trd, 259048.167, 110
Trd, 259048.200, 109
Trd, 259048.267, 92
Trd, 259048.283, 105
Trd, 259048.583, 122
Trd, 259049.683, 126
Trd, 259050.167, 126
Trd, 259050.333, 125
Trd, 259050.600, 119
Trd, 259050.617, 116
Trd, 259051.067, 136
Trd, 259051.317, 118
Trd, 259051.433, 125
Trd, 259051.483, 117
Trd, 259051.733, 103
Trd, 259051.750, 124
Trd, 259051.900, 110
Trd, 259051.950, 102
Trd, 259052.367, 111
Trd, 259052.583, 122
Trd, 259052.633, 112
Trd, 259053.167, 101
Trd, 259053.333, 100
Trd, 259053.483, 108
Trd, 259053.850, 81
Trd, 259053.933, 120
Trd, 259054.417, 117
Trd, 259054.550, 107
Trd, 259054.983, 134
Trd, 259055.250, 126
Trd, 259055.767, 106
Trd, 259056.033, 127
Trd, 259056.500, 118
Trd, 259056.517, 135
Trd, 259056.567, 104
Trd, 259056.650, 103
Trd, 259056.767, 98
Trd, 259057.117, 107
Trd, 259057.167, 128
Trd, 259057.450, 115
Trd, 259057.467, 87
Trd, 259058.450, 129
Trd, 259058.467, 113
Trd, 259058.983, 99
Trd, 259059.133, 83
Trd, 259059.350, 103
Trd, 259059.850, 101
Trd, 259060.067, 121
Trd, 259060.167, 95
Trd, 259060.267, 94
Trd, 259060.700, 124
Trd, 259060.733, 105
Trd, 259060.750, 101
Trd, 259061.350, 140
Trd, 259061.400, 133
Trd, 259061.817, 132
Trd, 259061.850, 127
Trd, 259062.033, 128
Trd, 259062.250, 111
Trd, 259062.300, 109
Trd, 259062.700, 106
Trd, 259062.750, 105
Trd, 259062.817, 105
Trd, 259062.867, 99
Trd, 259063.067, 97
Trd, 259063.267, 114
Trd, 259063.467, 103
Trd, 259063.667, 128
Trd, 259063.767, 135
Trd, 259064.117, 128
Trd, 259064.583, 134
Trd, 259064.700, 123
Trd, 259064.733, 107
Trd, 259065.000, 119
Trd, 259065.917, 127
Trd, 259065.967, 127
Trd, 259066.183, 119
Trd, 259066.400, 122
Trd, 259066.750, 104
Trd, 259067.067, 110
Trd, 259067.100, 109
Trd, 259067.200, 100
Trd, 259067.283, 96
Trd, 259067.633, 95
Trd, 259067.717, 121
Trd, 259067.817, 123
Trd, 259068.817, 111
Trd, 259068.833, 109
Trd, 259068.883, 98
Trd, 259069.367, 111
Trd, 259070.050, 120
Trd, 259070.067, 122
Trd, 259070.100, 122
Trd, 259070.200, 108
Trd, 259070.483, 111
Trd, 259070.667, 111
Trd, 259071.150, 131
Trd, 259071.417, 128
Trd, 259072.217, 127
Trd, 259072.600, 122
Trd, 259072.617, 113
Trd, 259072.700, 112
Trd, 259072.917, 109
Trd, 259073.200, 106
Trd, 259073.233, 111
Trd, 259073.500, 126
Trd, 259073.800, 131
Trd, 259074.117, 130
Trd, 259074.350, 122
Trd, 259074.383, 112
Trd, 259074.883, 118
Trd, 259074.933, 110
Trd, 259075.617, 120
Trd, 259075.683, 130
Trd, 259075.750, 131
Trd, 259075.900, 125
Trd, 259076.017, 109
Trd, 259076.383, 127
Trd, 259076.800, 100
Trd, 259077.000, 102
Trd, 259077.317, 132
Trd, 259077.467, 111
Trd, 259077.950, 115
Trd, 259078.017, 97
Trd, 259078.133, 131
Trd, 259078.167, 103
Trd, 259078.750, 99
Trd, 259078.800, 97
Trd, 259078.933, 112
Trd, 259079.017, 111
Trd, 259079.333, 99
Trd, 259079.367, 110
Trd, 259079.417, 93
Trd, 259079.483, 112
Trd, 259079.583, 120
Trd, 259079.683, 82
Trd, 259079.750, 89
Trd, 259080.300, 128
Trd, 259080.533, 132
Trd, 259081.383, 133
Trd, 259081.450, 131
Trd, 259081.517, 107
Trd, 259081.783, 96
Trd, 259081.917, 96
Trd, 259082.133, 101
Trd, 259082.483, 116
Trd, 259082.983, 120
Trd, 259083.050, 101
Trd, 259083.283, 134
Trd, 259084.017, 104
Trd, 259084.050, 122
Trd, 259084.067, 102
Trd, 259084.183, 99
Trd, 259084.200, 86
Trd, 259084.417, 123
Trd, 259084.500, 116
Trd, 259084.583, 85
Trd, 259084.750, 79
Trd, 259084.950, 134
Trd, 259085.117, 110
Trd, 259085.183, 79
Trd, 259085.267, 138
Trd, 259085.750, 113
Trd, 259085.800, 109
Trd, 259086.350, 129
Trd, 259086.833, 127
Trd, 259086.967, 127
Trd, 259087.050, 126
Trd, 259087.267, 120
Trd, 259087.750, 117
Trd, 259087.850, 132
Trd, 259088.383, 131
Trd, 259088.550, 127
Trd, 259088.567, 112
Trd, 259088.650, 125
Trd, 259088.717, 109
Trd, 259089.083, 119
Trd, 259089.233, 109
Trd, 259089.567, 106
Trd, 259090.283, 136
Trd, 259090.700, 122
Trd, 259090.783, 121
Trd, 259091.033, 137
Trd, 259091.083, 115
Trd, 259091.117, 117
Trd, 259091.417, 101
Trd, 259091.517, 119
Trd, 259091.600, 120
Trd, 259091.800, 100
Trd, 259092.083, 137
Trd, 259092.100, 114
Trd, 259092.850, 113
Trd, 259092.950, 112
Trd, 259093.083, 116
Trd, 259093.333, 103
Trd, 259093.350, 73
Trd, 259093.517, 81
Trd, 259093.817, 102
Trd, 259093.967, 92
Trd, 259094.350, 128
Trd, 259094.467, 133
Trd, 259094.517, 91
Trd, 259095.233, 120
Trd, 259095.400, 123
Trd, 259095.517, 113
Trd, 259095.733, 108
Trd, 259096.083, 118
Trd, 259096.100, 125
Trd, 259097.033, 122
Trd, 259097.367, 118
Trd, 259097.933, 104
Trd, 259098.483, 120
Trd, 259098.967, 116
Trd, 259099.017, 123
Trd, 259099.117, 110
Trd, 259099.250, 114
Trd, 259099.283, 105
Trd, 259099.933, 132
Trd, 259099.950, 109
Trd, 259100.067, 97
Trd, 259100.083, 95
Trd, 259100.467, 113
Trd, 259100.533, 120
Trd, 259100.967, 103
Trd, 259101.200, 96
Trd, 259101.467, 115
Trd, 259101.533, 95
Trd, 259101.567, 94
Trd, 259101.617, 92
Trd, 259101.817, 89
Trd, 259101.850, 92
Trd, 259102.100, 93
Trd, 259102.667, 139
Trd, 259102.700, 137
Trd, 259103.067, 137
Trd, 259103.217, 134
Trd, 259103.367, 122
Trd, 259103.533, 115
Trd, 259104.067, 113
Trd, 259104.150, 103
Trd, 259104.483, 102
Trd, 259104.850, 128
Trd, 259105.067, 116
Trd, 259105.233, 109
Trd, 259105.450, 126
Trd, 259105.600, 135
Trd, 259105.750, 132
Trd, 259105.867, 137
Trd, 259105.883, 117
Trd, 259106.117, 137
Trd, 259106.767, 109
Trd, 259106.783, 105
Trd, 259106.817, 114
Trd, 259107.150, 97
Trd, 259107.667, 115
Trd, 259107.717, 117
Trd, 259107.850, 111
Trd, 259107.917, 107
Trd, 259107.933, 133
Trd, 259108.200, 113
Trd, 259108.500, 118
Trd, 259108.583, 105
Trd, 259109.500, 123
Trd, 259109.600, 113
Trd, 259109.950, 112
Trd, 259110.250, 105
Trd, 259110.417, 125
Trd, 259110.783, 136
Trd, 259110.850, 114
Trd, 259111.917, 114
Trd, 259112.067, 108
Trd, 259112.267, 106
Trd, 259112.467, 119
Trd, 259112.667, 116
Trd, 259112.967, 100
Trd, 259113.050, 93
Trd, 259113.150, 121
Trd, 259113.200, 85
Trd, 259113.383, 84
Trd, 259113.633, 122
Trd, 259113.983, 133
Trd, 259114.417, 112
Trd, 259114.583, 112
Trd, 259114.667, 103
Trd, 259114.683, 123
Trd, 259114.917, 137
Trd, 259115.100, 135
Trd, 259115.300, 126
Trd, 259115.433, 118
Trd, 259115.550, 118
Trd, 259115.667, 115
Trd, 259115.817, 105
Trd, 259116.067, 136
Trd, 259116.317, 127
Trd, 259116.400, 128
Trd, 259116.750, 109
Trd, 259117.267, 115
Trd, 259117.583, 133
Trd, 259118.200, 117
Trd, 259118.800, 107
Trd, 259118.867, 114
Trd, 259118.883, 100
Trd, 259119.033, 98
Trd, 259119.117, 117
Trd, 259119.167, 107
Trd, 259120.050, 128
Trd, 259120.067, 128
Trd, 259120.083, 125
Trd, 259120.100, 125
Trd, 259120.317, 131
Trd, 259120.350, 120
Trd, 259120.367, 102
Trd, 259120.783, 118
Trd, 259121.400, 123
Trd, 259121.483, 130
Trd, 259121.767, 134
Trd, 259121.983, 122
Trd, 259122.717, 128
Trd, 259122.933, 121
Trd, 259123.183, 116
Trd, 259123.317, 132
Trd, 259123.633, 131
Trd, 259123.933, 110
Trd, 259124.417, 134
Trd, 259124.483, 125
Trd, 259124.533, 113
Trd, 259124.783, 112
Trd, 259124.867, 110
Trd, 259125.100, 108
Trd, 259125.150, 105
Trd, 259125.167, 97
Trd, 259125.600, 94
Trd, 259125.650, 83
Trd, 259125.767, 117
Trd, 259126.000, 105
Trd, 259126.317, 106
Trd, 259126.400, 103
Trd, 259126.683, 98
Trd, 259126.767, 104
Trd, 259126.800, 96
Trd, 259127.150, 108
Trd, 259127.233, 100
Trd, 259127.850, 134
Trd, 259128.400, 131
Trd, 259128.483, 135
Trd, 259128.517, 138
Trd, 259128.750, 116
Trd, 259128.883, 114
Trd, 259129.367, 96
Trd, 259129.650, 122
Trd, 259130.000, 86
Trd, 259130.317, 124
Trd, 259130.583, 125
Trd, 259131.617, 123
Trd, 259131.867, 121
Trd, 259131.983, 123
Trd, 259132.017, 116
Trd, 259132.033, 100
Trd, 259132.117, 123
Trd, 259132.200, 117
Trd, 259132.483, 101
Trd, 259133.017, 126
Trd, 259133.183, 103
Trd, 259133.267, 102
Trd, 259133.600, 126
Trd, 259133.717, 88
Trd, 259133.883, 90
Trd, 259134.150, 101
Trd, 259134.383, 98
Trd, 259134.467, 108
Trd, 259134.983, 85
Trd, 259135.183, 102
Trd, 259135.717, 96
Trd, 259136.067, 114
Trd, 259136.083, 113
Trd, 259136.167, 107
Trd, 259136.383, 130
Trd, 259136.600, 127
Trd, 259137.117, 108
Trd, 259137.267, 112
Trd, 259137.367, 130
Trd, 259137.383, 106
Trd, 259137.417, 102
Trd, 259137.617, 98
Trd, 259137.967, 92
Trd, 259138.667, 117
Trd, 259139.050, 100
Trd, 259139.383, 100
Trd, 259140.483, 106
Trd, 259140.600, 112
Trd, 259140.650, 108
Trd, 259140.783, 114
Trd, 259141.233, 140
Trd, 259141.250, 116
Trd, 259141.283, 125
Trd, 259141.467, 99
Trd, 259141.633, 116
Trd, 259141.850, 115
Trd, 259142.350, 129
Trd, 259142.417, 129
Trd, 259142.767, 93
Trd, 259142.933, 100
Trd, 259143.133, 100
Trd, 259143.317, 120
Trd, 259143.350, 99
Trd, 259144.050, 91
Trd, 259144.083, 106
Trd, 259144.417, 91
Trd, 259144.500, 82
Trd, 259144.883, 95
Trd, 259144.933, 87
Trd, 259144.950, 97
Trd, 259145.250, 108
Trd, 259145.300, 107
Trd, 259145.417, 89
Trd, 259145.450, 122
Trd, 259145.683, 71
Trd, 259145.833, 80
Trd, 259145.967, 111
Trd, 259146.117, 117
Trd, 259146.917, 115
Trd, 259147.067, 94
Trd, 259147.083, 93
Trd, 259147.483, 117
Trd, 259147.700, 114
Trd, 259147.933, 106
Trd, 259148.000, 101
Trd, 259148.350, 101
Trd, 259148.633, 115
Trd, 259148.817, 127
Trd, 259149.167, 104
Trd, 259149.400, 111
Trd, 259150.083, 138
Trd, 259150.133, 127
Trd, 259150.450, 137
Trd, 259150.967, 140
Trd, 259151.117, 134
Trd, 259151.217, 119
Trd, 259151.267, 117
Trd, 259151.350, 113
Trd, 259152.117, 119
Trd, 259152.283, 112
Trd, 259152.300, 110
Trd, 259152.467, 109
Trd, 259152.550, 106
Trd, 259152.567, 104
Trd, 259152.767, 109
Trd, 259152.967, 106
Trd, 259153.133, 101
Trd, 259153.267, 91
Trd, 259153.683, 107
Trd, 259153.717, 123
Trd, 259153.900, 119
Trd, 259154.717, 124
Trd, 259154.767, 126
Trd, 259155.083, 128
Trd, 259155.183, 122
Trd, 259155.200, 118
Trd, 259155.400, 133
Trd, 259155.850, 138
Trd, 259155.917, 134
Trd, 259156.283, 133
Trd, 259156.500, 118
Trd, 259156.683, 139
Trd, 259157.083, 129
Trd, 259158.117, 112
Trd, 259158.183, 112
Trd, 259158.233, 126
Trd, 259158.617, 111
Trd, 259158.717, 123
Trd, 259158.883, 132
Trd, 259159.117, 130
Trd, 259159.600, 133
Trd, 259159.767, 122
Trd, 259159.833, 118
Trd, 259159.850, 113
Trd, 259160.000, 108
Trd, 259160.367, 104
Trd, 259160.950, 106
Trd, 259161.633, 123
Trd, 259161.933, 115
Trd, 259162.033, 112
Trd, 259162.067, 103
Trd, 259162.200, 100
Trd, 259162.250, 105
Trd, 259162.500, 102
Trd, 259162.683, 105
Trd, 259162.733, 98
Trd, 259162.783, 124
Trd, 259162.983, 111
Trd, 259163.250, 110
Trd, 259164.450, 133
Trd, 259164.900, 117
Trd, 259164.917, 111
Trd, 259165.283, 121
Trd, 259165.350, 120
Trd, 259165.450, 133
Trd, 259165.567, 103
Trd, 259165.967, 139
Trd, 259166.767, 138
Trd, 259166.783, 135
Trd, 259166.867, 129
Trd, 259167.317, 118
Trd, 259167.350, 117
Trd, 259167.717, 140
Trd, 259167.900, 117
Trd, 259168.133, 135
Trd, 259168.433, 140
Trd, 259168.517, 127
Trd, 259168.600, 127
Trd, 259168.733, 116
Trd, 259168.950, 115
Trd, 259169.217, 113
Trd, 259169.483, 116
Trd, 259169.617, 110
Trd, 259169.783, 104
Trd, 259170.317, 124
Trd, 259170.500, 139
Trd, 259170.917, 126
Trd, 259171.067, 122
Trd, 259171.500, 121
Trd, 259171.717, 119
Trd, 259171.783, 118
Trd, 259172.033, 117
Trd, 259172.117, 107
Trd, 259172.150, 101
Trd, 259172.983, 113
Trd, 259173.000, 132
Trd, 259173.333, 115
Trd, 259173.417, 113
Trd, 259173.633, 123
Trd, 259173.883, 123
Trd, 259174.033, 123
Trd, 259174.350, 127
Trd, 259174.750, 122
Trd, 259174.883, 135
Trd, 259174.900, 110
Trd, 259175.133, 109
Trd, 259175.200, 104
Trd, 259175.350, 127
Trd, 259175.433, 101
Trd, 259175.517, 97
Trd, 259175.583, 95
Trd, 259175.817, 92
Trd, 259176.133, 119
Trd, 259176.217, 97
Trd, 259176.433, 120
Trd, 259176.833, 110
Trd, 259177.000, 99
Trd, 259177.067, 96
Trd, 259177.300, 127
Trd, 259177.533, 139
Trd, 259177.933, 126
Trd, 259178.433, 112
Trd, 259178.550, 111
Trd, 259178.583, 107
Trd, 259179.033, 109
Trd, 259179.700, 118
Trd, 259179.850, 117
Trd, 259180.017, 106
Trd, 259180.133, 106
Trd, 259180.283, 106
Trd, 259180.583, 104
Trd, 259180.950, 95
Trd, 259181.117, 122
Trd, 259181.200, 125
Trd, 259181.383, 118
Trd, 259181.700, 134
Trd, 259182.117, 98
Trd, 259182.200, 99
Trd, 259182.217, 99
Trd, 259182.300, 96
Trd, 259182.483, 97
Trd, 259182.867, 103
Trd, 259182.900, 81
Trd, 259182.950, 94
Trd, 259183.067, 79
Trd, 259183.717, 119
Trd, 259184.300, 123
Trd, 259184.833, 81
Trd, 259184.900, 92
Trd, 259184.983, 82
Trd, 259185.100, 102
Trd, 259185.317, 103
Trd, 259186.183, 102
Trd, 259186.200, 95
Trd, 259186.483, 111
Trd, 259186.550, 123
Trd, 259186.950, 128
Trd, 259187.317, 107
Trd, 259187.433, 102
Trd, 259187.567, 100
Trd, 259187.700, 94
Trd, 259187.950, 122
Trd, 259188.167, 134
Trd, 259188.200, 117
Trd, 259189.067, 128
Trd, 259189.350, 116
Trd, 259190.250, 120
Trd, 259190.317, 118
Trd, 259190.350, 125
Trd, 259190.383, 111
Trd, 259190.933, 126
Trd, 259190.983, 123
Trd, 259191.233, 112
Trd, 259191.250, 107
Trd, 259191.433, 107
Trd, 259191.700, 136
Trd, 259191.783, 104
Trd, 259191.867, 102
Trd, 259192.433, 124
Trd, 259192.600, 107
Trd, 259192.783, 115
Trd, 259192.817, 103
Trd, 259193.200, 106
Trd, 259193.467, 111
Trd, 259193.633, 117
Trd, 259193.833, 126
Trd, 259194.083, 134
Trd, 259194.167, 137
Trd, 259194.900, 126
Trd, 259195.183, 129
Trd, 259195.267, 121
Trd, 259195.333, 117
Trd, 259195.600, 116
Trd, 259195.633, 112
Trd, 259196.100, 115
Trd, 259196.133, 109
Trd, 259196.850, 132
Trd, 259196.883, 115
Trd, 259197.317, 137
Trd, 259197.417, 127
Trd, 259197.533, 117
Trd, 259197.833, 102
Trd, 259197.867, 84
Trd, 259197.967, 114
Trd, 259198.200, 117
Trd, 259198.417, 128
Trd, 259198.583, 93
Trd, 259198.600, 105
Trd, 259198.883, 73
Trd, 259199.417, 76
Trd, 259199.683, 110
Trd, 259199.817, 112
