Trd, 258556.367, 119
Trd, 258556.417, 118
Trd, 258556.483, 139
Trd, 258556.517, 126
Trd, 258556.717, 119
Trd, 258557.117, 120
Trd, 258557.333, 120
Trd, 258557.683, 127
Trd, 258557.850, 121
Trd, 258558.600, 125
Trd, 258558.650, 124
Trd, 258558.683, 122
Trd, 258559.050, 123
Trd, 258560.283, 125
Trd, 258560.383, 125
Trd, 258560.750, 128
Trd, 258560.950, 140
Trd, 258561.050, 140
Trd, 258561.350, 140
Trd, 258561.533, 140
Trd, 258561.967, 140
Trd, 258562.317, 140
Trd, 258562.367, 139
Trd, 258562.667, 140
Trd, 258562.817, 131
Trd, 258562.967, 125
Trd, 258563.017, 124
Trd, 258564.133, 124
Trd, 258564.333, 124
Trd, 258565.083, 130
Trd, 258565.200, 128
Trd, 258565.533, 127
Trd, 258565.850, 140
Trd, 258566.000, 132
Trd, 258566.067, 131
Trd, 258566.333, 128
Trd, 258566.350, 127
Trd, 258566.417, 126
Trd, 258566.633, 125
Trd, 258566.667, 125
Trd, 258567.667, 140
Trd, 258567.750, 140
Trd, 258568.217, 140
Trd, 258568.550, 140
Trd, 258569.283, 140
Trd, 258569.517, 140
Trd, 258569.967, 140
Trd, 258571.117, 140
Trd, 258571.133, 140
Trd, 258571.183, 140
Trd, 258571.367, 140
Trd, 258571.417, 140
Trd, 258571.467, 140
Trd, 258571.533, 140
Trd, 258571.700, 140
Trd, 258572.417, 140
Trd, 258572.500, 140
Trd, 258572.617, 139
Trd, 258572.850, 139
Trd, 258572.933, 134
Trd, 258573.083, 133
Trd, 258573.133, 129
Trd, 258573.267, 140
Trd, 258573.683, 140
Trd, 258573.967, 140
Trd, 258574.067, 140
Trd, 258574.367, 140
Trd, 258574.433, 140
Trd, 258574.617, 140
Trd, 258574.917, 140
Trd, 258575.083, 140
Trd, 258575.117, 140
Trd, 258575.483, 140
Trd, 258576.083, 140
Trd, 258576.633, 140
Trd, 258576.867, 137
Trd, 258577.033, 128
Trd, 258577.333, 128
Trd, 258577.817, 130
Trd, 258578.250, 136
Trd, 258578.433, 132
Trd, 258578.983, 140
Trd, 258579.467, 140
Trd, 258579.883, 140
Trd, 258580.100, 140
Trd, 258580.667, 140
Trd, 258580.833, 140
Trd, 258580.883, 140
Trd, 258581.033, 140
Trd, 258581.267, 140
Trd, 258581.400, 140
Trd, 258581.650, 140
Trd, 258582.083, 140
Trd, 258582.150, 133
Trd, 258583.050, 140
Trd, 258583.483, 140
Trd, 258583.717, 140
Trd, 258583.783, 140
Trd, 258584.067, 140
Trd, 258584.333, 140
Trd, 258585.000, 140
Trd, 258585.017, 140
Trd, 258585.567, 140
Trd, 258586.500, 140
Trd, 258586.733, 140
Trd, 258586.900, 140
Trd, 258586.983, 140
Trd, 258587.433, 140
Trd, 258587.783, 139
Trd, 258587.817, 138
Trd, 258587.850, 135
Trd, 258588.217, 136
Trd, 258588.317, 135
Trd, 258588.717, 138
Trd, 258588.850, 134
Trd, 258588.900, 133
Trd, 258590.233, 133
Trd, 258590.433, 137
Trd, 258590.617, 138
Trd, 258590.817, 138
Trd, 258591.150, 140
Trd, 258591.217, 140
Trd, 258591.383, 132
Trd, 258591.683, 139
Trd, 258592.150, 130
Trd, 258592.167, 128
Trd, 258592.200, 127
Trd, 258592.283, 125
Trd, 258592.600, 127
Trd, 258592.800, 127
Trd, 258593.033, 127
Trd, 258593.450, 128
Trd, 258593.667, 127
Trd, 258594.350, 140
Trd, 258594.367, 140
Trd, 258594.733, 140
Trd, 258595.183, 140
Trd, 258595.767, 140
Trd, 258595.817, 140
Trd, 258596.033, 140
Trd, 258596.183, 140
Trd, 258596.333, 140
Trd, 258596.783, 140
Trd, 258596.950, 139
Trd, 258597.000, 138
Trd, 258597.117, 130
Trd, 258597.967, 138
Trd, 258598.350, 137
Trd, 258598.467, 136
Trd, 258598.683, 128
Trd, 258598.833, 128
Trd, 258599.117, 130
Trd, 258599.383, 130
Trd, 258600.083, 132
Trd, 258600.100, 131
Trd, 258600.233, 139
Trd, 258600.267, 130
Trd, 258600.883, 140
Trd, 258601.033, 140
Trd, 258601.467, 139
Trd, 258601.733, 140
Trd, 258601.800, 140
Trd, 258602.283, 140
Trd, 258602.383, 140
Trd, 258603.283, 140
Trd, 258603.650, 140
Trd, 258603.733, 140
Trd, 258603.833, 140
Trd, 258604.083, 140
Trd, 258604.250, 140
Trd, 258604.633, 140
Trd, 258604.833, 140
Trd, 258605.167, 140
Trd, 258605.783, 140
Trd, 258605.900, 140
Trd, 258606.133, 140
Trd, 258606.550, 140
Trd, 258606.633, 140
Trd, 258606.683, 140
Trd, 258606.967, 140
Trd, 258607.033, 129
Trd, 258607.450, 121
Trd, 258607.483, 120
Trd, 258607.500, 117
Trd, 258608.150, 140
Trd, 258608.300, 137
Trd, 258608.617, 140
Trd, 258608.667, 133
Trd, 258608.750, 137
Trd, 258608.783, 131
Trd, 258609.050, 128
Trd, 258609.217, 127
Trd, 258609.500, 133
Trd, 258609.733, 134
Trd, 258609.933, 133
Trd, 258610.333, 135
Trd, 258610.367, 133
Trd, 258610.733, 132
Trd, 258610.900, 121
Trd, 258611.567, 135
Trd, 258612.067, 125
Trd, 258612.133, 133
Trd, 258612.433, 125
Trd, 258612.833, 125
Trd, 258613.150, 132
Trd, 258613.200, 135
Trd, 258613.367, 128
Trd, 258613.433, 117
Trd, 258614.100, 116
Trd, 258614.117, 115
Trd, 258614.567, 139
Trd, 258614.933, 140
Trd, 258614.983, 139
Trd, 258615.083, 139
Trd, 258615.700, 139
Trd, 258615.850, 138
Trd, 258616.267, 140
Trd, 258616.650, 132
Trd, 258616.783, 140
Trd, 258616.800, 129
Trd, 258617.017, 125
Trd, 258617.217, 123
Trd, 258617.700, 113
Trd, 258618.650, 119
Trd, 258618.783, 119
Trd, 258618.800, 118
Trd, 258618.883, 118
Trd, 258619.150, 126
Trd, 258619.267, 136
Trd, 258619.867, 139
Trd, 258620.033, 126
Trd, 258620.550, 128
Trd, 258620.750, 136
Trd, 258620.867, 127
Trd, 258620.933, 126
Trd, 258621.050, 133
Trd, 258621.267, 125
Trd, 258621.500, 127
Trd, 258621.517, 126
Trd, 258621.917, 134
Trd, 258622.500, 140
Trd, 258622.633, 140
Trd, 258622.683, 140
Trd, 258622.767, 133
Trd, 258623.033, 132
Trd, 258623.283, 131
Trd, 258623.483, 127
Trd, 258623.833, 138
Trd, 258624.050, 137
Trd, 258624.350, 126
Trd, 258624.683, 140
Trd, 258625.100, 140
Trd, 258625.267, 140
Trd, 258625.683, 140
Trd, 258625.733, 140
Trd, 258625.783, 140
Trd, 258625.850, 139
Trd, 258626.350, 140
Trd, 258626.800, 123
Trd, 258627.067, 123
Trd, 258627.433, 122
Trd, 258628.067, 136
Trd, 258628.167, 136
Trd, 258628.467, 136
Trd, 258628.517, 137
Trd, 258628.650, 122
Trd, 258629.017, 116
Trd, 258629.333, 115
Trd, 258629.967, 131
Trd, 258630.467, 127
Trd, 258630.633, 127
Trd, 258630.850, 128
Trd, 258631.750, 140
Trd, 258632.217, 140
Trd, 258632.283, 140
Trd, 258632.300, 140
Trd, 258632.367, 140
Trd, 258632.500, 140
Trd, 258632.667, 140
Trd, 258632.833, 140
Trd, 258633.300, 140
Trd, 258633.617, 139
Trd, 258633.633, 139
Trd, 258633.667, 133
Trd, 258633.833, 126
Trd, 258633.867, 123
Trd, 258634.033, 140
Trd, 258634.133, 140
Trd, 258634.467, 126
Trd, 258634.617, 125
Trd, 258634.967, 140
Trd, 258635.050, 140
Trd, 258635.850, 140
Trd, 258636.683, 138
Trd, 258636.700, 137
Trd, 258636.983, 136
Trd, 258637.067, 135
Trd, 258637.467, 140
Trd, 258637.567, 140
Trd, 258637.717, 140
Trd, 258638.017, 139
Trd, 258638.383, 138
Trd, 258639.683, 140
Trd, 258639.833, 140
Trd, 258639.850, 140
Trd, 258640.483, 140
Trd, 258640.917, 140
Trd, 258641.117, 140
Trd, 258641.350, 140
Trd, 258641.400, 140
Trd, 258641.450, 140
Trd, 258641.617, 140
Trd, 258641.850, 140
Trd, 258642.267, 140
Trd, 258642.483, 140
Trd, 258642.650, 140
Trd, 258642.867, 140
Trd, 258642.950, 140
Trd, 258643.250, 140
Trd, 258643.267, 139
Trd, 258643.367, 128
Trd, 258643.417, 127
Trd, 258643.517, 125
Trd, 258643.533, 124
Trd, 258644.350, 140
Trd, 258644.700, 140
Trd, 258644.717, 139
Trd, 258646.033, 140
Trd, 258646.167, 140
Trd, 258646.467, 140
Trd, 258647.300, 140
Trd, 258647.983, 140
Trd, 258648.367, 140
Trd, 258648.450, 140
Trd, 258648.833, 140
Trd, 258648.883, 140
Trd, 258649.133, 140
Trd, 258649.150, 140
Trd, 258649.350, 140
Trd, 258649.850, 138
Trd, 258650.067, 137
Trd, 258650.317, 138
Trd, 258650.600, 140
Trd, 258651.150, 140
Trd, 258651.533, 138
Trd, 258651.733, 137
Trd, 258651.850, 137
Trd, 258651.867, 136
Trd, 258651.933, 127
Trd, 258652.033, 127
Trd, 258652.250, 124
Trd, 258652.917, 136
Trd, 258653.767, 135
Trd, 258653.817, 138
Trd, 258654.183, 140
Trd, 258654.700, 140
Trd, 258654.850, 140
Trd, 258654.967, 140
Trd, 258655.100, 140
Trd, 258656.200, 140
Trd, 258656.217, 140
Trd, 258656.350, 140
Trd, 258656.617, 140
Trd, 258657.100, 140
Trd, 258657.450, 140
Trd, 258657.633, 140
Trd, 258657.783, 140
Trd, 258658.150, 140
Trd, 258658.183, 140
Trd, 258658.367, 135
Trd, 258658.417, 130
Trd, 258659.067, 140
Trd, 258659.350, 140
Trd, 258659.867, 140
Trd, 258659.900, 140
Trd, 258660.117, 132
Trd, 258660.217, 132
Trd, 258660.300, 131
Trd, 258660.517, 130
Trd, 258661.117, 140
Trd, 258661.583, 140
Trd, 258662.033, 140
Trd, 258662.550, 140
Trd, 258662.583, 140
Trd, 258662.667, 140
Trd, 258662.933, 140
Trd, 258663.183, 140
Trd, 258663.300, 140
Trd, 258663.500, 140
Trd, 258663.517, 140
Trd, 258663.617, 140
Trd, 258664.467, 140
Trd, 258664.767, 140
Trd, 258665.133, 140
Trd, 258665.333, 140
Trd, 258665.683, 140
Trd, 258665.850, 140
Trd, 258666.000, 139
Trd, 258666.183, 130
Trd, 258666.667, 131
Trd, 258666.850, 130
Trd, 258666.900, 129
Trd, 258666.983, 128
Trd, 258667.050, 124
Trd, 258667.650, 140
Trd, 258667.833, 140
Trd, 258668.583, 140
Trd, 258668.767, 140
Trd, 258669.033, 140
Trd, 258669.133, 139
Trd, 258669.417, 138
Trd, 258669.467, 137
Trd, 258669.683, 140
Trd, 258669.850, 135
Trd, 258670.033, 138
Trd, 258670.967, 140
Trd, 258671.117, 140
Trd, 258671.417, 140
Trd, 258671.467, 140
Trd, 258671.583, 140
Trd, 258672.350, 140
Trd, 258672.500, 140
Trd, 258673.183, 140
Trd, 258673.483, 138
Trd, 258674.050, 140
Trd, 258674.250, 140
Trd, 258674.417, 140
Trd, 258674.933, 140
Trd, 258675.033, 140
Trd, 258675.317, 139
Trd, 258675.550, 138
Trd, 258676.050, 138
Trd, 258676.067, 138
Trd, 258676.417, 137
Trd, 258676.983, 129
Trd, 258677.000, 128
Trd, 258677.033, 139
Trd, 258677.117, 125
Trd, 258677.300, 123
Trd, 258677.550, 118
Trd, 258678.100, 137
Trd, 258678.283, 113
Trd, 258678.517, 125
Trd, 258679.117, 133
Trd, 258679.217, 132
Trd, 258679.267, 131
Trd, 258679.500, 125
Trd, 258679.933, 127
Trd, 258680.417, 128
Trd, 258680.550, 127
Trd, 258680.700, 136
Trd, 258680.967, 138
Trd, 258681.167, 137
Trd, 258681.433, 134
Trd, 258682.300, 140
Trd, 258682.667, 140
Trd, 258682.850, 140
Trd, 258682.883, 140
Trd, 258683.017, 140
Trd, 258683.050, 140
Trd, 258683.133, 140
Trd, 258683.233, 140
Trd, 258683.667, 140
Trd, 258684.433, 140
Trd, 258684.500, 140
Trd, 258684.567, 140
Trd, 258685.000, 140
Trd, 258685.483, 140
Trd, 258685.850, 140
Trd, 258686.067, 140
Trd, 258686.083, 140
Trd, 258686.117, 140
Trd, 258686.683, 140
Trd, 258686.867, 139
Trd, 258687.000, 138
Trd, 258687.283, 129
Trd, 258688.533, 139
Trd, 258688.800, 140
Trd, 258689.067, 140
Trd, 258689.217, 140
Trd, 258689.417, 138
Trd, 258689.517, 137
Trd, 258689.600, 126
Trd, 258689.633, 123
Trd, 258689.767, 130
Trd, 258690.400, 138
Trd, 258690.417, 127
Trd, 258690.800, 131
Trd, 258690.933, 129
Trd, 258691.383, 140
Trd, 258691.400, 140
Trd, 258691.850, 140
Trd, 258691.967, 140
Trd, 258692.167, 139
Trd, 258692.283, 140
Trd, 258692.333, 140
Trd, 258693.117, 140
Trd, 258693.933, 140
Trd, 258693.983, 140
Trd, 258694.500, 140
Trd, 258695.033, 140
Trd, 258695.150, 140
Trd, 258695.583, 140
Trd, 258695.650, 136
Trd, 258695.900, 136
Trd, 258696.167, 128
Trd, 258696.233, 125
Trd, 258696.283, 123
Trd, 258696.900, 138
Trd, 258696.917, 117
Trd, 258697.017, 124
Trd, 258697.933, 136
Trd, 258698.100, 140
Trd, 258698.883, 108
Trd, 258699.083, 109
Trd, 258699.267, 140
Trd, 258699.483, 129
Trd, 258700.350, 140
Trd, 258700.667, 140
Trd, 258701.267, 140
Trd, 258701.317, 140
Trd, 258701.400, 140
Trd, 258701.633, 140
Trd, 258702.350, 140
Trd, 258702.900, 140
Trd, 258703.017, 140
Trd, 258703.433, 140
Trd, 258703.483, 140
Trd, 258703.567, 140
Trd, 258703.900, 140
Trd, 258703.983, 140
Trd, 258704.017, 139
Trd, 258704.383, 137
Trd, 258705.900, 140
Trd, 258705.967, 140
Trd, 258706.167, 140
Trd, 258706.267, 140
Trd, 258706.567, 140
Trd, 258706.683, 140
Trd, 258706.700, 139
Trd, 258706.967, 140
Trd, 258707.483, 140
Trd, 258707.583, 140
Trd, 258707.633, 139
Trd, 258707.783, 133
Trd, 258708.350, 135
Trd, 258708.700, 134
Trd, 258709.083, 134
Trd, 258709.117, 124
Trd, 258709.867, 134
Trd, 258710.100, 140
Trd, 258710.200, 140
Trd, 258710.433, 139
Trd, 258710.517, 132
Trd, 258710.550, 131
Trd, 258710.767, 138
Trd, 258711.050, 138
Trd, 258711.067, 137
Trd, 258711.100, 125
Trd, 258711.300, 123
Trd, 258711.833, 132
Trd, 258712.317, 134
Trd, 258713.300, 131
Trd, 258713.633, 133
Trd, 258713.700, 133
Trd, 258714.133, 133
Trd, 258714.150, 132
Trd, 258714.417, 134
Trd, 258714.850, 137
Trd, 258715.083, 136
Trd, 258715.233, 132
Trd, 258715.317, 127
Trd, 258715.550, 122
Trd, 258715.650, 121
Trd, 258716.100, 125
Trd, 258716.317, 125
Trd, 258716.483, 124
Trd, 258716.567, 123
Trd, 258716.700, 138
Trd, 258716.917, 140
Trd, 258717.200, 140
Trd, 258717.767, 140
Trd, 258718.017, 140
Trd, 258718.733, 140
Trd, 258718.783, 140
Trd, 258719.083, 140
Trd, 258719.300, 140
Trd, 258719.867, 140
Trd, 258720.167, 140
Trd, 258720.317, 139
Trd, 258721.417, 133
Trd, 258721.567, 139
Trd, 258721.667, 140
Trd, 258721.733, 132
Trd, 258722.100, 132
Trd, 258722.167, 132
Trd, 258722.633, 133
Trd, 258722.683, 132
Trd, 258722.967, 132
Trd, 258723.017, 137
Trd, 258723.350, 131
Trd, 258723.483, 139
Trd, 258724.367, 140
Trd, 258724.767, 140
Trd, 258724.817, 140
Trd, 258724.833, 140
Trd, 258724.867, 140
Trd, 258725.183, 140
Trd, 258726.017, 140
Trd, 258726.517, 140
Trd, 258726.733, 140
Trd, 258727.333, 140
Trd, 258727.867, 140
Trd, 258727.883, 140
Trd, 258728.417, 140
Trd, 258728.750, 140
Trd, 258728.783, 140
Trd, 258728.800, 140
Trd, 258728.967, 140
Trd, 258729.183, 140
Trd, 258729.450, 130
Trd, 258729.500, 129
Trd, 258729.550, 127
Trd, 258729.967, 139
Trd, 258730.483, 139
Trd, 258731.133, 139
Trd, 258731.483, 140
Trd, 258732.350, 140
Trd, 258732.883, 140
Trd, 258732.933, 140
Trd, 258733.333, 140
Trd, 258733.633, 140
Trd, 258733.717, 140
Trd, 258733.833, 140
Trd, 258733.950, 140
Trd, 258734.117, 140
Trd, 258734.167, 140
Trd, 258734.217, 130
Trd, 258734.933, 136
Trd, 258734.983, 128
Trd, 258735.933, 140
Trd, 258736.150, 140
Trd, 258736.233, 140
Trd, 258736.650, 139
Trd, 258736.817, 140
Trd, 258736.950, 140
Trd, 258737.000, 140
Trd, 258737.017, 140
Trd, 258737.250, 140
Trd, 258737.450, 140
Trd, 258737.483, 140
Trd, 258737.533, 139
Trd, 258737.900, 130
Trd, 258738.050, 129
Trd, 258738.250, 128
Trd, 258738.433, 140
Trd, 258738.617, 137
Trd, 258738.633, 127
Trd, 258738.950, 139
Trd, 258739.267, 138
Trd, 258741.000, 140
Trd, 258741.667, 140
Trd, 258741.750, 140
Trd, 258742.933, 140
Trd, 258743.050, 140
Trd, 258743.600, 140
Trd, 258743.617, 140
Trd, 258743.633, 140
Trd, 258743.650, 140
Trd, 258743.817, 140
Trd, 258744.200, 140
Trd, 258744.367, 140
Trd, 258744.817, 140
Trd, 258744.850, 140
Trd, 258745.283, 138
Trd, 258746.267, 140
Trd, 258746.367, 140
Trd, 258746.467, 140
Trd, 258746.650, 140
Trd, 258746.900, 140
Trd, 258747.067, 140
Trd, 258747.083, 140
Trd, 258747.317, 140
Trd, 258747.350, 140
Trd, 258747.767, 140
Trd, 258748.633, 140
Trd, 258748.983, 140
Trd, 258749.100, 140
Trd, 258749.667, 140
Trd, 258749.817, 140
Trd, 258749.933, 140
Trd, 258750.000, 140
Trd, 258750.400, 140
Trd, 258750.433, 140
Trd, 258750.583, 140
Trd, 258751.100, 140
Trd, 258751.567, 140
Trd, 258751.833, 140
Trd, 258752.783, 140
Trd, 258752.833, 140
Trd, 258753.133, 140
Trd, 258753.167, 140
Trd, 258753.233, 140
Trd, 258753.350, 140
Trd, 258753.467, 140
Trd, 258753.500, 132
Trd, 258753.600, 129
Trd, 258753.633, 126
Trd, 258753.717, 121
Trd, 258753.933, 119
Trd, 258754.000, 118
Trd, 258754.517, 139
Trd, 258754.883, 136
Trd, 258755.867, 136
Trd, 258756.050, 135
Trd, 258756.417, 123
Trd, 258756.467, 137
Trd, 258756.550, 121
Trd, 258756.700, 122
Trd, 258756.883, 122
Trd, 258757.550, 125
Trd, 258757.567, 124
Trd, 258757.950, 139
Trd, 258758.033, 129
Trd, 258758.150, 129
Trd, 258758.550, 138
Trd, 258758.567, 134
Trd, 258759.183, 126
Trd, 258759.500, 129
Trd, 258759.700, 128
Trd, 258759.783, 127
Trd, 258761.000, 132
Trd, 258761.017, 133
Trd, 258761.217, 131
Trd, 258761.233, 130
Trd, 258761.267, 129
Trd, 258761.450, 135
Trd, 258761.517, 127
Trd, 258762.133, 140
Trd, 258762.383, 140
Trd, 258762.400, 140
Trd, 258762.600, 139
Trd, 258763.050, 140
Trd, 258763.317, 140
Trd, 258763.600, 139
Trd, 258764.333, 140
Trd, 258764.500, 136
Trd, 258764.700, 117
Trd, 258765.433, 129
Trd, 258765.717, 128
Trd, 258765.967, 128
Trd, 258766.233, 128
Trd, 258766.550, 127
Trd, 258766.617, 117
Trd, 258767.417, 121
Trd, 258767.683, 123
Trd, 258767.700, 133
Trd, 258768.033, 139
Trd, 258768.150, 140
Trd, 258768.583, 140
Trd, 258768.767, 140
Trd, 258768.833, 139
Trd, 258769.233, 139
Trd, 258769.267, 138
Trd, 258769.683, 140
Trd, 258769.750, 140
Trd, 258770.150, 140
Trd, 258770.517, 140
Trd, 258770.533, 140
Trd, 258770.800, 140
Trd, 258771.650, 140
Trd, 258771.700, 139
Trd, 258771.883, 140
Trd, 258772.017, 139
Trd, 258772.050, 136
Trd, 258772.250, 140
Trd, 258772.267, 129
Trd, 258772.633, 129
Trd, 258773.167, 128
Trd, 258773.183, 124
Trd, 258773.600, 140
Trd, 258774.133, 140
Trd, 258775.500, 140
Trd, 258775.583, 140
Trd, 258775.783, 140
Trd, 258776.367, 140
Trd, 258776.500, 140
Trd, 258776.550, 140
Trd, 258776.583, 140
Trd, 258777.117, 140
Trd, 258777.967, 140
Trd, 258778.300, 140
Trd, 258778.383, 140
Trd, 258778.417, 140
Trd, 258778.667, 140
Trd, 258778.783, 140
Trd, 258780.033, 140
Trd, 258780.250, 140
Trd, 258780.417, 140
Trd, 258780.450, 140
Trd, 258780.617, 140
Trd, 258780.733, 140
Trd, 258781.133, 140
Trd, 258781.683, 140
Trd, 258782.167, 140
Trd, 258782.183, 140
Trd, 258782.217, 140
Trd, 258782.417, 139
Trd, 258782.850, 140
Trd, 258783.067, 139
Trd, 258783.083, 136
Trd, 258783.283, 136
Trd, 258783.533, 135
Trd, 258783.850, 123
Trd, 258783.900, 120
Trd, 258784.017, 140
Trd, 258784.850, 134
Trd, 258784.883, 133
Trd, 258785.150, 133
Trd, 258785.300, 135
Trd, 258785.633, 137
Trd, 258785.800, 136
Trd, 258786.467, 139
Trd, 258786.650, 138
Trd, 258786.867, 137
Trd, 258787.300, 139
Trd, 258787.550, 140
Trd, 258787.783, 138
Trd, 258788.250, 140
Trd, 258788.600, 140
Trd, 258788.617, 140
Trd, 258788.650, 140
Trd, 258789.667, 140
Trd, 258789.883, 140
Trd, 258789.950, 139
Trd, 258789.967, 128
Trd, 258789.983, 128
Trd, 258790.167, 140
Trd, 258790.217, 140
Trd, 258790.250, 139
Trd, 258790.267, 127
Trd, 258790.700, 127
Trd, 258790.933, 140
Trd, 258791.233, 140
Trd, 258791.800, 140
Trd, 258792.417, 140
Trd, 258792.467, 140
Trd, 258792.567, 140
Trd, 258792.817, 140
Trd, 258793.167, 128
Trd, 258793.600, 127
Trd, 258794.100, 125
Trd, 258794.150, 124
Trd, 258794.217, 118
Trd, 258795.233, 122
Trd, 258795.483, 122
Trd, 258795.617, 122
Trd, 258795.633, 121
Trd, 258795.667, 129
Trd, 258795.850, 128
Trd, 258796.083, 130
Trd, 258796.567, 129
Trd, 258796.950, 129
Trd, 258796.967, 120
Trd, 258797.150, 118
Trd, 258797.300, 111
Trd, 258797.317, 108
Trd, 258797.650, 104
Trd, 258797.917, 111
Trd, 258798.217, 113
Trd, 258798.600, 126
Trd, 258798.933, 127
Trd, 258798.967, 117
Trd, 258799.183, 118
Trd, 258799.717, 137
Trd, 258799.917, 119
Trd, 258800.083, 137
Trd, 258800.300, 133
Trd, 258800.717, 139
Trd, 258801.150, 136
Trd, 258802.367, 140
Trd, 258803.067, 140
Trd, 258803.200, 140
Trd, 258803.433, 140
Trd, 258803.567, 140
Trd, 258803.583, 140
Trd, 258803.833, 140
Trd, 258803.883, 140
Trd, 258804.483, 140
Trd, 258804.733, 140
Trd, 258805.083, 140
Trd, 258805.183, 140
Trd, 258805.550, 140
Trd, 258805.617, 139
Trd, 258805.967, 140
Trd, 258806.383, 136
Trd, 258806.450, 129
Trd, 258806.567, 129
Trd, 258806.767, 135
Trd, 258807.033, 137
Trd, 258807.150, 135
Trd, 258807.500, 140
Trd, 258807.650, 140
Trd, 258807.767, 134
Trd, 258808.050, 134
Trd, 258808.450, 139
Trd, 258809.183, 140
Trd, 258809.617, 140
Trd, 258810.217, 140
Trd, 258810.417, 140
Trd, 258810.783, 140
Trd, 258811.350, 140
Trd, 258812.117, 140
Trd, 258812.317, 140
Trd, 258812.417, 140
Trd, 258812.500, 140
Trd, 258812.517, 140
Trd, 258812.967, 140
Trd, 258813.283, 140
Trd, 258813.450, 140
Trd, 258814.317, 140
Trd, 258814.600, 140
Trd, 258814.733, 140
Trd, 258814.867, 140
Trd, 258814.900, 140
Trd, 258815.183, 140
Trd, 258815.283, 139
Trd, 258815.350, 137
Trd, 258815.633, 140
Trd, 258815.667, 129
Trd, 258815.917, 129
Trd, 258816.150, 124
Trd, 258816.567, 121
Trd, 258816.583, 120
Trd, 258816.967, 117
Trd, 258817.367, 134
Trd, 258817.883, 135
Trd, 258818.050, 127
Trd, 258818.133, 127
Trd, 258818.383, 131
Trd, 258818.517, 127
Trd, 258818.900, 128
Trd, 258819.300, 136
Trd, 258819.700, 136
Trd, 258819.867, 132
Trd, 258819.950, 132
Trd, 258820.000, 128
Trd, 258820.150, 127
Trd, 258820.350, 117
Trd, 258820.517, 133
Trd, 258820.767, 140
Trd, 258820.967, 139
Trd, 258821.533, 140
Trd, 258821.800, 131
Trd, 258822.133, 131
Trd, 258822.400, 130
Trd, 258822.483, 139
Trd, 258822.817, 126
Trd, 258823.367, 126
Trd, 258824.483, 133
Trd, 258824.500, 132
Trd, 258824.533, 127
Trd, 258824.767, 125
Trd, 258824.833, 122
Trd, 258825.450, 140
Trd, 258825.717, 140
Trd, 258825.933, 140
Trd, 258826.067, 140
Trd, 258826.200, 140
Trd, 258826.817, 140
Trd, 258827.250, 140
Trd, 258827.350, 140
Trd, 258828.133, 140
Trd, 258828.233, 140
Trd, 258828.733, 140
Trd, 258828.850, 140
Trd, 258829.300, 140
Trd, 258829.517, 140
Trd, 258829.717, 140
Trd, 258829.800, 136
Trd, 258829.983, 129
Trd, 258830.067, 127
Trd, 258830.117, 127
Trd, 258830.317, 126
Trd, 258831.550, 127
Trd, 258831.733, 140
Trd, 258831.750, 140
Trd, 258831.950, 129
Trd, 258832.150, 140
Trd, 258832.317, 140
Trd, 258832.383, 140
Trd, 258833.017, 140
Trd, 258833.267, 140
Trd, 258833.567, 140
Trd, 258833.633, 140
Trd, 258834.233, 140
Trd, 258834.400, 140
Trd, 258834.600, 139
Trd, 258834.617, 138
Trd, 258834.833, 140
Trd, 258834.900, 129
Trd, 258834.950, 122
Trd, 258835.033, 139
Trd, 258835.450, 140
Trd, 258835.483, 140
Trd, 258835.617, 113
Trd, 258835.733, 140
Trd, 258836.333, 140
Trd, 258836.467, 140
Trd, 258836.550, 140
Trd, 258837.650, 140
Trd, 258837.717, 140
Trd, 258838.483, 140
Trd, 258838.783, 140
Trd, 258839.033, 140
Trd, 258839.150, 140
Trd, 258840.767, 140
Trd, 258841.283, 140
Trd, 258841.533, 140
Trd, 258841.617, 140
Trd, 258841.967, 140
Trd, 258842.333, 140
Trd, 258842.550, 140
Trd, 258842.650, 140
Trd, 258842.883, 140
Trd, 258842.933, 140
Trd, 258843.417, 140
Trd, 258843.800, 140
Trd, 258844.050, 140
Trd, 258844.100, 140
Trd, 258844.183, 140
Trd, 258844.300, 140
Trd, 258844.867, 140
Trd, 258844.950, 139
Trd, 258845.100, 139
Trd, 258845.300, 138
Trd, 258845.700, 140
Trd, 258845.867, 140
Trd, 258846.300, 128
Trd, 258847.167, 121
Trd, 258847.283, 137
Trd, 258847.517, 126
Trd, 258848.383, 126
Trd, 258848.767, 127
Trd, 258848.783, 126
Trd, 258848.817, 118
Trd, 258848.883, 117
Trd, 258849.000, 116
Trd, 258849.183, 125
Trd, 258849.533, 119
Trd, 258849.550, 127
Trd, 258849.617, 129
Trd, 258850.917, 131
Trd, 258851.283, 132
Trd, 258851.433, 131
Trd, 258851.667, 131
Trd, 258851.783, 127
Trd, 258852.017, 137
Trd, 258852.100, 123
Trd, 258852.650, 140
Trd, 258853.400, 140
Trd, 258853.433, 140
Trd, 258853.500, 133
Trd, 258853.717, 129
Trd, 258853.933, 130
Trd, 258853.983, 135
Trd, 258854.467, 140
Trd, 258854.667, 140
Trd, 258854.833, 140
Trd, 258855.033, 140
Trd, 258855.150, 140
Trd, 258855.267, 130
Trd, 258855.867, 140
Trd, 258856.750, 140
Trd, 258857.067, 140
Trd, 258857.217, 140
Trd, 258857.267, 139
Trd, 258857.317, 139
Trd, 258857.450, 140
Trd, 258858.417, 140
Trd, 258858.500, 139
Trd, 258858.850, 140
Trd, 258859.317, 140
Trd, 258859.717, 140
Trd, 258859.800, 140
Trd, 258859.950, 140
Trd, 258859.967, 140
Trd, 258860.400, 140
Trd, 258860.517, 140
Trd, 258860.567, 140
Trd, 258861.000, 140
Trd, 258861.233, 140
Trd, 258861.283, 139
Trd, 258861.600, 131
Trd, 258861.667, 129
Trd, 258862.917, 140
Trd, 258862.967, 140
Trd, 258863.417, 140
Trd, 258863.583, 140
Trd, 258863.967, 140
Trd, 258864.150, 140
Trd, 258864.167, 140
Trd, 258864.217, 140
Trd, 258864.483, 140
Trd, 258864.517, 140
Trd, 258864.700, 139
Trd, 258864.817, 139
Trd, 258865.000, 139
Trd, 258865.267, 124
Trd, 258865.300, 138
Trd, 258865.533, 124
Trd, 258865.867, 123
Trd, 258865.950, 120
Trd, 258866.017, 138
Trd, 258866.217, 138
Trd, 258866.533, 123
Trd, 258866.700, 123
Trd, 258866.983, 123
Trd, 258867.550, 140
Trd, 258867.600, 139
Trd, 258867.633, 139
Trd, 258867.800, 138
Trd, 258868.267, 127
Trd, 258868.933, 127
Trd, 258869.250, 129
Trd, 258870.317, 134
Trd, 258871.033, 140
Trd, 258871.617, 140
Trd, 258871.783, 140
Trd, 258871.817, 140
Trd, 258871.917, 140
Trd, 258872.183, 140
Trd, 258872.500, 140
Trd, 258873.233, 140
Trd, 258873.283, 140
Trd, 258873.317, 140
Trd, 258873.600, 140
Trd, 258873.800, 140
Trd, 258874.050, 140
Trd, 258874.550, 138
Trd, 258874.667, 137
Trd, 258874.917, 140
Trd, 258875.267, 140
Trd, 258875.467, 140
Trd, 258876.283, 140
Trd, 258876.617, 140
Trd, 258876.833, 140
Trd, 258876.933, 140
Trd, 258877.050, 140
Trd, 258877.250, 140
Trd, 258877.700, 140
Trd, 258878.133, 140
Trd, 258878.533, 140
Trd, 258879.083, 140
Trd, 258879.600, 140
Trd, 258879.833, 140
Trd, 258879.933, 140
Trd, 258880.033, 140
Trd, 258880.117, 140
Trd, 258880.333, 140
Trd, 258880.450, 140
Trd, 258880.500, 139
Trd, 258881.517, 140
Trd, 258881.750, 140
Trd, 258882.367, 140
Trd, 258882.400, 140
Trd, 258882.800, 140
Trd, 258882.833, 140
Trd, 258883.033, 139
Trd, 258883.167, 139
Trd, 258883.517, 139
Trd, 258883.600, 140
Trd, 258883.683, 140
Trd, 258884.017, 139
Trd, 258884.117, 137
Trd, 258884.167, 132
Trd, 258885.017, 140
Trd, 258885.183, 140
Trd, 258885.400, 140
Trd, 258885.583, 140
Trd, 258886.283, 140
Trd, 258886.900, 140
Trd, 258887.067, 140
Trd, 258887.483, 140
Trd, 258887.850, 140
Trd, 258888.167, 140
Trd, 258888.200, 140
Trd, 258888.467, 140
Trd, 258888.683, 140
Trd, 258889.083, 140
Trd, 258889.800, 140
Trd, 258889.933, 140
Trd, 258890.067, 140
Trd, 258890.083, 140
Trd, 258891.000, 140
Trd, 258891.117, 140
Trd, 258891.300, 140
Trd, 258891.367, 140
Trd, 258891.450, 140
Trd, 258891.550, 140
Trd, 258891.567, 137
Trd, 258891.667, 136
Trd, 258892.133, 140
Trd, 258892.600, 140
Trd, 258892.617, 140
Trd, 258893.400, 140
Trd, 258893.783, 140
Trd, 258894.467, 140
Trd, 258894.933, 140
Trd, 258895.117, 140
Trd, 258895.150, 140
Trd, 258895.267, 140
Trd, 258895.483, 140
Trd, 258895.567, 140
Trd, 258895.783, 139
Trd, 258896.533, 132
Trd, 258897.133, 140
Trd, 258897.667, 140
Trd, 258898.100, 140
Trd, 258898.183, 140
Trd, 258898.500, 140
Trd, 258898.700, 140
Trd, 258898.967, 140
Trd, 258899.317, 140
Trd, 258899.783, 140
Trd, 258899.967, 140
Trd, 258900.050, 140
Trd, 258900.133, 140
Trd, 258900.533, 140
Trd, 258900.750, 140
Trd, 258901.400, 140
Trd, 258901.483, 140
Trd, 258901.767, 140
Trd, 258901.933, 140
Trd, 258902.283, 140
Trd, 258902.300, 140
Trd, 258902.450, 140
Trd, 258902.583, 140
Trd, 258902.833, 139
Trd, 258904.017, 140
Trd, 258904.183, 140
Trd, 258905.267, 140
Trd, 258905.367, 140
Trd, 258905.400, 140
Trd, 258905.550, 140
Trd, 258905.567, 140
Trd, 258905.750, 140
Trd, 258905.883, 140
Trd, 258905.900, 140
Trd, 258905.967, 128
Trd, 258906.200, 126
Trd, 258906.383, 118
Trd, 258906.667, 104
Trd, 258906.700, 104
Trd, 258907.000, 126
Trd, 258907.400, 133
Trd, 258907.683, 114
Trd, 258907.767, 134
Trd, 258908.050, 111
Trd, 258908.250, 110
Trd, 258908.650, 138
Trd, 258909.167, 135
Trd, 258909.433, 134
Trd, 258909.450, 125
Trd, 258909.600, 126
Trd, 258909.767, 137
Trd, 258910.133, 128
Trd, 258910.233, 127
Trd, 258910.683, 129
Trd, 258911.900, 140
Trd, 258912.267, 140
Trd, 258912.533, 140
Trd, 258912.600, 140
Trd, 258912.917, 140
Trd, 258913.783, 140
Trd, 258914.150, 140
Trd, 258914.217, 140
Trd, 258914.433, 140
Trd, 258914.533, 140
Trd, 258914.633, 140
Trd, 258914.750, 140
Trd, 258914.883, 140
Trd, 258914.950, 140
Trd, 258914.983, 140
Trd, 258915.367, 140
Trd, 258915.417, 140
Trd, 258915.700, 127
Trd, 258916.033, 140
Trd, 258916.150, 140
Trd, 258916.267, 131
Trd, 258916.483, 128
Trd, 258916.750, 138
Trd, 258917.017, 130
Trd, 258917.033, 128
Trd, 258917.150, 128
Trd, 258917.217, 127
Trd, 258918.167, 138
Trd, 258918.250, 139
Trd, 258918.450, 140
Trd, 258918.950, 140
Trd, 258919.050, 140
Trd, 258919.500, 140
Trd, 258919.633, 140
Trd, 258919.750, 136
Trd, 258919.917, 135
Trd, 258920.267, 139
Trd, 258920.383, 138
Trd, 258920.433, 128
Trd, 258920.700, 126
Trd, 258920.783, 108
Trd, 258921.283, 140
Trd, 258921.400, 140
Trd, 258921.450, 140
Trd, 258922.333, 140
Trd, 258922.850, 140
Trd, 258923.000, 140
Trd, 258923.117, 140
Trd, 258923.967, 140
Trd, 258924.450, 140
Trd, 258924.550, 140
Trd, 258924.583, 140
Trd, 258924.783, 140
Trd, 258925.100, 137
Trd, 258925.417, 139
Trd, 258925.800, 137
Trd, 258926.483, 137
Trd, 258926.667, 137
Trd, 258927.067, 139
Trd, 258927.450, 138
Trd, 258927.483, 137
Trd, 258927.733, 140
Trd, 258928.150, 140
Trd, 258928.167, 140
Trd, 258928.417, 140
Trd, 258928.533, 140
Trd, 258929.317, 140
Trd, 258929.467, 140
Trd, 258929.567, 140
Trd, 258929.717, 140
Trd, 258929.917, 139
Trd, 258929.983, 140
Trd, 258930.050, 139
Trd, 258930.067, 138
Trd, 258930.500, 134
Trd, 258930.600, 129
Trd, 258930.917, 140
Trd, 258930.983, 139
Trd, 258931.350, 132
Trd, 258932.367, 140
Trd, 258932.833, 140
Trd, 258933.183, 140
Trd, 258933.417, 140
Trd, 258933.567, 140
Trd, 258933.583, 140
Trd, 258934.350, 140
Trd, 258934.950, 140
Trd, 258935.533, 140
Trd, 258935.550, 140
Trd, 258935.817, 140
Trd, 258936.267, 140
Trd, 258936.483, 140
Trd, 258936.983, 140
Trd, 258937.067, 140
Trd, 258937.333, 140
Trd, 258937.600, 140
Trd, 258937.817, 140
Trd, 258938.050, 140
Trd, 258938.233, 140
Trd, 258938.500, 140
Trd, 258938.567, 140
Trd, 258938.583, 140
Trd, 258938.633, 140
Trd, 258938.733, 126
Trd, 258938.917, 140
Trd, 258939.117, 140
Trd, 258939.517, 140
Trd, 258939.850, 140
Trd, 258940.167, 130
Trd, 258940.350, 126
Trd, 258940.433, 124
Trd, 258940.483, 122
Trd, 258940.650, 119
Trd, 258940.850, 118
Trd, 258941.367, 140
Trd, 258941.717, 119
Trd, 258941.800, 118
Trd, 258941.833, 117
Trd, 258942.517, 140
Trd, 258942.550, 140
Trd, 258942.900, 140
Trd, 258943.033, 140
Trd, 258943.217, 140
Trd, 258944.167, 140
Trd, 258944.283, 140
Trd, 258944.567, 140
Trd, 258944.783, 140
Trd, 258944.833, 140
Trd, 258944.983, 140
Trd, 258945.667, 140
Trd, 258945.850, 140
Trd, 258946.217, 139
Trd, 258946.467, 140
Trd, 258946.767, 140
Trd, 258947.317, 140
Trd, 258947.400, 140
Trd, 258947.600, 140
Trd, 258948.083, 122
Trd, 258948.633, 140
Trd, 258948.717, 140
Trd, 258948.917, 140
Trd, 258948.967, 140
Trd, 258949.100, 133
Trd, 258949.250, 132
Trd, 258949.333, 140
Trd, 258949.433, 129
Trd, 258950.000, 139
Trd, 258950.267, 140
Trd, 258950.317, 129
Trd, 258951.200, 130
Trd, 258951.967, 135
Trd, 258952.350, 140
Trd, 258952.383, 139
Trd, 258952.483, 138
Trd, 258952.550, 137
Trd, 258953.450, 139
Trd, 258953.517, 135
Trd, 258953.783, 134
Trd, 258954.617, 133
Trd, 258954.783, 134
Trd, 258954.867, 134
Trd, 258955.467, 140
Trd, 258955.867, 137
Trd, 258956.050, 136
Trd, 258956.167, 130
Trd, 258956.183, 126
Trd, 258956.317, 140
Trd, 258956.333, 140
Trd, 258956.467, 123
Trd, 258956.900, 139
Trd, 258957.300, 133
Trd, 258957.600, 129
Trd, 258957.967, 128
Trd, 258958.333, 127
Trd, 258958.467, 126
Trd, 258958.883, 137
Trd, 258958.950, 127
Trd, 258959.517, 128
Trd, 258959.583, 127
Trd, 258959.733, 138
Trd, 258960.467, 133
Trd, 258960.483, 132
Trd, 258960.900, 140
Trd, 258961.367, 140
Trd, 258961.517, 140
Trd, 258961.750, 140
Trd, 258961.900, 140
Trd, 258962.017, 140
Trd, 258962.167, 140
Trd, 258962.317, 140
Trd, 258962.833, 140
Trd, 258962.983, 140
Trd, 258963.717, 140
Trd, 258963.783, 140
Trd, 258963.867, 140
Trd, 258964.067, 140
Trd, 258964.367, 136
Trd, 258964.383, 131
Trd, 258964.567, 140
Trd, 258964.817, 139
Trd, 258965.433, 140
Trd, 258965.600, 140
Trd, 258965.900, 140
Trd, 258966.033, 140
Trd, 258966.367, 140
Trd, 258967.200, 140
Trd, 258967.317, 140
Trd, 258967.617, 140
Trd, 258967.783, 140
Trd, 258967.967, 140
Trd, 258967.983, 139
Trd, 258968.017, 126
Trd, 258968.267, 139
Trd, 258968.317, 128
Trd, 258968.883, 139
Trd, 258968.983, 140
Trd, 258969.417, 140
Trd, 258969.450, 140
Trd, 258969.733, 139
Trd, 258970.050, 129
Trd, 258970.367, 129
Trd, 258970.450, 129
Trd, 258970.600, 128
Trd, 258970.617, 130
Trd, 258971.167, 140
Trd, 258971.433, 140
Trd, 258971.617, 140
Trd, 258972.183, 140
Trd, 258972.217, 140
Trd, 258972.283, 140
Trd, 258972.467, 132
Trd, 258972.767, 140
Trd, 258972.933, 121
Trd, 258972.950, 120
Trd, 258973.217, 124
Trd, 258973.367, 118
Trd, 258973.450, 118
Trd, 258973.500, 126
Trd, 258974.083, 139
Trd, 258974.117, 119
Trd, 258974.550, 122
Trd, 258976.517, 140
Trd, 258977.283, 140
Trd, 258977.300, 140
Trd, 258977.400, 140
Trd, 258977.450, 140
Trd, 258978.233, 140
Trd, 258978.367, 140
Trd, 258978.483, 140
Trd, 258978.683, 140
Trd, 258978.917, 140
Trd, 258978.967, 140
Trd, 258979.000, 140
Trd, 258979.050, 133
Trd, 258979.100, 139
Trd, 258979.417, 140
Trd, 258979.850, 140
Trd, 258979.950, 134
Trd, 258980.033, 132
Trd, 258980.217, 127
Trd, 258980.367, 127
Trd, 258981.200, 140
Trd, 258981.450, 140
Trd, 258982.150, 140
Trd, 258982.667, 140
Trd, 258982.983, 140
Trd, 258983.367, 140
Trd, 258984.583, 140
Trd, 258984.650, 140
Trd, 258984.667, 140
Trd, 258984.750, 140
Trd, 258984.983, 140
Trd, 258985.000, 140
Trd, 258985.217, 140
Trd, 258985.283, 140
Trd, 258985.300, 140
Trd, 258985.583, 140
Trd, 258985.883, 140
Trd, 258986.067, 140
Trd, 258986.133, 139
Trd, 258986.150, 139
Trd, 258986.400, 135
Trd, 258986.450, 134
Trd, 258986.883, 139
Trd, 258987.067, 126
Trd, 258987.383, 124
Trd, 258987.517, 134
Trd, 258987.550, 140
Trd, 258987.800, 132
Trd, 258988.567, 129
Trd, 258988.700, 129
Trd, 258989.033, 128
Trd, 258989.367, 128
Trd, 258989.600, 127
Trd, 258990.167, 133
Trd, 258990.417, 137
Trd, 258990.833, 134
Trd, 258990.950, 133
Trd, 258991.067, 132
Trd, 258991.417, 126
Trd, 258991.600, 134
Trd, 258991.750, 128
Trd, 258992.250, 140
Trd, 258992.300, 140
Trd, 258992.467, 140
Trd, 258992.617, 140
Trd, 258992.750, 138
Trd, 258992.950, 140
Trd, 258993.333, 140
Trd, 258993.750, 139
Trd, 258993.983, 138
Trd, 258994.300, 127
Trd, 258994.583, 127
Trd, 258994.850, 128
Trd, 258994.867, 127
Trd, 258994.933, 129
Trd, 258995.033, 127
Trd, 258995.250, 126
Trd, 258995.817, 125
Trd, 258995.950, 126
Trd, 258996.033, 125
Trd, 258996.300, 135
Trd, 258996.950, 140
Trd, 258997.300, 140
Trd, 258997.433, 140
Trd, 258997.717, 140
Trd, 258997.950, 140
Trd, 258998.200, 140
Trd, 258998.633, 140
Trd, 258998.700, 140
Trd, 258998.800, 140
Trd, 258999.400, 140
Trd, 258999.683, 139
Trd, 259000.417, 140
Trd, 259000.833, 140
Trd, 259000.883, 140
Trd, 259000.950, 137
Trd, 259001.117, 130
Trd, 259002.550, 140
Trd, 259002.867, 140
Trd, 259003.067, 140
Trd, 259003.083, 140
Trd, 259003.967, 140
Trd, 259004.200, 140
Trd, 259004.283, 140
Trd, 259004.900, 140
Trd, 259005.117, 140
Trd, 259005.350, 140
Trd, 259005.367, 140
Trd, 259005.467, 140
Trd, 259005.533, 139
Trd, 259005.700, 140
Trd, 259006.200, 134
Trd, 259006.217, 133
Trd, 259006.367, 132
Trd, 259006.700, 128
Trd, 259006.850, 137
Trd, 259007.600, 134
Trd, 259007.750, 133
Trd, 259007.933, 132
Trd, 259008.000, 122
Trd, 259008.517, 139
Trd, 259008.867, 122
Trd, 259009.250, 122
Trd, 259009.500, 123
Trd, 259009.767, 135
Trd, 259010.017, 124
Trd, 259010.400, 140
Trd, 259010.667, 124
Trd, 259010.783, 120
Trd, 259011.017, 115
Trd, 259011.833, 138
Trd, 259012.050, 139
Trd, 259012.400, 138
Trd, 259012.550, 140
Trd, 259012.700, 133
Trd, 259012.833, 132
Trd, 259013.300, 129
Trd, 259014.333, 140
Trd, 259014.433, 140
Trd, 259014.483, 140
Trd, 259014.500, 140
Trd, 259014.517, 139
Trd, 259014.967, 140
Trd, 259015.000, 137
Trd, 259015.233, 127
Trd, 259015.433, 138
Trd, 259015.600, 126
Trd, 259015.667, 125
Trd, 259015.683, 124
Trd, 259016.433, 129
Trd, 259016.483, 128
Trd, 259017.733, 128
Trd, 259018.050, 132
Trd, 259018.133, 132
Trd, 259018.200, 129
Trd, 259018.500, 131
Trd, 259018.567, 133
Trd, 259018.883, 138
Trd, 259018.967, 140
Trd, 259019.567, 140
Trd, 259019.617, 140
Trd, 259020.033, 140
Trd, 259020.183, 140
Trd, 259020.350, 140
Trd, 259020.417, 139
Trd, 259021.150, 139
Trd, 259021.167, 138
Trd, 259021.333, 137
Trd, 259021.433, 136
Trd, 259021.617, 135
Trd, 259021.850, 135
Trd, 259022.367, 136
Trd, 259023.150, 140
Trd, 259023.467, 140
Trd, 259023.533, 140
Trd, 259023.667, 140
Trd, 259024.250, 140
Trd, 259024.467, 140
Trd, 259024.733, 140
Trd, 259024.833, 140
Trd, 259025.000, 140
Trd, 259025.083, 139
Trd, 259025.183, 137
Trd, 259025.633, 126
Trd, 259025.917, 117
Trd, 259026.483, 117
Trd, 259026.517, 135
Trd, 259026.783, 137
Trd, 259026.917, 114
Trd, 259027.000, 111
Trd, 259027.417, 140
Trd, 259027.683, 140
Trd, 259027.867, 140
Trd, 259028.517, 140
Trd, 259028.667, 140
Trd, 259028.817, 140
Trd, 259028.983, 140
Trd, 259029.283, 140
Trd, 259029.400, 138
Trd, 259029.667, 139
Trd, 259029.833, 139
Trd, 259030.033, 139
Trd, 259030.950, 140
Trd, 259031.117, 140
Trd, 259031.300, 140
Trd, 259031.917, 140
Trd, 259032.100, 140
Trd, 259032.367, 132
Trd, 259032.600, 128
Trd, 259033.083, 116
Trd, 259033.200, 113
Trd, 259033.367, 112
Trd, 259033.400, 111
Trd, 259033.500, 98
Trd, 259033.667, 74
Trd, 259033.717, 88
Trd, 259034.033, 70
Trd, 259034.517, 88
Trd, 259034.533, 89
Trd, 259034.833, 82
Trd, 259034.967, 125
Trd, 259035.300, 130
Trd, 259035.850, 75
Trd, 259035.883, 85
Trd, 259036.000, 84
Trd, 259036.017, 104
Trd, 259036.150, 92
Trd, 259036.533, 76
Trd, 259036.650, 122
Trd, 259037.283, 85
Trd, 259037.483, 82
Trd, 259037.567, 135
Trd, 259038.250, 88
Trd, 259038.417, 96
Trd, 259038.483, 127
Trd, 259038.583, 91
Trd, 259039.067, 130
Trd, 259039.117, 129
Trd, 259039.417, 140
Trd, 259039.517, 140
Trd, 259039.633, 119
Trd, 259039.800, 109
Trd, 259040.133, 114
Trd, 259040.367, 115
Trd, 259040.733, 116
Trd, 259040.950, 125
Trd, 259040.983, 113
Trd, 259041.183, 112
Trd, 259041.217, 137
Trd, 259041.617, 115
Trd, 259041.750, 115
Trd, 259041.850, 115
Trd, 259042.317, 117
Trd, 259042.417, 116
Trd, 259042.633, 112
Trd, 259042.850, 113
Trd, 259042.983, 105
Trd, 259043.467, 110
Trd, 259043.617, 137
Trd, 259043.717, 109
Trd, 259043.783, 100
Trd, 259044.183, 135
Trd, 259044.250, 98
Trd, 259044.500, 97
Trd, 259044.650, 117
Trd, 259045.150, 140
Trd, 259045.733, 140
Trd, 259046.433, 140
Trd, 259046.800, 140
Trd, 259047.250, 140
Trd, 259047.367, 140
Trd, 259047.433, 140
Trd, 259047.517, 131
Trd, 259047.567, 128
Trd, 259047.967, 123
Trd, 259048.267, 122
Trd, 259049.017, 140
Trd, 259049.117, 140
Trd, 259049.167, 139
Trd, 259049.317, 128
Trd, 259050.000, 129
Trd, 259050.467, 140
Trd, 259050.633, 140
Trd, 259052.250, 140
Trd, 259052.650, 140
Trd, 259052.833, 140
Trd, 259052.967, 140
Trd, 259052.983, 140
Trd, 259053.050, 140
Trd, 259053.450, 140
Trd, 259053.967, 140
Trd, 259054.083, 140
Trd, 259054.217, 140
Trd, 259054.233, 139
Trd, 259054.283, 130
Trd, 259054.833, 132
Trd, 259055.150, 140
Trd, 259055.750, 138
Trd, 259055.983, 140
Trd, 259056.000, 139
Trd, 259056.283, 139
Trd, 259056.383, 118
Trd, 259056.417, 116
Trd, 259056.533, 115
Trd, 259056.717, 125
Trd, 259057.033, 140
Trd, 259057.133, 140
Trd, 259057.717, 140
Trd, 259058.117, 140
Trd, 259058.217, 140
Trd, 259058.333, 140
Trd, 259058.567, 140
Trd, 259058.800, 140
Trd, 259059.050, 139
Trd, 259059.150, 140
Trd, 259059.183, 140
Trd, 259059.383, 138
Trd, 259059.550, 129
Trd, 259060.200, 126
Trd, 259060.550, 139
Trd, 259061.000, 140
Trd, 259061.100, 140
Trd, 259061.433, 140
Trd, 259061.483, 140
Trd, 259062.567, 140
Trd, 259063.583, 140
Trd, 259064.467, 140
Trd, 259064.967, 140
Trd, 259065.183, 140
Trd, 259065.217, 140
Trd, 259065.250, 140
Trd, 259065.300, 140
Trd, 259065.450, 140
Trd, 259065.700, 140
Trd, 259065.817, 140
Trd, 259065.983, 140
Trd, 259066.133, 140
Trd, 259066.300, 140
Trd, 259066.350, 140
Trd, 259066.600, 140
Trd, 259066.817, 140
Trd, 259067.167, 127
Trd, 259067.367, 140
Trd, 259067.417, 140
Trd, 259067.433, 140
Trd, 259067.617, 139
Trd, 259067.733, 127
Trd, 259067.833, 126
Trd, 259067.933, 124
Trd, 259068.217, 128
Trd, 259068.333, 138
Trd, 259068.467, 135
Trd, 259068.533, 127
Trd, 259068.617, 126
Trd, 259069.367, 140
Trd, 259070.783, 140
Trd, 259071.183, 140
Trd, 259071.200, 140
Trd, 259071.300, 140
Trd, 259071.317, 140
Trd, 259072.267, 140
Trd, 259072.533, 140
Trd, 259072.700, 140
Trd, 259073.417, 140
Trd, 259074.117, 140
Trd, 259074.267, 140
Trd, 259074.383, 140
Trd, 259074.467, 140
Trd, 259074.583, 140
Trd, 259074.667, 140
Trd, 259074.733, 140
Trd, 259075.467, 140
Trd, 259075.500, 140
Trd, 259075.567, 140
Trd, 259075.783, 140
Trd, 259076.200, 140
Trd, 259076.850, 140
Trd, 259077.150, 140
Trd, 259077.600, 140
Trd, 259077.900, 140
Trd, 259077.933, 140
Trd, 259078.050, 140
Trd, 259078.233, 139
Trd, 259078.283, 126
Trd, 259078.950, 135
Trd, 259079.400, 140
Trd, 259079.983, 140
Trd, 259080.267, 140
Trd, 259080.383, 140
Trd, 259080.433, 140
Trd, 259080.450, 139
Trd, 259080.933, 140
Trd, 259080.950, 140
Trd, 259081.033, 137
Trd, 259081.283, 140
Trd, 259081.767, 140
Trd, 259082.200, 140
Trd, 259082.217, 140
Trd, 259082.483, 128
Trd, 259082.600, 127
Trd, 259082.783, 118
Trd, 259083.400, 140
Trd, 259083.467, 124
Trd, 259083.917, 123
Trd, 259084.117, 137
Trd, 259084.150, 123
Trd, 259084.333, 125
Trd, 259084.500, 124
Trd, 259085.000, 140
Trd, 259085.050, 140
Trd, 259085.150, 138
Trd, 259085.617, 139
Trd, 259085.883, 140
Trd, 259086.267, 139
Trd, 259086.317, 139
Trd, 259086.533, 140
Trd, 259086.550, 138
Trd, 259087.450, 140
Trd, 259087.633, 140
Trd, 259087.700, 139
Trd, 259088.133, 134
Trd, 259088.200, 133
Trd, 259089.333, 140
Trd, 259089.433, 140
Trd, 259089.650, 140
Trd, 259089.717, 140
Trd, 259089.783, 140
Trd, 259089.967, 140
Trd, 259090.000, 140
Trd, 259090.467, 140
Trd, 259091.450, 140
Trd, 259091.700, 140
Trd, 259091.950, 140
Trd, 259092.667, 140
Trd, 259092.883, 140
Trd, 259093.183, 140
Trd, 259093.400, 140
Trd, 259093.483, 140
Trd, 259093.650, 140
Trd, 259093.700, 140
Trd, 259094.000, 140
Trd, 259095.333, 140
Trd, 259095.467, 140
Trd, 259095.483, 140
Trd, 259095.750, 140
Trd, 259095.767, 140
Trd, 259095.783, 140
Trd, 259095.867, 140
Trd, 259096.117, 140
Trd, 259096.167, 139
Trd, 259096.250, 129
Trd, 259096.583, 140
Trd, 259096.850, 135
Trd, 259096.867, 135
Trd, 259097.383, 140
Trd, 259097.517, 140
Trd, 259097.800, 140
Trd, 259098.050, 140
Trd, 259098.317, 140
Trd, 259098.417, 140
Trd, 259098.517, 140
Trd, 259098.533, 140
Trd, 259098.950, 140
Trd, 259099.150, 140
Trd, 259099.167, 140
Trd, 259099.233, 140
Trd, 259099.383, 140
Trd, 259099.900, 140
Trd, 259099.950, 139
Trd, 259100.833, 140
Trd, 259101.817, 140
Trd, 259102.167, 140
Trd, 259102.733, 140
Trd, 259103.067, 140
Trd, 259103.200, 130
Trd, 259103.350, 127
Trd, 259103.483, 114
Trd, 259103.517, 113
Trd, 259103.633, 106
Trd, 259104.033, 140
Trd, 259104.350, 140
Trd, 259104.433, 140
Trd, 259104.450, 140
Trd, 259104.517, 94
Trd, 259104.533, 93
Trd, 259105.683, 88
Trd, 259105.967, 140
Trd, 259106.050, 134
Trd, 259106.333, 131
Trd, 259106.550, 138
Trd, 259106.817, 139
Trd, 259106.850, 140
Trd, 259107.583, 140
Trd, 259107.683, 140
Trd, 259108.017, 140
Trd, 259108.033, 140
Trd, 259108.567, 140
Trd, 259108.933, 140
Trd, 259109.317, 140
Trd, 259109.533, 140
Trd, 259109.850, 140
Trd, 259110.050, 140
Trd, 259110.183, 140
Trd, 259110.567, 140
Trd, 259110.700, 140
Trd, 259110.767, 140
Trd, 259111.500, 140
Trd, 259111.533, 140
Trd, 259111.750, 140
Trd, 259111.783, 137
Trd, 259112.700, 140
Trd, 259112.850, 139
Trd, 259112.950, 131
Trd, 259113.183, 130
Trd, 259113.350, 129
Trd, 259113.383, 121
Trd, 259114.433, 140
Trd, 259114.517, 140
Trd, 259114.733, 140
Trd, 259114.767, 140
Trd, 259115.017, 140
Trd, 259115.200, 140
Trd, 259115.800, 139
Trd, 259115.850, 139
Trd, 259115.900, 138
Trd, 259116.400, 139
Trd, 259116.483, 138
Trd, 259117.017, 135
Trd, 259117.150, 136
Trd, 259118.317, 140
Trd, 259118.417, 140
Trd, 259118.483, 140
Trd, 259118.800, 140
Trd, 259118.817, 140
Trd, 259120.467, 140
Trd, 259120.500, 140
Trd, 259120.733, 140
Trd, 259121.167, 140
Trd, 259121.300, 140
Trd, 259121.950, 140
Trd, 259122.067, 140
Trd, 259122.133, 140
Trd, 259122.250, 140
Trd, 259122.583, 140
Trd, 259122.700, 140
Trd, 259122.733, 139
Trd, 259122.817, 136
Trd, 259122.883, 132
Trd, 259123.733, 138
Trd, 259123.817, 136
Trd, 259123.917, 136
Trd, 259124.700, 140
Trd, 259124.950, 140
Trd, 259125.267, 140
Trd, 259125.483, 140
Trd, 259125.933, 140
Trd, 259126.050, 140
Trd, 259126.200, 140
Trd, 259126.450, 140
Trd, 259126.483, 140
Trd, 259126.933, 138
Trd, 259127.117, 140
Trd, 259127.433, 140
Trd, 259127.533, 139
Trd, 259128.200, 140
Trd, 259128.267, 140
Trd, 259129.567, 140
Trd, 259129.833, 140
Trd, 259129.950, 140
Trd, 259130.000, 140
Trd, 259130.100, 140
Trd, 259130.683, 140
Trd, 259130.783, 140
Trd, 259130.817, 140
Trd, 259131.600, 140
Trd, 259131.917, 140
Trd, 259132.300, 140
Trd, 259132.700, 140
Trd, 259132.967, 140
Trd, 259133.183, 140
Trd, 259133.400, 140
Trd, 259133.683, 140
Trd, 259134.250, 140
Trd, 259134.983, 140
Trd, 259135.083, 140
Trd, 259135.117, 140
Trd, 259135.233, 140
Trd, 259135.283, 140
Trd, 259135.383, 137
Trd, 259135.517, 129
Trd, 259135.783, 135
Trd, 259135.983, 139
Trd, 259136.600, 137
Trd, 259137.700, 140
Trd, 259137.783, 140
Trd, 259138.083, 140
Trd, 259138.367, 140
Trd, 259138.933, 139
Trd, 259139.083, 140
Trd, 259139.233, 140
Trd, 259139.483, 137
Trd, 259139.683, 136
Trd, 259140.367, 139
Trd, 259140.583, 140
Trd, 259140.900, 140
Trd, 259141.050, 140
Trd, 259141.300, 140
Trd, 259141.950, 140
Trd, 259142.300, 140
Trd, 259142.683, 140
Trd, 259142.750, 140
Trd, 259142.800, 134
Trd, 259142.967, 134
Trd, 259143.133, 134
Trd, 259143.167, 132
Trd, 259143.300, 131
Trd, 259143.500, 135
Trd, 259144.950, 140
Trd, 259145.600, 140
Trd, 259145.767, 140
Trd, 259146.483, 140
Trd, 259146.617, 140
Trd, 259147.333, 140
Trd, 259147.383, 140
Trd, 259148.467, 140
Trd, 259148.500, 140
Trd, 259148.600, 140
Trd, 259148.967, 140
Trd, 259149.000, 140
Trd, 259149.450, 140
Trd, 259149.583, 140
Trd, 259150.367, 140
Trd, 259150.817, 140
Trd, 259150.850, 140
Trd, 259150.917, 140
Trd, 259151.383, 140
Trd, 259151.700, 140
Trd, 259151.833, 140
Trd, 259151.850, 140
Trd, 259152.717, 140
Trd, 259152.950, 139
Trd, 259154.133, 140
Trd, 259154.483, 140
Trd, 259154.700, 140
Trd, 259155.550, 140
Trd, 259155.767, 140
Trd, 259155.833, 140
Trd, 259155.933, 140
Trd, 259156.000, 140
Trd, 259156.067, 140
Trd, 259156.433, 140
Trd, 259156.567, 140
Trd, 259156.750, 140
Trd, 259157.083, 140
Trd, 259157.567, 140
Trd, 259158.183, 140
Trd, 259158.267, 140
Trd, 259158.317, 140
Trd, 259158.517, 140
Trd, 259159.433, 140
Trd, 259159.550, 140
Trd, 259159.683, 140
Trd, 259159.867, 140
Trd, 259160.067, 140
Trd, 259160.083, 140
Trd, 259160.167, 139
Trd, 259160.600, 134
Trd, 259160.617, 132
Trd, 259160.650, 130
Trd, 259160.883, 140
Trd, 259160.900, 134
Trd, 259161.117, 140
Trd, 259161.933, 140
Trd, 259161.983, 140
Trd, 259162.400, 140
Trd, 259163.350, 140
Trd, 259163.517, 140
Trd, 259164.050, 140
Trd, 259164.117, 140
Trd, 259164.350, 140
Trd, 259164.467, 140
Trd, 259164.483, 140
Trd, 259165.217, 140
Trd, 259165.233, 140
Trd, 259165.817, 140
Trd, 259166.033, 140
Trd, 259166.050, 140
Trd, 259166.333, 140
Trd, 259166.483, 140
Trd, 259166.967, 140
Trd, 259167.933, 140
Trd, 259167.983, 140
Trd, 259168.083, 140
Trd, 259168.133, 134
Trd, 259168.233, 133
Trd, 259168.450, 129
Trd, 259168.667, 128
Trd, 259168.967, 127
Trd, 259168.983, 126
Trd, 259169.933, 129
Trd, 259169.950, 128
Trd, 259170.267, 128
Trd, 259170.483, 127
Trd, 259170.800, 133
Trd, 259171.083, 131
Trd, 259171.400, 140
Trd, 259171.717, 140
Trd, 259172.233, 129
Trd, 259172.250, 127
Trd, 259172.483, 117
Trd, 259172.517, 136
Trd, 259173.033, 121
Trd, 259173.217, 120
Trd, 259173.800, 121
Trd, 259173.867, 122
Trd, 259174.050, 138
Trd, 259174.133, 136
Trd, 259174.150, 135
Trd, 259174.767, 133
Trd, 259174.833, 123
Trd, 259174.967, 123
Trd, 259175.300, 122
Trd, 259175.850, 140
Trd, 259176.050, 140
Trd, 259176.067, 140
Trd, 259176.533, 140
Trd, 259176.717, 140
Trd, 259176.733, 140
Trd, 259176.917, 140
Trd, 259177.050, 140
Trd, 259177.533, 140
Trd, 259177.700, 140
Trd, 259177.783, 140
Trd, 259178.200, 139
Trd, 259178.467, 136
Trd, 259178.533, 126
Trd, 259178.700, 140
Trd, 259178.833, 140
Trd, 259178.867, 140
Trd, 259178.933, 127
Trd, 259179.083, 132
Trd, 259179.217, 122
Trd, 259180.300, 139
Trd, 259180.733, 139
Trd, 259181.183, 139
Trd, 259181.267, 139
Trd, 259181.550, 138
Trd, 259181.983, 139
Trd, 259182.433, 139
Trd, 259182.683, 137
Trd, 259182.717, 131
Trd, 259182.833, 131
Trd, 259183.117, 130
Trd, 259183.217, 126
Trd, 259183.433, 123
Trd, 259183.783, 120
Trd, 259183.883, 107
Trd, 259184.417, 90
Trd, 259184.733, 129
Trd, 259185.050, 107
Trd, 259185.267, 102
Trd, 259185.317, 122
Trd, 259186.100, 134
Trd, 259186.200, 108
Trd, 259186.650, 108
Trd, 259186.717, 140
Trd, 259186.800, 139
Trd, 259186.917, 107
Trd, 259187.400, 128
Trd, 259187.683, 107
Trd, 259188.067, 138
Trd, 259188.517, 123
Trd, 259188.650, 121
Trd, 259189.400, 139
Trd, 259189.717, 140
Trd, 259190.000, 140
Trd, 259190.183, 140
Trd, 259190.300, 140
Trd, 259191.067, 140
Trd, 259191.183, 140
Trd, 259191.217, 140
Trd, 259191.267, 138
Trd, 259191.583, 140
Trd, 259192.500, 140
Trd, 259192.517, 140
Trd, 259192.850, 140
Trd, 259192.867, 140
Trd, 259192.917, 140
Trd, 259193.233, 140
Trd, 259193.450, 140
Trd, 259193.483, 140
Trd, 259193.650, 140
Trd, 259193.950, 140
Trd, 259194.050, 140
Trd, 259194.400, 140
Trd, 259194.733, 139
Trd, 259195.133, 140
Trd, 259195.517, 140
Trd, 259196.050, 140
Trd, 259196.183, 140
Trd, 259196.550, 140
Trd, 259196.783, 140
Trd, 259197.050, 140
Trd, 259197.117, 140
Trd, 259197.283, 140
Trd, 259197.433, 137
Trd, 259197.533, 123
Trd, 259197.550, 117
Trd, 259198.267, 140
Trd, 259198.350, 139
Trd, 259198.417, 128
Trd, 259198.550, 127
Trd, 259198.617, 126
Trd, 259199.283, 132
