Trd, 258576.833, 130
Trd, 258577.117, 140
Trd, 258578.200, 138
Trd, 258578.700, 132
Trd, 258578.817, 129
Trd, 258579.083, 129
Trd, 258579.133, 122
Trd, 258579.200, 119
Trd, 258579.217, 115
Trd, 258579.417, 130
Trd, 258579.533, 109
Trd, 258579.933, 110
Trd, 258581.083, 137
Trd, 258581.100, 134
Trd, 258581.217, 126
Trd, 258581.383, 126
Trd, 258581.500, 112
Trd, 258581.567, 107
Trd, 258581.767, 101
Trd, 258581.933, 120
Trd, 258582.517, 104
Trd, 258582.583, 138
Trd, 258583.183, 134
Trd, 258583.267, 127
Trd, 258583.817, 122
Trd, 258583.950, 102
Trd, 258584.667, 134
Trd, 258585.267, 132
Trd, 258585.333, 139
Trd, 258585.383, 132
Trd, 258585.667, 140
Trd, 258586.083, 130
Trd, 258586.217, 130
Trd, 258586.400, 130
Trd, 258587.233, 139
Trd, 258587.283, 130
Trd, 258587.367, 118
Trd, 258587.867, 122
Trd, 258587.983, 112
Trd, 258588.033, 112
Trd, 258588.300, 102
Trd, 258588.450, 140
Trd, 258588.583, 139
Trd, 258588.717, 124
Trd, 258589.033, 101
Trd, 258589.150, 100
Trd, 258589.283, 117
Trd, 258589.900, 138
Trd, 258590.033, 133
Trd, 258590.267, 106
Trd, 258590.483, 106
Trd, 258590.533, 135
Trd, 258590.617, 109
Trd, 258591.100, 100
Trd, 258591.167, 96
Trd, 258591.450, 138
Trd, 258591.883, 120
Trd, 258592.067, 114
Trd, 258593.400, 128
Trd, 258593.733, 121
Trd, 258594.317, 138
Trd, 258594.367, 124
Trd, 258594.500, 138
Trd, 258595.300, 134
Trd, 258595.450, 139
Trd, 258595.633, 134
Trd, 258595.750, 116
Trd, 258595.817, 113
Trd, 258596.167, 105
Trd, 258596.350, 110
Trd, 258596.467, 107
Trd, 258597.283, 113
Trd, 258597.350, 136
Trd, 258597.583, 137
Trd, 258597.717, 116
Trd, 258597.750, 103
Trd, 258597.917, 118
Trd, 258598.233, 99
Trd, 258598.450, 96
Trd, 258598.533, 112
Trd, 258598.600, 111
Trd, 258598.667, 121
Trd, 258598.700, 125
Trd, 258599.333, 135
Trd, 258599.833, 139
Trd, 258600.267, 140
Trd, 258600.400, 136
Trd, 258600.817, 127
Trd, 258600.833, 125
Trd, 258600.933, 123
Trd, 258601.233, 132
Trd, 258601.400, 130
Trd, 258601.450, 124
Trd, 258602.167, 114
Trd, 258602.350, 104
Trd, 258602.433, 103
Trd, 258602.450, 97
Trd, 258602.633, 122
Trd, 258602.733, 116
Trd, 258602.750, 107
Trd, 258603.050, 105
Trd, 258603.250, 90
Trd, 258603.683, 84
Trd, 258604.067, 135
Trd, 258604.400, 133
Trd, 258604.917, 121
Trd, 258605.050, 140
Trd, 258605.133, 107
Trd, 258605.383, 109
Trd, 258605.433, 106
Trd, 258605.533, 119
Trd, 258605.717, 127
Trd, 258606.033, 138
Trd, 258606.317, 119
Trd, 258606.383, 99
Trd, 258606.533, 98
Trd, 258606.867, 101
Trd, 258606.983, 104
Trd, 258607.150, 91
Trd, 258607.317, 127
Trd, 258607.533, 104
Trd, 258608.083, 115
Trd, 258608.150, 114
Trd, 258608.400, 131
Trd, 258608.583, 123
Trd, 258609.000, 120
Trd, 258609.550, 119
Trd, 258609.600, 118
Trd, 258609.650, 113
Trd, 258609.750, 106
Trd, 258609.883, 134
Trd, 258609.900, 95
Trd, 258610.350, 95
Trd, 258610.717, 91
Trd, 258610.733, 82
Trd, 258610.917, 98
Trd, 258611.267, 106
Trd, 258611.433, 100
Trd, 258611.700, 125
Trd, 258611.900, 114
Trd, 258611.917, 97
Trd, 258612.200, 114
Trd, 258612.250, 123
Trd, 258612.650, 139
Trd, 258612.700, 121
Trd, 258612.983, 116
Trd, 258613.017, 109
Trd, 258613.550, 129
Trd, 258613.733, 132
Trd, 258613.783, 114
Trd, 258613.833, 81
Trd, 258613.883, 86
Trd, 258614.017, 99
Trd, 258614.217, 119
Trd, 258614.333, 88
Trd, 258614.800, 125
Trd, 258614.917, 105
Trd, 258615.433, 93
Trd, 258616.017, 87
Trd, 258616.583, 139
Trd, 258617.083, 134
Trd, 258617.100, 130
Trd, 258617.217, 130
Trd, 258617.550, 132
Trd, 258617.650, 128
Trd, 258617.833, 118
Trd, 258618.067, 135
Trd, 258618.550, 130
Trd, 258618.600, 120
Trd, 258618.650, 133
Trd, 258618.717, 135
Trd, 258618.767, 110
Trd, 258619.167, 139
Trd, 258619.667, 140
Trd, 258620.433, 129
Trd, 258620.550, 115
Trd, 258620.600, 114
Trd, 258620.883, 139
Trd, 258622.267, 140
Trd, 258622.517, 140
Trd, 258622.883, 130
Trd, 258623.350, 130
Trd, 258623.483, 125
Trd, 258623.617, 133
Trd, 258623.817, 119
Trd, 258623.900, 112
Trd, 258624.083, 126
Trd, 258624.400, 108
Trd, 258624.617, 98
Trd, 258624.683, 88
Trd, 258624.733, 120
Trd, 258624.933, 78
Trd, 258624.950, 113
Trd, 258625.367, 124
Trd, 258625.517, 125
Trd, 258625.917, 130
Trd, 258625.983, 129
Trd, 258626.067, 133
Trd, 258626.733, 115
Trd, 258627.400, 106
Trd, 258627.733, 131
Trd, 258627.783, 96
Trd, 258627.867, 95
Trd, 258627.900, 123
Trd, 258628.017, 93
Trd, 258628.133, 131
Trd, 258628.217, 129
Trd, 258628.350, 119
Trd, 258628.650, 134
Trd, 258628.967, 140
Trd, 258629.050, 139
Trd, 258629.583, 130
Trd, 258629.933, 104
Trd, 258630.200, 109
Trd, 258630.433, 133
Trd, 258630.500, 137
Trd, 258630.533, 104
Trd, 258630.950, 128
Trd, 258631.050, 125
Trd, 258631.367, 117
Trd, 258631.433, 129
Trd, 258631.550, 124
Trd, 258631.650, 102
Trd, 258631.733, 106
Trd, 258631.867, 95
Trd, 258632.083, 96
Trd, 258632.100, 107
Trd, 258632.667, 119
Trd, 258632.800, 138
Trd, 258633.217, 125
Trd, 258633.483, 117
Trd, 258633.667, 132
Trd, 258633.733, 127
Trd, 258634.067, 134
Trd, 258634.233, 109
Trd, 258634.333, 122
Trd, 258634.350, 98
Trd, 258634.617, 97
Trd, 258634.800, 98
Trd, 258635.133, 72
Trd, 258635.300, 70
Trd, 258635.750, 87
Trd, 258636.100, 101
Trd, 258636.717, 98
Trd, 258636.950, 94
Trd, 258637.300, 128
Trd, 258637.383, 94
Trd, 258637.667, 93
Trd, 258637.933, 108
Trd, 258638.400, 130
Trd, 258638.483, 120
Trd, 258638.583, 108
Trd, 258638.867, 105
Trd, 258639.150, 97
Trd, 258639.400, 130
Trd, 258640.017, 138
Trd, 258640.233, 110
Trd, 258640.300, 93
Trd, 258640.750, 137
Trd, 258640.783, 135
Trd, 258640.950, 136
Trd, 258641.350, 135
Trd, 258641.433, 127
Trd, 258642.000, 103
Trd, 258642.217, 136
Trd, 258642.450, 106
Trd, 258642.467, 95
Trd, 258642.833, 109
Trd, 258642.900, 112
Trd, 258643.067, 90
Trd, 258643.083, 87
Trd, 258643.467, 137
Trd, 258643.867, 136
Trd, 258644.217, 127
Trd, 258644.717, 124
Trd, 258645.317, 127
Trd, 258645.483, 132
Trd, 258645.500, 126
Trd, 258645.767, 134
Trd, 258645.783, 125
Trd, 258645.800, 121
Trd, 258646.100, 108
Trd, 258646.283, 133
Trd, 258646.333, 82
Trd, 258647.000, 129
Trd, 258647.233, 107
Trd, 258647.767, 138
Trd, 258648.283, 135
Trd, 258648.417, 133
Trd, 258648.433, 124
Trd, 258648.667, 126
Trd, 258648.767, 125
Trd, 258648.900, 123
Trd, 258648.933, 102
Trd, 258649.150, 117
Trd, 258649.267, 113
Trd, 258649.583, 115
Trd, 258649.700, 100
Trd, 258649.833, 131
Trd, 258650.150, 116
Trd, 258650.183, 114
Trd, 258650.633, 130
Trd, 258650.850, 139
Trd, 258651.317, 111
Trd, 258651.483, 110
Trd, 258651.833, 123
Trd, 258651.917, 102
Trd, 258652.050, 94
Trd, 258652.250, 91
Trd, 258652.400, 111
Trd, 258652.550, 122
Trd, 258652.933, 134
Trd, 258653.233, 127
Trd, 258653.467, 123
Trd, 258653.617, 123
Trd, 258653.767, 116
Trd, 258654.750, 132
Trd, 258654.917, 118
Trd, 258655.050, 114
Trd, 258655.233, 134
Trd, 258655.550, 139
Trd, 258655.600, 127
Trd, 258655.983, 125
Trd, 258656.017, 134
Trd, 258656.117, 116
Trd, 258656.200, 107
Trd, 258656.917, 136
Trd, 258657.083, 102
Trd, 258657.283, 101
Trd, 258657.617, 111
Trd, 258657.800, 129
Trd, 258657.850, 125
Trd, 258658.133, 124
Trd, 258658.167, 118
Trd, 258658.333, 102
Trd, 258658.367, 133
Trd, 258658.633, 127
Trd, 258658.683, 124
Trd, 258659.117, 102
Trd, 258659.133, 113
Trd, 258659.617, 104
Trd, 258659.817, 94
Trd, 258660.333, 126
Trd, 258660.567, 111
Trd, 258660.767, 110
Trd, 258660.967, 140
Trd, 258661.200, 127
Trd, 258661.500, 122
Trd, 258661.867, 110
Trd, 258662.200, 133
Trd, 258662.617, 124
Trd, 258662.800, 131
Trd, 258662.967, 136
Trd, 258663.267, 134
Trd, 258664.117, 131
Trd, 258664.367, 130
Trd, 258664.517, 129
Trd, 258665.033, 127
Trd, 258665.367, 139
Trd, 258665.917, 139
Trd, 258666.033, 129
Trd, 258666.450, 127
Trd, 258666.567, 125
Trd, 258666.650, 124
Trd, 258666.700, 117
Trd, 258666.750, 115
Trd, 258667.517, 134
Trd, 258668.000, 131
Trd, 258668.150, 127
Trd, 258668.267, 111
Trd, 258668.500, 108
Trd, 258668.550, 114
Trd, 258668.833, 97
Trd, 258668.933, 106
Trd, 258668.983, 102
Trd, 258669.500, 124
Trd, 258669.567, 93
Trd, 258669.617, 89
Trd, 258670.700, 110
Trd, 258670.733, 96
Trd, 258670.950, 126
Trd, 258671.067, 135
Trd, 258671.233, 99
Trd, 258671.650, 138
Trd, 258671.717, 136
Trd, 258671.933, 139
Trd, 258672.217, 130
Trd, 258673.133, 140
Trd, 258673.233, 135
Trd, 258673.700, 140
Trd, 258673.717, 139
Trd, 258674.083, 126
Trd, 258674.100, 127
Trd, 258674.117, 123
Trd, 258674.633, 134
Trd, 258674.767, 133
Trd, 258674.983, 131
Trd, 258675.167, 130
Trd, 258675.283, 138
Trd, 258675.400, 124
Trd, 258675.417, 123
Trd, 258675.650, 125
Trd, 258676.017, 137
Trd, 258676.133, 133
Trd, 258676.233, 120
Trd, 258676.867, 136
Trd, 258677.083, 131
Trd, 258677.167, 127
Trd, 258677.317, 118
Trd, 258678.017, 110
Trd, 258678.500, 117
Trd, 258679.533, 107
Trd, 258679.783, 102
Trd, 258679.817, 101
Trd, 258679.833, 131
Trd, 258680.233, 114
Trd, 258680.383, 109
Trd, 258680.450, 87
Trd, 258680.617, 123
Trd, 258680.683, 87
Trd, 258681.033, 132
Trd, 258681.117, 113
Trd, 258681.317, 111
Trd, 258681.450, 116
Trd, 258681.633, 139
Trd, 258682.400, 139
Trd, 258682.600, 129
Trd, 258682.617, 128
Trd, 258682.683, 116
Trd, 258682.950, 114
Trd, 258682.983, 125
Trd, 258683.100, 115
Trd, 258683.417, 135
Trd, 258683.567, 122
Trd, 258683.883, 115
Trd, 258684.083, 128
Trd, 258684.250, 111
Trd, 258684.550, 105
Trd, 258684.600, 100
Trd, 258684.683, 98
Trd, 258685.350, 135
Trd, 258686.167, 126
Trd, 258686.483, 138
Trd, 258687.133, 131
Trd, 258687.333, 102
Trd, 258687.417, 101
Trd, 258687.433, 120
Trd, 258687.567, 116
Trd, 258687.617, 97
Trd, 258687.867, 95
Trd, 258688.233, 135
Trd, 258688.300, 125
Trd, 258688.400, 120
Trd, 258688.433, 129
Trd, 258688.767, 117
Trd, 258689.200, 127
Trd, 258689.367, 134
Trd, 258689.617, 124
Trd, 258689.783, 129
Trd, 258690.150, 138
Trd, 258690.283, 122
Trd, 258690.333, 121
Trd, 258690.500, 115
Trd, 258691.583, 137
Trd, 258691.617, 134
Trd, 258691.633, 128
Trd, 258691.817, 126
Trd, 258692.167, 110
Trd, 258692.217, 108
Trd, 258692.383, 109
Trd, 258693.017, 134
Trd, 258693.150, 132
Trd, 258693.167, 106
Trd, 258693.533, 112
Trd, 258693.600, 101
Trd, 258693.700, 98
Trd, 258694.367, 119
Trd, 258694.750, 106
Trd, 258695.017, 127
Trd, 258695.433, 117
Trd, 258695.467, 93
Trd, 258695.783, 104
Trd, 258695.900, 102
Trd, 258696.233, 126
Trd, 258696.717, 110
Trd, 258696.867, 112
Trd, 258697.017, 104
Trd, 258697.083, 97
Trd, 258697.150, 122
Trd, 258697.200, 94
Trd, 258697.383, 91
Trd, 258697.517, 118
Trd, 258697.567, 87
Trd, 258697.933, 132
Trd, 258698.367, 121
Trd, 258698.383, 117
Trd, 258698.417, 116
Trd, 258698.617, 135
Trd, 258699.317, 137
Trd, 258699.483, 122
Trd, 258699.617, 138
Trd, 258700.283, 117
Trd, 258700.433, 131
Trd, 258700.633, 109
Trd, 258700.683, 87
Trd, 258700.867, 120
Trd, 258701.150, 132
Trd, 258701.483, 134
Trd, 258701.717, 127
Trd, 258702.083, 126
Trd, 258702.533, 115
Trd, 258703.133, 126
Trd, 258703.333, 114
Trd, 258703.483, 113
Trd, 258703.617, 110
Trd, 258703.667, 102
Trd, 258703.800, 98
Trd, 258704.033, 117
Trd, 258704.450, 112
Trd, 258704.517, 110
Trd, 258704.700, 124
Trd, 258704.850, 120
Trd, 258705.050, 130
Trd, 258705.067, 110
Trd, 258705.117, 109
Trd, 258705.267, 108
Trd, 258705.883, 110
Trd, 258706.617, 134
Trd, 258706.767, 125
Trd, 258706.900, 109
Trd, 258707.000, 97
Trd, 258707.533, 122
Trd, 258707.667, 126
Trd, 258707.683, 101
Trd, 258707.850, 99
Trd, 258708.283, 121
Trd, 258708.400, 97
Trd, 258708.550, 95
Trd, 258708.900, 95
Trd, 258709.117, 86
Trd, 258709.483, 139
Trd, 258709.567, 138
Trd, 258709.667, 98
Trd, 258709.767, 109
Trd, 258709.817, 81
Trd, 258709.950, 83
Trd, 258710.217, 110
Trd, 258710.317, 113
Trd, 258710.417, 103
Trd, 258710.517, 108
Trd, 258711.733, 108
Trd, 258712.183, 132
Trd, 258712.417, 123
Trd, 258712.483, 129
Trd, 258712.800, 124
Trd, 258712.983, 123
Trd, 258713.033, 121
Trd, 258713.150, 115
Trd, 258713.217, 113
Trd, 258713.283, 95
Trd, 258713.550, 109
Trd, 258713.667, 137
Trd, 258713.800, 94
Trd, 258714.017, 105
Trd, 258714.183, 111
Trd, 258714.267, 91
Trd, 258714.600, 135
Trd, 258714.633, 112
Trd, 258715.033, 135
Trd, 258715.883, 138
Trd, 258716.217, 118
Trd, 258716.267, 117
Trd, 258716.433, 115
Trd, 258717.000, 137
Trd, 258717.667, 139
Trd, 258717.700, 134
Trd, 258717.950, 135
Trd, 258718.117, 132
Trd, 258718.217, 122
Trd, 258718.400, 123
Trd, 258718.800, 128
Trd, 258719.400, 140
Trd, 258719.900, 136
Trd, 258720.483, 134
Trd, 258720.517, 130
Trd, 258720.733, 129
Trd, 258720.833, 128
Trd, 258720.900, 113
Trd, 258720.967, 116
Trd, 258721.117, 122
Trd, 258721.783, 118
Trd, 258721.917, 111
Trd, 258721.950, 105
Trd, 258722.033, 104
Trd, 258722.150, 95
Trd, 258722.350, 112
Trd, 258722.583, 121
Trd, 258722.667, 110
Trd, 258723.117, 125
Trd, 258723.417, 109
Trd, 258723.517, 129
Trd, 258723.633, 134
Trd, 258724.400, 139
Trd, 258724.650, 135
Trd, 258724.667, 128
Trd, 258724.800, 114
Trd, 258724.933, 114
Trd, 258724.983, 104
Trd, 258725.250, 98
Trd, 258725.483, 121
Trd, 258726.033, 130
Trd, 258726.200, 106
Trd, 258726.400, 103
Trd, 258726.650, 100
Trd, 258727.167, 95
Trd, 258727.200, 90
Trd, 258727.250, 90
Trd, 258727.283, 89
Trd, 258727.733, 127
Trd, 258727.833, 133
Trd, 258728.033, 132
Trd, 258728.483, 113
Trd, 258728.533, 111
Trd, 258728.967, 131
Trd, 258729.633, 137
Trd, 258729.750, 135
Trd, 258730.017, 128
Trd, 258730.100, 133
Trd, 258730.250, 127
Trd, 258731.000, 140
Trd, 258731.117, 130
Trd, 258731.517, 138
Trd, 258731.767, 123
Trd, 258731.933, 130
Trd, 258732.067, 100
Trd, 258732.450, 140
Trd, 258732.850, 140
Trd, 258733.117, 124
Trd, 258733.250, 125
Trd, 258733.317, 121
Trd, 258733.467, 112
Trd, 258733.517, 133
Trd, 258733.783, 101
Trd, 258733.867, 98
Trd, 258733.967, 92
Trd, 258734.017, 89
Trd, 258734.133, 69
Trd, 258734.383, 110
Trd, 258734.817, 95
Trd, 258735.083, 98
Trd, 258735.183, 102
Trd, 258735.217, 89
Trd, 258735.883, 131
Trd, 258736.150, 138
Trd, 258736.333, 132
Trd, 258736.600, 134
Trd, 258736.650, 121
Trd, 258736.750, 130
Trd, 258737.017, 135
Trd, 258737.117, 115
Trd, 258737.183, 108
Trd, 258737.300, 102
Trd, 258737.433, 115
Trd, 258738.017, 103
Trd, 258738.417, 113
Trd, 258738.600, 115
Trd, 258739.167, 111
Trd, 258739.250, 117
Trd, 258739.567, 111
Trd, 258739.933, 93
Trd, 258740.333, 118
Trd, 258740.367, 117
Trd, 258740.550, 123
Trd, 258741.650, 131
Trd, 258742.067, 111
Trd, 258742.083, 109
Trd, 258742.283, 107
Trd, 258742.533, 102
Trd, 258742.567, 100
Trd, 258742.633, 94
Trd, 258742.733, 87
Trd, 258742.867, 92
Trd, 258743.033, 84
Trd, 258743.167, 92
Trd, 258743.767, 117
Trd, 258743.817, 104
Trd, 258744.300, 118
Trd, 258744.917, 113
Trd, 258745.017, 108
Trd, 258745.083, 106
Trd, 258745.417, 124
Trd, 258745.983, 127
Trd, 258746.300, 129
Trd, 258746.567, 114
Trd, 258746.683, 100
Trd, 258746.900, 100
Trd, 258746.950, 82
Trd, 258747.033, 82
Trd, 258747.617, 132
Trd, 258747.917, 124
Trd, 258747.933, 119
Trd, 258748.217, 138
Trd, 258748.383, 120
Trd, 258748.500, 124
Trd, 258749.083, 108
Trd, 258749.133, 120
Trd, 258749.450, 125
Trd, 258749.683, 118
Trd, 258750.017, 118
Trd, 258750.033, 115
Trd, 258750.300, 134
Trd, 258750.350, 127
Trd, 258750.450, 117
Trd, 258750.617, 104
Trd, 258750.633, 101
Trd, 258750.767, 131
Trd, 258751.133, 128
Trd, 258751.367, 106
Trd, 258751.500, 114
Trd, 258751.750, 105
Trd, 258752.350, 112
Trd, 258752.650, 135
Trd, 258753.183, 137
Trd, 258753.633, 131
Trd, 258754.033, 130
Trd, 258754.717, 127
Trd, 258754.767, 137
Trd, 258754.950, 126
Trd, 258755.117, 136
Trd, 258755.300, 121
Trd, 258755.583, 138
Trd, 258755.650, 137
Trd, 258756.000, 129
Trd, 258756.150, 128
Trd, 258756.267, 125
Trd, 258756.517, 119
Trd, 258756.650, 117
Trd, 258757.050, 132
Trd, 258757.283, 122
Trd, 258757.333, 134
Trd, 258757.500, 121
Trd, 258757.883, 131
Trd, 258758.150, 128
Trd, 258758.417, 131
Trd, 258758.667, 123
Trd, 258758.733, 122
Trd, 258759.100, 139
Trd, 258759.117, 117
Trd, 258759.400, 112
Trd, 258759.783, 116
Trd, 258760.350, 135
Trd, 258760.433, 101
Trd, 258760.483, 98
Trd, 258760.617, 139
Trd, 258760.767, 122
Trd, 258761.283, 110
Trd, 258761.317, 127
Trd, 258761.367, 105
Trd, 258761.533, 92
Trd, 258761.700, 116
Trd, 258762.383, 116
Trd, 258762.533, 131
Trd, 258762.650, 140
Trd, 258762.817, 96
Trd, 258763.017, 114
Trd, 258763.167, 121
Trd, 258763.283, 139
Trd, 258763.767, 132
Trd, 258763.817, 96
Trd, 258764.367, 95
Trd, 258764.400, 114
Trd, 258764.433, 94
Trd, 258764.550, 99
Trd, 258764.867, 112
Trd, 258765.183, 96
Trd, 258765.750, 111
Trd, 258765.867, 90
Trd, 258765.917, 79
Trd, 258766.333, 113
Trd, 258766.550, 133
Trd, 258766.850, 80
Trd, 258766.867, 83
Trd, 258766.883, 102
Trd, 258767.100, 86
Trd, 258767.300, 111
Trd, 258767.317, 82
Trd, 258767.350, 128
Trd, 258767.500, 126
Trd, 258767.517, 124
Trd, 258767.733, 96
Trd, 258768.800, 126
Trd, 258768.867, 93
Trd, 258769.083, 122
Trd, 258769.167, 100
Trd, 258769.333, 82
Trd, 258769.350, 77
Trd, 258769.667, 110
Trd, 258769.817, 109
Trd, 258770.583, 111
Trd, 258770.600, 109
Trd, 258770.933, 127
Trd, 258771.300, 129
Trd, 258771.783, 134
Trd, 258771.900, 132
Trd, 258771.917, 121
Trd, 258772.550, 136
Trd, 258773.017, 139
Trd, 258773.217, 136
Trd, 258773.433, 140
Trd, 258773.783, 120
Trd, 258774.050, 120
Trd, 258774.250, 112
Trd, 258774.283, 103
Trd, 258774.350, 103
Trd, 258774.867, 93
Trd, 258774.967, 115
Trd, 258775.067, 117
Trd, 258775.300, 114
Trd, 258776.050, 139
Trd, 258776.433, 139
Trd, 258776.567, 138
Trd, 258776.617, 138
Trd, 258777.083, 136
Trd, 258777.233, 133
Trd, 258777.567, 125
Trd, 258777.867, 126
Trd, 258778.017, 111
Trd, 258778.300, 129
Trd, 258778.367, 102
Trd, 258778.433, 99
Trd, 258778.983, 139
Trd, 258779.067, 129
Trd, 258779.617, 136
Trd, 258779.783, 135
Trd, 258779.867, 134
Trd, 258780.283, 116
Trd, 258780.367, 129
Trd, 258780.517, 135
Trd, 258780.667, 134
Trd, 258781.067, 121
Trd, 258781.150, 117
Trd, 258781.467, 113
Trd, 258781.733, 113
Trd, 258781.783, 119
Trd, 258781.800, 112
Trd, 258781.833, 122
Trd, 258782.100, 112
Trd, 258782.267, 111
Trd, 258782.600, 140
Trd, 258782.867, 140
Trd, 258783.050, 139
Trd, 258783.583, 136
Trd, 258783.600, 127
Trd, 258783.717, 125
Trd, 258785.383, 120
Trd, 258785.550, 120
Trd, 258786.150, 124
Trd, 258786.400, 118
Trd, 258786.450, 112
Trd, 258786.500, 128
Trd, 258786.917, 114
Trd, 258787.017, 129
Trd, 258787.150, 128
Trd, 258787.367, 134
Trd, 258787.400, 133
Trd, 258787.767, 105
Trd, 258787.883, 89
Trd, 258788.100, 88
Trd, 258788.317, 112
Trd, 258788.350, 128
Trd, 258788.683, 140
Trd, 258788.950, 139
Trd, 258789.050, 122
Trd, 258789.600, 99
Trd, 258790.967, 137
Trd, 258791.167, 133
Trd, 258791.433, 131
Trd, 258791.483, 125
Trd, 258791.933, 136
Trd, 258791.983, 116
Trd, 258792.000, 107
Trd, 258792.083, 104
Trd, 258792.950, 124
Trd, 258793.383, 119
Trd, 258793.483, 130
Trd, 258793.600, 135
Trd, 258793.783, 107
Trd, 258793.800, 100
Trd, 258794.017, 113
Trd, 258794.083, 90
Trd, 258794.150, 89
Trd, 258794.300, 120
Trd, 258794.417, 114
Trd, 258794.583, 113
Trd, 258794.833, 97
Trd, 258795.117, 110
Trd, 258795.733, 97
Trd, 258795.883, 91
Trd, 258795.917, 88
Trd, 258796.083, 101
Trd, 258796.283, 69
Trd, 258796.917, 126
Trd, 258797.050, 112
Trd, 258797.300, 133
Trd, 258797.417, 106
Trd, 258797.550, 131
Trd, 258797.583, 107
Trd, 258797.783, 106
Trd, 258798.517, 117
Trd, 258798.683, 137
Trd, 258799.367, 126
Trd, 258799.400, 117
Trd, 258799.700, 125
Trd, 258799.783, 116
Trd, 258799.883, 105
Trd, 258799.933, 95
Trd, 258800.267, 126
Trd, 258800.383, 108
Trd, 258800.583, 102
Trd, 258800.800, 87
Trd, 258801.017, 94
Trd, 258801.400, 140
Trd, 258801.450, 131
Trd, 258801.617, 119
Trd, 258801.650, 93
Trd, 258801.883, 97
Trd, 258802.567, 128
Trd, 258802.650, 115
Trd, 258803.200, 140
Trd, 258803.650, 133
Trd, 258803.900, 128
Trd, 258804.583, 130
Trd, 258805.250, 132
Trd, 258805.383, 134
Trd, 258805.533, 138
Trd, 258805.567, 124
Trd, 258805.617, 122
Trd, 258805.900, 121
Trd, 258806.617, 121
Trd, 258806.750, 137
Trd, 258806.767, 116
Trd, 258807.383, 125
Trd, 258807.400, 107
Trd, 258807.600, 126
Trd, 258807.683, 123
Trd, 258807.850, 113
Trd, 258808.100, 100
Trd, 258808.283, 123
Trd, 258808.450, 102
Trd, 258809.000, 117
Trd, 258809.017, 103
Trd, 258809.133, 95
Trd, 258809.233, 100
Trd, 258809.567, 123
Trd, 258809.683, 120
Trd, 258809.700, 122
Trd, 258810.183, 87
Trd, 258810.383, 92
Trd, 258810.783, 140
Trd, 258810.817, 140
Trd, 258810.983, 137
Trd, 258811.017, 126
Trd, 258811.117, 84
Trd, 258811.367, 77
Trd, 258811.533, 101
Trd, 258811.683, 61
Trd, 258812.550, 93
Trd, 258812.617, 101
Trd, 258812.817, 92
Trd, 258812.900, 87
Trd, 258813.067, 86
Trd, 258813.283, 116
Trd, 258813.750, 91
Trd, 258814.067, 138
Trd, 258814.550, 121
Trd, 258814.717, 112
Trd, 258814.883, 111
Trd, 258814.917, 107
Trd, 258815.350, 140
Trd, 258815.567, 118
Trd, 258815.767, 110
Trd, 258816.050, 126
Trd, 258816.133, 133
Trd, 258816.400, 125
Trd, 258816.483, 119
Trd, 258816.767, 111
Trd, 258817.067, 101
Trd, 258817.467, 136
Trd, 258817.650, 102
Trd, 258818.583, 135
Trd, 258818.667, 135
Trd, 258818.900, 125
Trd, 258818.917, 120
Trd, 258819.033, 111
Trd, 258819.183, 107
Trd, 258819.217, 103
Trd, 258819.533, 98
Trd, 258819.550, 91
Trd, 258819.917, 125
Trd, 258820.183, 122
Trd, 258820.933, 130
Trd, 258821.217, 132
Trd, 258821.333, 129
Trd, 258821.783, 121
Trd, 258821.800, 119
Trd, 258822.050, 129
Trd, 258822.850, 117
Trd, 258823.017, 129
Trd, 258823.100, 130
Trd, 258823.217, 115
Trd, 258823.283, 109
Trd, 258823.317, 99
Trd, 258823.350, 97
Trd, 258823.467, 127
Trd, 258823.767, 103
Trd, 258823.817, 99
Trd, 258824.017, 97
Trd, 258824.050, 109
Trd, 258824.950, 134
Trd, 258825.650, 137
Trd, 258825.917, 127
Trd, 258826.117, 138
Trd, 258826.383, 122
Trd, 258826.450, 126
Trd, 258826.500, 114
Trd, 258826.533, 112
Trd, 258826.700, 137
Trd, 258827.017, 103
Trd, 258827.467, 125
Trd, 258827.617, 124
Trd, 258827.683, 118
Trd, 258827.700, 106
Trd, 258827.750, 133
Trd, 258827.900, 93
Trd, 258828.300, 112
Trd, 258828.317, 106
Trd, 258828.333, 91
Trd, 258828.667, 129
Trd, 258828.900, 128
Trd, 258829.017, 91
Trd, 258829.667, 140
Trd, 258830.400, 138
Trd, 258830.783, 137
Trd, 258830.867, 132
Trd, 258831.150, 120
Trd, 258831.483, 140
Trd, 258831.967, 121
Trd, 258832.067, 128
Trd, 258832.217, 92
Trd, 258832.483, 104
Trd, 258832.683, 123
Trd, 258832.850, 111
Trd, 258833.417, 91
Trd, 258833.867, 102
Trd, 258834.500, 104
Trd, 258834.633, 96
Trd, 258835.000, 98
Trd, 258835.100, 95
Trd, 258835.533, 93
Trd, 258835.583, 111
Trd, 258835.783, 137
Trd, 258836.150, 127
Trd, 258836.167, 98
Trd, 258836.400, 134
Trd, 258836.433, 109
Trd, 258836.700, 106
Trd, 258836.767, 102
Trd, 258836.817, 97
Trd, 258837.200, 76
Trd, 258837.317, 86
Trd, 258837.533, 110
Trd, 258838.217, 110
Trd, 258838.500, 93
Trd, 258839.317, 112
Trd, 258839.467, 109
Trd, 258839.483, 105
Trd, 258839.550, 128
Trd, 258839.867, 130
Trd, 258840.083, 129
Trd, 258840.317, 133
Trd, 258840.550, 136
Trd, 258840.800, 128
Trd, 258841.000, 122
Trd, 258841.050, 121
Trd, 258841.133, 117
Trd, 258841.300, 92
Trd, 258841.450, 96
Trd, 258841.500, 91
Trd, 258841.567, 99
Trd, 258841.767, 128
Trd, 258842.050, 103
Trd, 258842.400, 125
Trd, 258842.550, 113
Trd, 258842.667, 104
Trd, 258842.700, 98
Trd, 258842.783, 133
Trd, 258842.917, 124
Trd, 258843.717, 118
Trd, 258843.817, 118
Trd, 258844.450, 133
Trd, 258844.667, 128
Trd, 258844.983, 113
Trd, 258845.283, 138
Trd, 258845.300, 118
Trd, 258845.567, 134
Trd, 258845.583, 99
Trd, 258846.117, 137
Trd, 258846.650, 113
Trd, 258847.217, 133
Trd, 258847.250, 132
Trd, 258847.267, 128
Trd, 258847.350, 116
Trd, 258847.600, 129
Trd, 258847.750, 112
Trd, 258848.067, 108
Trd, 258848.233, 103
Trd, 258849.000, 111
Trd, 258849.150, 86
Trd, 258849.717, 136
Trd, 258849.767, 120
Trd, 258850.033, 114
Trd, 258850.250, 131
Trd, 258850.367, 110
Trd, 258850.517, 108
Trd, 258850.850, 103
Trd, 258851.033, 106
Trd, 258851.267, 129
Trd, 258851.317, 124
Trd, 258851.650, 121
Trd, 258852.117, 128
Trd, 258852.367, 123
Trd, 258852.600, 132
Trd, 258852.633, 103
Trd, 258853.033, 137
Trd, 258853.117, 137
Trd, 258853.400, 130
Trd, 258853.700, 114
Trd, 258854.000, 126
Trd, 258854.100, 140
Trd, 258854.183, 123
Trd, 258854.517, 140
Trd, 258854.900, 129
Trd, 258855.050, 128
Trd, 258856.083, 137
Trd, 258856.350, 126
Trd, 258856.383, 127
Trd, 258856.433, 131
Trd, 258856.517, 134
Trd, 258856.700, 128
Trd, 258856.733, 126
Trd, 258856.967, 123
Trd, 258857.117, 117
Trd, 258857.450, 114
Trd, 258857.750, 136
Trd, 258858.017, 138
Trd, 258858.233, 124
Trd, 258858.650, 124
Trd, 258858.667, 105
Trd, 258858.983, 105
Trd, 258859.017, 99
Trd, 258859.350, 108
Trd, 258859.583, 127
Trd, 258859.700, 130
Trd, 258860.133, 120
Trd, 258860.383, 110
Trd, 258860.450, 107
Trd, 258860.717, 96
Trd, 258861.033, 136
Trd, 258861.233, 90
Trd, 258861.483, 127
Trd, 258861.717, 116
Trd, 258861.767, 114
Trd, 258862.083, 99
Trd, 258862.817, 111
Trd, 258863.017, 102
Trd, 258863.033, 80
Trd, 258863.367, 128
Trd, 258863.417, 87
Trd, 258864.017, 135
Trd, 258864.050, 137
Trd, 258864.300, 121
Trd, 258864.350, 115
Trd, 258864.800, 135
Trd, 258864.867, 122
Trd, 258865.733, 138
Trd, 258865.817, 131
Trd, 258865.917, 129
Trd, 258865.967, 127
Trd, 258865.983, 118
Trd, 258866.617, 138
Trd, 258866.733, 137
Trd, 258866.817, 127
Trd, 258867.150, 126
Trd, 258867.183, 117
Trd, 258867.483, 114
Trd, 258867.550, 100
Trd, 258867.783, 132
Trd, 258868.183, 131
Trd, 258868.550, 120
Trd, 258868.683, 118
Trd, 258868.750, 112
Trd, 258868.800, 103
Trd, 258869.400, 140
Trd, 258869.583, 136
Trd, 258870.150, 139
Trd, 258870.167, 130
Trd, 258870.250, 106
Trd, 258870.717, 117
Trd, 258870.850, 117
Trd, 258871.383, 113
Trd, 258871.667, 109
Trd, 258872.183, 105
Trd, 258872.633, 127
Trd, 258872.700, 125
Trd, 258872.950, 120
Trd, 258872.983, 119
Trd, 258873.150, 112
Trd, 258873.250, 118
Trd, 258873.350, 95
Trd, 258873.617, 115
Trd, 258873.633, 94
Trd, 258874.200, 129
Trd, 258874.617, 138
Trd, 258874.633, 134
Trd, 258874.867, 117
Trd, 258875.033, 122
Trd, 258875.150, 93
Trd, 258875.233, 119
Trd, 258875.633, 108
Trd, 258875.983, 86
Trd, 258876.333, 82
Trd, 258876.400, 138
Trd, 258876.483, 133
Trd, 258876.683, 134
Trd, 258876.767, 73
Trd, 258876.950, 101
Trd, 258878.117, 136
Trd, 258878.383, 138
Trd, 258878.983, 130
Trd, 258879.100, 129
Trd, 258879.150, 114
Trd, 258880.000, 117
Trd, 258880.117, 116
Trd, 258880.733, 133
Trd, 258881.033, 100
Trd, 258881.367, 107
Trd, 258881.750, 97
Trd, 258881.767, 95
Trd, 258881.783, 90
Trd, 258881.883, 87
Trd, 258881.917, 115
Trd, 258882.250, 123
Trd, 258882.567, 116
Trd, 258882.650, 104
Trd, 258882.733, 135
Trd, 258882.933, 132
Trd, 258883.317, 137
Trd, 258883.533, 108
Trd, 258883.567, 100
Trd, 258883.617, 116
Trd, 258884.000, 116
Trd, 258884.317, 113
Trd, 258884.567, 127
Trd, 258884.900, 95
Trd, 258885.217, 131
Trd, 258885.467, 125
Trd, 258885.617, 135
Trd, 258885.733, 122
Trd, 258885.883, 133
Trd, 258886.117, 131
Trd, 258886.167, 130
Trd, 258886.417, 126
Trd, 258886.550, 92
Trd, 258886.717, 126
Trd, 258886.767, 101
Trd, 258887.450, 124
Trd, 258888.217, 137
Trd, 258888.650, 122
Trd, 258888.933, 131
Trd, 258889.917, 136
Trd, 258890.233, 131
Trd, 258890.267, 129
Trd, 258890.450, 126
Trd, 258890.850, 130
Trd, 258891.000, 120
Trd, 258891.133, 117
Trd, 258891.367, 136
Trd, 258891.383, 126
Trd, 258891.483, 112
Trd, 258891.783, 110
Trd, 258891.883, 102
Trd, 258892.167, 115
Trd, 258892.533, 114
Trd, 258892.550, 99
Trd, 258893.183, 137
Trd, 258893.450, 130
Trd, 258893.583, 119
Trd, 258893.850, 134
Trd, 258893.983, 118
Trd, 258894.017, 118
Trd, 258894.033, 117
Trd, 258894.600, 110
Trd, 258894.617, 92
Trd, 258894.767, 92
Trd, 258894.917, 116
Trd, 258895.000, 118
Trd, 258895.167, 105
Trd, 258895.367, 98
Trd, 258895.750, 116
Trd, 258896.033, 91
Trd, 258896.383, 84
Trd, 258896.700, 91
Trd, 258896.750, 73
Trd, 258896.833, 98
Trd, 258897.450, 112
Trd, 258897.617, 75
Trd, 258897.950, 97
Trd, 258898.100, 115
Trd, 258898.267, 122
Trd, 258898.633, 124
Trd, 258898.983, 122
Trd, 258899.083, 109
Trd, 258899.400, 117
Trd, 258899.417, 107
Trd, 258899.783, 126
Trd, 258899.833, 120
Trd, 258900.150, 119
Trd, 258900.183, 128
Trd, 258900.283, 119
Trd, 258900.500, 93
Trd, 258900.783, 132
Trd, 258901.400, 94
Trd, 258901.767, 122
Trd, 258901.967, 135
Trd, 258902.033, 123
Trd, 258902.083, 120
Trd, 258903.183, 100
Trd, 258903.683, 98
Trd, 258903.733, 115
Trd, 258904.100, 126
Trd, 258904.117, 124
Trd, 258904.133, 137
Trd, 258904.683, 134
Trd, 258904.700, 133
Trd, 258904.833, 128
Trd, 258904.850, 124
Trd, 258905.083, 135
Trd, 258906.200, 130
Trd, 258906.383, 122
Trd, 258906.533, 116
Trd, 258906.867, 134
Trd, 258907.100, 117
Trd, 258907.267, 117
Trd, 258907.300, 115
Trd, 258907.400, 110
Trd, 258907.550, 110
Trd, 258907.600, 109
Trd, 258907.650, 97
Trd, 258907.800, 110
Trd, 258908.200, 95
Trd, 258908.333, 126
Trd, 258908.467, 104
Trd, 258908.583, 128
Trd, 258908.767, 109
Trd, 258909.650, 136
Trd, 258909.983, 137
Trd, 258910.100, 121
Trd, 258910.200, 124
Trd, 258910.250, 108
Trd, 258910.283, 106
Trd, 258910.300, 94
Trd, 258911.150, 132
Trd, 258911.467, 139
Trd, 258911.700, 122
Trd, 258912.317, 126
Trd, 258912.900, 121
Trd, 258913.583, 140
Trd, 258913.983, 132
Trd, 258914.000, 132
Trd, 258914.133, 123
Trd, 258914.200, 137
Trd, 258914.283, 119
Trd, 258914.417, 129
Trd, 258914.717, 126
Trd, 258914.850, 109
Trd, 258914.917, 108
Trd, 258915.133, 138
Trd, 258915.183, 119
Trd, 258915.733, 125
Trd, 258915.817, 126
Trd, 258915.967, 97
Trd, 258916.050, 108
Trd, 258916.183, 124
Trd, 258916.283, 111
Trd, 258916.633, 117
Trd, 258916.850, 105
Trd, 258917.117, 113
Trd, 258917.233, 140
Trd, 258917.267, 125
Trd, 258917.883, 119
Trd, 258917.983, 114
Trd, 258918.000, 110
Trd, 258918.550, 130
Trd, 258918.850, 139
Trd, 258919.117, 137
Trd, 258920.333, 125
Trd, 258920.367, 116
Trd, 258920.417, 129
Trd, 258921.017, 128
Trd, 258921.033, 131
Trd, 258921.350, 127
Trd, 258921.400, 119
Trd, 258921.933, 112
Trd, 258921.967, 110
Trd, 258921.983, 99
Trd, 258922.067, 88
Trd, 258922.083, 88
Trd, 258922.300, 115
Trd, 258922.867, 136
Trd, 258922.983, 127
Trd, 258923.450, 130
Trd, 258923.750, 121
Trd, 258924.067, 125
Trd, 258924.117, 118
Trd, 258924.517, 111
Trd, 258924.767, 105
Trd, 258924.900, 102
Trd, 258925.017, 121
Trd, 258925.233, 118
Trd, 258925.683, 123
Trd, 258926.033, 121
Trd, 258926.083, 124
Trd, 258926.450, 120
Trd, 258927.000, 140
Trd, 258927.450, 137
Trd, 258927.800, 128
Trd, 258927.817, 119
Trd, 258929.033, 100
Trd, 258929.100, 99
Trd, 258929.217, 98
Trd, 258929.367, 106
Trd, 258929.550, 94
Trd, 258930.033, 128
Trd, 258930.167, 109
Trd, 258930.250, 122
Trd, 258930.350, 139
Trd, 258930.417, 131
Trd, 258930.767, 132
Trd, 258930.983, 138
Trd, 258931.117, 116
Trd, 258931.367, 128
Trd, 258931.767, 110
Trd, 258931.800, 108
Trd, 258931.967, 114
Trd, 258932.050, 119
Trd, 258933.083, 123
Trd, 258933.733, 128
Trd, 258933.750, 124
Trd, 258933.817, 109
Trd, 258934.483, 127
Trd, 258934.800, 131
Trd, 258934.833, 106
Trd, 258935.217, 136
Trd, 258935.250, 135
Trd, 258935.300, 115
Trd, 258935.567, 131
Trd, 258935.600, 127
Trd, 258935.650, 100
Trd, 258935.750, 125
Trd, 258935.983, 124
Trd, 258936.233, 102
Trd, 258937.067, 114
Trd, 258937.233, 106
Trd, 258937.483, 107
Trd, 258937.567, 100
Trd, 258937.583, 96
Trd, 258937.750, 89
Trd, 258937.933, 132
Trd, 258937.983, 135
Trd, 258938.083, 113
Trd, 258938.117, 106
Trd, 258938.283, 104
Trd, 258938.433, 133
Trd, 258938.833, 130
Trd, 258939.167, 138
Trd, 258939.350, 129
Trd, 258939.450, 138
Trd, 258940.200, 139
Trd, 258940.700, 133
Trd, 258940.717, 121
Trd, 258940.800, 122
Trd, 258940.817, 118
Trd, 258940.983, 110
Trd, 258941.133, 98
Trd, 258941.717, 136
Trd, 258941.783, 134
Trd, 258941.800, 133
Trd, 258941.883, 123
Trd, 258942.000, 118
Trd, 258942.417, 122
Trd, 258942.700, 122
Trd, 258943.383, 124
Trd, 258943.567, 134
Trd, 258943.767, 107
Trd, 258943.850, 115
Trd, 258944.250, 137
Trd, 258944.700, 139
Trd, 258944.733, 121
Trd, 258944.950, 135
Trd, 258945.217, 123
Trd, 258945.233, 119
Trd, 258945.500, 129
Trd, 258945.733, 122
Trd, 258945.950, 118
Trd, 258946.050, 117
Trd, 258946.950, 123
Trd, 258947.183, 136
Trd, 258947.217, 120
Trd, 258947.800, 103
Trd, 258947.950, 100
Trd, 258948.133, 104
Trd, 258948.217, 122
Trd, 258948.233, 94
Trd, 258948.267, 93
Trd, 258948.867, 108
Trd, 258949.067, 108
Trd, 258949.233, 105
Trd, 258949.333, 88
Trd, 258949.950, 124
Trd, 258950.233, 116
Trd, 258950.267, 114
Trd, 258950.333, 93
Trd, 258950.567, 139
Trd, 258950.683, 118
Trd, 258950.800, 111
Trd, 258950.850, 110
Trd, 258951.050, 85
Trd, 258951.383, 76
Trd, 258951.683, 108
Trd, 258952.000, 110
Trd, 258952.167, 119
Trd, 258952.267, 104
Trd, 258952.817, 106
Trd, 258953.117, 131
Trd, 258953.350, 126
Trd, 258953.700, 111
Trd, 258953.750, 105
Trd, 258953.833, 119
Trd, 258953.867, 119
Trd, 258954.183, 135
Trd, 258954.467, 126
Trd, 258954.967, 129
Trd, 258955.450, 135
Trd, 258955.467, 134
Trd, 258955.617, 134
Trd, 258956.050, 132
Trd, 258956.550, 140
Trd, 258956.700, 136
Trd, 258956.800, 130
Trd, 258957.217, 139
Trd, 258957.233, 126
Trd, 258957.250, 118
Trd, 258957.300, 116
Trd, 258957.350, 129
Trd, 258958.000, 139
Trd, 258958.117, 106
Trd, 258958.517, 132
Trd, 258958.700, 96
Trd, 258959.183, 117
Trd, 258959.367, 112
Trd, 258959.450, 111
Trd, 258960.067, 107
Trd, 258960.450, 134
Trd, 258961.767, 140
Trd, 258962.067, 140
Trd, 258962.150, 131
Trd, 258962.233, 140
Trd, 258962.467, 140
Trd, 258962.583, 133
Trd, 258962.800, 131
Trd, 258962.933, 112
Trd, 258963.500, 138
Trd, 258963.517, 132
Trd, 258963.700, 134
Trd, 258963.983, 116
Trd, 258964.383, 133
Trd, 258964.433, 124
Trd, 258964.450, 107
Trd, 258964.467, 135
Trd, 258964.917, 104
Trd, 258965.350, 130
Trd, 258965.817, 136
Trd, 258966.033, 125
Trd, 258966.067, 119
Trd, 258966.133, 96
Trd, 258966.317, 132
Trd, 258966.817, 131
Trd, 258967.433, 126
Trd, 258967.450, 125
Trd, 258967.650, 119
Trd, 258967.767, 99
Trd, 258968.000, 132
Trd, 258968.300, 135
Trd, 258968.333, 133
Trd, 258968.483, 94
Trd, 258968.550, 88
Trd, 258969.050, 81
Trd, 258969.133, 78
Trd, 258969.167, 83
Trd, 258969.217, 109
Trd, 258969.350, 113
Trd, 258969.800, 137
Trd, 258969.933, 133
Trd, 258970.167, 115
Trd, 258970.350, 92
Trd, 258971.100, 128
Trd, 258971.400, 132
Trd, 258971.450, 135
Trd, 258971.717, 108
Trd, 258972.033, 105
Trd, 258972.267, 119
Trd, 258972.967, 116
Trd, 258973.133, 128
Trd, 258973.700, 140
Trd, 258973.917, 134
Trd, 258974.250, 113
Trd, 258974.350, 98
Trd, 258974.800, 99
Trd, 258974.950, 105
Trd, 258975.183, 135
Trd, 258975.433, 126
Trd, 258975.517, 95
Trd, 258975.600, 90
Trd, 258975.900, 138
Trd, 258975.983, 125
Trd, 258976.250, 138
Trd, 258976.333, 136
Trd, 258976.467, 120
Trd, 258976.517, 115
Trd, 258976.850, 121
Trd, 258977.017, 121
Trd, 258977.367, 110
Trd, 258978.250, 126
Trd, 258978.283, 125
Trd, 258978.467, 132
Trd, 258978.767, 121
Trd, 258978.933, 121
Trd, 258979.150, 137
Trd, 258979.167, 131
Trd, 258979.400, 138
Trd, 258980.617, 136
Trd, 258980.750, 121
Trd, 258981.567, 138
Trd, 258981.617, 135
Trd, 258981.650, 133
Trd, 258981.917, 137
Trd, 258982.800, 140
Trd, 258982.867, 140
Trd, 258982.933, 140
Trd, 258983.300, 140
Trd, 258983.450, 133
Trd, 258983.750, 135
Trd, 258983.800, 130
Trd, 258984.067, 126
Trd, 258984.100, 126
Trd, 258984.550, 120
Trd, 258984.733, 125
Trd, 258984.783, 116
Trd, 258984.983, 108
Trd, 258985.183, 114
Trd, 258986.000, 131
Trd, 258986.167, 107
Trd, 258986.417, 111
Trd, 258986.550, 113
Trd, 258987.167, 113
Trd, 258987.200, 101
Trd, 258987.267, 98
Trd, 258987.567, 129
Trd, 258987.650, 109
Trd, 258987.683, 105
Trd, 258987.833, 134
Trd, 258988.033, 125
Trd, 258988.700, 138
Trd, 258989.117, 132
Trd, 258989.283, 114
Trd, 258989.600, 139
Trd, 258989.800, 139
Trd, 258990.583, 133
Trd, 258990.633, 139
Trd, 258990.683, 129
Trd, 258990.717, 135
Trd, 258990.733, 124
Trd, 258990.800, 108
Trd, 258990.950, 128
Trd, 258990.983, 108
Trd, 258991.567, 117
Trd, 258991.667, 115
Trd, 258992.033, 136
Trd, 258992.167, 131
Trd, 258992.250, 120
Trd, 258992.517, 122
Trd, 258992.600, 119
Trd, 258992.783, 140
Trd, 258993.217, 126
Trd, 258993.250, 113
Trd, 258993.683, 135
Trd, 258993.950, 114
Trd, 258994.100, 113
Trd, 258994.417, 136
Trd, 258994.433, 123
Trd, 258994.450, 112
Trd, 258994.700, 110
Trd, 258995.317, 138
Trd, 258995.400, 138
Trd, 258995.517, 136
Trd, 258996.083, 138
Trd, 258996.333, 139
Trd, 258996.767, 117
Trd, 258996.833, 125
Trd, 258996.867, 109
Trd, 258997.083, 135
Trd, 258997.583, 134
Trd, 258998.033, 133
Trd, 258998.233, 133
Trd, 258998.517, 129
Trd, 258998.900, 133
Trd, 258998.950, 118
Trd, 258999.517, 124
Trd, 258999.733, 121
Trd, 258999.767, 125
Trd, 258999.867, 135
Trd, 259000.533, 135
Trd, 259000.600, 128
Trd, 259000.633, 127
Trd, 259000.750, 127
Trd, 259000.783, 126
Trd, 259001.117, 136
Trd, 259001.317, 120
Trd, 259001.700, 115
Trd, 259002.483, 117
Trd, 259002.633, 137
Trd, 259002.667, 134
Trd, 259002.867, 133
Trd, 259002.933, 128
Trd, 259002.950, 118
Trd, 259002.967, 116
Trd, 259003.417, 120
Trd, 259003.483, 123
Trd, 259004.017, 119
Trd, 259004.417, 134
Trd, 259004.467, 118
Trd, 259004.683, 118
Trd, 259004.850, 109
Trd, 259005.333, 131
Trd, 259005.500, 123
Trd, 259005.617, 98
Trd, 259005.667, 88
Trd, 259005.683, 88
Trd, 259006.167, 129
Trd, 259006.683, 130
Trd, 259006.983, 113
Trd, 259007.050, 109
Trd, 259007.650, 60
Trd, 259007.850, 62
Trd, 259008.033, 86
Trd, 259008.133, 99
Trd, 259008.283, 73
Trd, 259008.783, 103
Trd, 259008.900, 115
Trd, 259009.267, 137
Trd, 259009.467, 134
Trd, 259009.683, 128
Trd, 259009.833, 126
Trd, 259009.883, 114
Trd, 259010.167, 126
Trd, 259010.333, 111
Trd, 259010.600, 125
Trd, 259010.700, 118
Trd, 259010.950, 136
Trd, 259011.117, 123
Trd, 259011.217, 118
Trd, 259011.317, 105
Trd, 259011.667, 134
Trd, 259011.950, 133
Trd, 259012.300, 134
Trd, 259012.567, 135
Trd, 259013.333, 135
Trd, 259013.733, 131
Trd, 259013.783, 126
Trd, 259013.800, 125
Trd, 259014.150, 132
Trd, 259014.183, 121
Trd, 259014.233, 134
Trd, 259014.700, 128
Trd, 259014.733, 114
Trd, 259015.167, 121
Trd, 259015.250, 105
Trd, 259015.267, 105
Trd, 259015.350, 133
Trd, 259016.067, 139
Trd, 259016.633, 115
Trd, 259016.667, 112
Trd, 259017.017, 112
Trd, 259017.733, 138
Trd, 259017.900, 128
Trd, 259018.033, 120
Trd, 259018.400, 106
Trd, 259018.533, 107
Trd, 259018.733, 120
Trd, 259018.950, 109
Trd, 259019.433, 101
Trd, 259019.483, 101
Trd, 259019.517, 103
Trd, 259019.733, 115
Trd, 259019.900, 117
Trd, 259020.567, 140
Trd, 259020.617, 140
Trd, 259020.633, 139
Trd, 259020.667, 108
Trd, 259021.033, 138
Trd, 259021.250, 114
Trd, 259021.267, 108
Trd, 259021.400, 102
Trd, 259021.533, 114
Trd, 259021.717, 88
Trd, 259021.933, 137
Trd, 259021.950, 113
Trd, 259021.983, 87
Trd, 259022.050, 129
Trd, 259022.300, 81
Trd, 259022.883, 82
Trd, 259023.167, 93
Trd, 259023.317, 92
Trd, 259023.333, 92
Trd, 259023.517, 111
Trd, 259024.317, 139
Trd, 259024.550, 114
Trd, 259024.800, 108
Trd, 259025.283, 108
Trd, 259025.500, 127
Trd, 259025.917, 126
Trd, 259025.950, 112
Trd, 259026.400, 133
Trd, 259026.450, 129
Trd, 259026.683, 140
Trd, 259026.783, 131
Trd, 259026.833, 131
Trd, 259027.067, 130
Trd, 259027.317, 124
Trd, 259027.467, 139
Trd, 259027.500, 133
Trd, 259027.783, 123
Trd, 259028.650, 130
Trd, 259028.800, 122
Trd, 259028.850, 118
Trd, 259028.933, 118
Trd, 259029.050, 130
Trd, 259029.167, 116
Trd, 259029.417, 114
Trd, 259029.467, 99
Trd, 259029.983, 127
Trd, 259030.117, 98
Trd, 259030.367, 89
Trd, 259030.950, 125
Trd, 259031.300, 102
Trd, 259031.400, 133
Trd, 259031.583, 117
Trd, 259031.900, 100
Trd, 259031.917, 88
Trd, 259032.217, 108
Trd, 259033.267, 136
Trd, 259033.517, 111
Trd, 259033.550, 110
Trd, 259033.733, 111
Trd, 259034.333, 113
Trd, 259034.667, 110
Trd, 259035.267, 134
Trd, 259035.367, 129
Trd, 259035.683, 129
Trd, 259035.800, 125
Trd, 259036.067, 118
Trd, 259036.133, 112
Trd, 259036.200, 109
Trd, 259036.867, 134
Trd, 259036.900, 112
Trd, 259037.167, 100
Trd, 259037.233, 93
Trd, 259037.267, 104
Trd, 259037.533, 122
Trd, 259037.783, 110
Trd, 259038.183, 139
Trd, 259038.217, 129
Trd, 259038.233, 90
Trd, 259038.400, 108
Trd, 259039.083, 134
Trd, 259039.100, 134
Trd, 259039.400, 118
Trd, 259039.967, 135
Trd, 259040.083, 119
Trd, 259040.417, 118
Trd, 259040.850, 122
Trd, 259041.000, 116
Trd, 259041.017, 115
Trd, 259041.050, 113
Trd, 259041.067, 110
Trd, 259041.333, 109
Trd, 259041.383, 109
Trd, 259041.433, 120
Trd, 259041.533, 128
Trd, 259041.717, 100
Trd, 259042.067, 113
Trd, 259042.200, 139
Trd, 259042.383, 105
Trd, 259043.050, 131
Trd, 259043.467, 129
Trd, 259043.850, 133
Trd, 259043.900, 123
Trd, 259044.150, 104
Trd, 259044.183, 121
Trd, 259044.317, 97
Trd, 259044.383, 97
Trd, 259044.467, 122
Trd, 259044.550, 133
Trd, 259044.567, 100
Trd, 259044.700, 127
Trd, 259044.917, 100
Trd, 259045.233, 96
Trd, 259045.267, 90
Trd, 259045.600, 80
Trd, 259045.917, 136
Trd, 259047.867, 132
Trd, 259047.950, 129
Trd, 259047.983, 128
Trd, 259048.083, 110
Trd, 259048.150, 120
Trd, 259048.350, 112
Trd, 259048.983, 125
Trd, 259049.317, 126
Trd, 259049.333, 115
Trd, 259049.550, 121
Trd, 259049.567, 104
Trd, 259049.633, 102
Trd, 259049.883, 98
Trd, 259049.967, 130
Trd, 259050.250, 131
Trd, 259050.350, 112
Trd, 259050.517, 114
Trd, 259050.583, 101
Trd, 259050.783, 128
Trd, 259051.100, 127
Trd, 259051.167, 107
Trd, 259051.583, 108
Trd, 259051.950, 117
Trd, 259052.233, 105
Trd, 259052.500, 136
Trd, 259052.817, 140
Trd, 259053.183, 120
Trd, 259053.250, 116
Trd, 259053.600, 135
Trd, 259053.717, 136
Trd, 259053.750, 132
Trd, 259053.950, 131
Trd, 259054.033, 106
Trd, 259054.467, 93
Trd, 259054.617, 87
Trd, 259054.733, 112
Trd, 259055.017, 128
Trd, 259055.650, 137
Trd, 259055.667, 112
Trd, 259056.500, 139
Trd, 259056.533, 138
Trd, 259057.117, 137
Trd, 259057.483, 132
Trd, 259057.550, 130
Trd, 259057.633, 124
Trd, 259057.967, 127
Trd, 259058.100, 134
Trd, 259058.350, 120
Trd, 259058.367, 106
Trd, 259058.417, 102
Trd, 259058.933, 127
Trd, 259059.333, 113
Trd, 259059.517, 104
Trd, 259059.700, 139
Trd, 259059.900, 104
Trd, 259060.550, 140
Trd, 259060.583, 135
Trd, 259060.750, 130
Trd, 259060.883, 126
Trd, 259061.200, 120
Trd, 259061.600, 114
Trd, 259062.000, 111
Trd, 259062.067, 108
Trd, 259062.317, 104
Trd, 259062.350, 101
Trd, 259062.383, 100
Trd, 259062.650, 125
Trd, 259063.217, 124
Trd, 259063.383, 105
Trd, 259063.500, 118
Trd, 259063.617, 119
Trd, 259063.817, 105
Trd, 259064.117, 137
Trd, 259064.533, 110
Trd, 259064.633, 109
Trd, 259064.667, 107
Trd, 259064.717, 125
Trd, 259064.967, 140
Trd, 259065.567, 137
Trd, 259065.767, 109
Trd, 259065.900, 133
Trd, 259066.083, 137
Trd, 259066.750, 123
Trd, 259066.933, 122
Trd, 259067.433, 135
Trd, 259067.633, 128
Trd, 259067.783, 128
Trd, 259067.817, 118
Trd, 259068.033, 117
Trd, 259068.350, 91
Trd, 259068.883, 81
Trd, 259069.100, 87
Trd, 259069.383, 67
Trd, 259069.667, 100
Trd, 259070.050, 82
Trd, 259070.083, 114
Trd, 259070.250, 85
Trd, 259070.533, 75
Trd, 259070.633, 87
Trd, 259070.700, 114
Trd, 259070.867, 76
Trd, 259070.933, 120
Trd, 259070.983, 123
Trd, 259071.033, 110
Trd, 259071.200, 127
Trd, 259071.550, 121
Trd, 259071.617, 120
Trd, 259071.917, 127
Trd, 259072.000, 135
Trd, 259072.250, 113
Trd, 259072.333, 119
Trd, 259072.667, 110
Trd, 259072.767, 108
Trd, 259072.933, 110
Trd, 259073.050, 91
Trd, 259073.450, 107
Trd, 259073.717, 107
Trd, 259073.733, 98
Trd, 259073.800, 112
Trd, 259074.567, 128
Trd, 259074.633, 95
Trd, 259074.817, 96
Trd, 259074.833, 140
Trd, 259074.867, 94
Trd, 259074.983, 80
Trd, 259075.450, 138
Trd, 259075.650, 108
Trd, 259075.767, 116
Trd, 259075.933, 72
Trd, 259076.733, 107
Trd, 259076.850, 107
Trd, 259077.133, 109
Trd, 259077.400, 121
Trd, 259077.517, 138
Trd, 259077.533, 114
Trd, 259077.717, 125
Trd, 259078.217, 117
Trd, 259078.267, 139
Trd, 259078.550, 114
Trd, 259078.583, 113
Trd, 259078.883, 121
Trd, 259078.967, 105
Trd, 259079.333, 117
Trd, 259079.517, 136
Trd, 259079.633, 139
Trd, 259079.867, 135
Trd, 259079.933, 97
Trd, 259080.467, 137
Trd, 259080.733, 128
Trd, 259080.800, 92
Trd, 259080.917, 108
Trd, 259081.000, 89
Trd, 259081.283, 90
Trd, 259081.567, 95
Trd, 259081.883, 89
Trd, 259082.150, 98
Trd, 259082.400, 83
Trd, 259082.583, 125
Trd, 259082.933, 82
Trd, 259083.350, 84
Trd, 259083.367, 90
Trd, 259083.450, 97
Trd, 259083.617, 101
Trd, 259083.817, 88
Trd, 259084.417, 111
Trd, 259084.483, 118
Trd, 259084.617, 125
Trd, 259084.933, 106
Trd, 259085.000, 134
Trd, 259085.367, 92
Trd, 259085.417, 94
Trd, 259085.983, 109
Trd, 259086.300, 126
Trd, 259086.600, 110
Trd, 259086.717, 128
Trd, 259086.817, 108
Trd, 259086.917, 97
Trd, 259087.417, 131
Trd, 259088.183, 116
Trd, 259088.433, 124
Trd, 259088.617, 95
Trd, 259088.817, 101
Trd, 259089.017, 134
Trd, 259089.333, 133
Trd, 259089.383, 132
Trd, 259089.433, 121
Trd, 259089.783, 118
Trd, 259090.383, 137
Trd, 259090.517, 136
Trd, 259090.750, 132
Trd, 259091.183, 134
Trd, 259091.200, 122
Trd, 259091.250, 118
Trd, 259091.467, 128
Trd, 259091.700, 111
Trd, 259091.800, 111
Trd, 259091.833, 111
Trd, 259092.367, 129
Trd, 259093.417, 124
Trd, 259093.767, 132
Trd, 259093.850, 129
Trd, 259094.033, 110
Trd, 259094.533, 124
Trd, 259094.650, 107
Trd, 259095.000, 108
Trd, 259095.283, 133
Trd, 259095.583, 134
Trd, 259095.600, 124
Trd, 259096.317, 140
Trd, 259096.383, 127
Trd, 259096.633, 122
Trd, 259096.733, 118
Trd, 259096.750, 95
Trd, 259098.050, 136
Trd, 259098.417, 138
Trd, 259098.533, 128
Trd, 259098.717, 128
Trd, 259098.800, 124
Trd, 259099.033, 126
Trd, 259099.083, 120
Trd, 259099.133, 119
Trd, 259099.317, 124
Trd, 259099.533, 109
Trd, 259099.550, 101
Trd, 259099.667, 115
Trd, 259100.150, 134
Trd, 259100.567, 128
Trd, 259100.650, 127
Trd, 259101.333, 129
Trd, 259101.767, 133
Trd, 259101.800, 130
Trd, 259102.000, 123
Trd, 259102.083, 126
Trd, 259102.200, 119
Trd, 259102.533, 140
Trd, 259103.200, 139
Trd, 259103.400, 118
Trd, 259103.650, 117
Trd, 259103.683, 119
Trd, 259103.783, 127
Trd, 259104.300, 129
Trd, 259104.467, 128
Trd, 259104.667, 121
Trd, 259104.717, 114
Trd, 259104.783, 110
Trd, 259104.817, 116
Trd, 259104.850, 109
Trd, 259105.233, 98
Trd, 259105.317, 84
Trd, 259105.417, 87
Trd, 259105.450, 126
Trd, 259105.683, 131
Trd, 259105.917, 107
Trd, 259106.267, 118
Trd, 259106.383, 139
Trd, 259106.683, 111
Trd, 259106.833, 116
Trd, 259107.450, 118
Trd, 259108.217, 140
Trd, 259108.283, 133
Trd, 259108.550, 124
Trd, 259108.650, 114
Trd, 259108.700, 115
Trd, 259108.783, 108
Trd, 259109.017, 108
Trd, 259109.233, 128
Trd, 259109.317, 132
Trd, 259109.483, 109
Trd, 259110.183, 140
Trd, 259110.317, 139
Trd, 259110.367, 101
Trd, 259110.467, 108
Trd, 259110.917, 134
Trd, 259111.333, 107
Trd, 259111.467, 123
Trd, 259111.667, 92
Trd, 259111.883, 117
Trd, 259112.183, 96
Trd, 259112.283, 116
Trd, 259112.317, 86
Trd, 259112.350, 71
Trd, 259112.650, 118
Trd, 259112.733, 135
Trd, 259113.517, 138
Trd, 259113.833, 121
Trd, 259113.900, 112
Trd, 259114.050, 139
Trd, 259114.083, 112
Trd, 259114.433, 107
Trd, 259114.833, 116
Trd, 259114.983, 125
Trd, 259115.167, 115
Trd, 259115.283, 106
Trd, 259115.667, 132
Trd, 259116.000, 87
Trd, 259116.150, 131
Trd, 259116.283, 137
Trd, 259116.717, 118
Trd, 259117.367, 140
Trd, 259117.450, 120
Trd, 259118.650, 140
Trd, 259118.700, 130
Trd, 259118.717, 123
Trd, 259119.100, 139
Trd, 259119.250, 126
Trd, 259119.350, 139
Trd, 259119.467, 138
Trd, 259119.600, 110
Trd, 259119.633, 109
Trd, 259119.917, 131
Trd, 259119.983, 103
Trd, 259120.167, 94
Trd, 259120.417, 114
Trd, 259120.867, 112
Trd, 259121.017, 105
Trd, 259121.317, 126
Trd, 259121.817, 94
Trd, 259121.933, 103
Trd, 259122.533, 123
Trd, 259122.800, 129
Trd, 259122.850, 125
Trd, 259123.050, 133
Trd, 259123.283, 121
Trd, 259123.600, 123
Trd, 259123.683, 112
Trd, 259124.033, 139
Trd, 259124.083, 106
Trd, 259124.217, 117
Trd, 259124.417, 136
Trd, 259124.467, 106
Trd, 259124.500, 105
Trd, 259124.617, 124
Trd, 259124.833, 97
Trd, 259125.550, 105
Trd, 259125.983, 103
Trd, 259126.367, 124
Trd, 259126.450, 94
Trd, 259126.883, 116
Trd, 259127.033, 88
Trd, 259127.650, 110
Trd, 259128.300, 117
Trd, 259128.617, 116
Trd, 259128.683, 115
Trd, 259128.933, 134
Trd, 259129.017, 113
Trd, 259129.117, 114
Trd, 259129.267, 119
Trd, 259129.450, 107
Trd, 259129.783, 140
Trd, 259130.200, 137
Trd, 259130.400, 134
Trd, 259130.917, 136
Trd, 259131.083, 132
Trd, 259131.233, 140
Trd, 259131.600, 123
Trd, 259131.733, 122
Trd, 259131.800, 132
Trd, 259132.267, 106
Trd, 259132.367, 106
Trd, 259132.450, 104
Trd, 259132.733, 130
Trd, 259132.833, 124
Trd, 259133.000, 123
Trd, 259133.117, 97
Trd, 259133.333, 115
Trd, 259133.750, 109
Trd, 259133.800, 140
Trd, 259133.867, 91
Trd, 259134.117, 121
Trd, 259134.300, 93
Trd, 259134.533, 120
Trd, 259134.850, 101
Trd, 259135.250, 112
Trd, 259135.467, 106
Trd, 259135.683, 93
Trd, 259135.800, 119
Trd, 259135.883, 120
Trd, 259136.017, 122
Trd, 259136.083, 116
Trd, 259136.333, 104
Trd, 259136.417, 103
Trd, 259136.517, 126
Trd, 259136.600, 110
Trd, 259136.817, 108
Trd, 259137.683, 125
Trd, 259137.717, 100
Trd, 259137.950, 110
Trd, 259138.383, 115
Trd, 259138.500, 97
Trd, 259138.550, 86
Trd, 259138.950, 127
Trd, 259139.067, 119
Trd, 259139.250, 129
Trd, 259139.450, 99
Trd, 259139.533, 97
Trd, 259139.900, 111
Trd, 259140.167, 130
Trd, 259140.483, 111
Trd, 259140.617, 107
Trd, 259140.867, 117
Trd, 259141.067, 120
Trd, 259141.267, 103
Trd, 259141.533, 108
Trd, 259141.833, 127
Trd, 259142.117, 115
Trd, 259143.117, 127
Trd, 259143.683, 131
Trd, 259144.017, 136
Trd, 259144.083, 114
Trd, 259144.100, 114
Trd, 259144.783, 140
Trd, 259144.933, 139
Trd, 259145.017, 129
Trd, 259145.167, 139
Trd, 259145.417, 136
Trd, 259145.650, 133
Trd, 259145.783, 129
Trd, 259145.833, 116
Trd, 259146.033, 114
Trd, 259146.300, 110
Trd, 259146.617, 121
Trd, 259147.417, 131
Trd, 259147.667, 125
Trd, 259147.950, 136
Trd, 259148.000, 126
Trd, 259148.133, 108
Trd, 259148.217, 136
Trd, 259148.617, 108
Trd, 259148.800, 113
Trd, 259149.600, 138
Trd, 259149.817, 116
Trd, 259149.867, 115
Trd, 259149.950, 115
Trd, 259150.117, 105
Trd, 259150.150, 104
Trd, 259150.467, 136
Trd, 259150.667, 127
Trd, 259150.750, 121
Trd, 259150.783, 121
Trd, 259150.883, 115
Trd, 259151.333, 137
Trd, 259151.617, 124
Trd, 259152.183, 140
Trd, 259152.533, 129
Trd, 259152.850, 137
Trd, 259153.050, 135
Trd, 259153.100, 121
Trd, 259153.867, 134
Trd, 259154.100, 127
Trd, 259154.500, 129
Trd, 259155.033, 127
Trd, 259155.167, 109
Trd, 259155.200, 109
Trd, 259155.667, 108
Trd, 259155.700, 102
Trd, 259156.017, 122
Trd, 259156.033, 103
Trd, 259156.050, 98
Trd, 259156.483, 138
Trd, 259156.617, 135
Trd, 259156.817, 128
Trd, 259157.033, 126
Trd, 259157.133, 105
Trd, 259157.267, 114
Trd, 259157.367, 102
Trd, 259157.850, 125
Trd, 259158.033, 103
Trd, 259158.067, 101
Trd, 259158.200, 87
Trd, 259158.267, 87
Trd, 259159.483, 136
Trd, 259159.550, 135
Trd, 259159.683, 120
Trd, 259160.033, 118
Trd, 259160.067, 117
Trd, 259160.267, 130
Trd, 259160.667, 102
Trd, 259160.800, 131
Trd, 259160.933, 121
Trd, 259161.233, 122
Trd, 259161.267, 113
Trd, 259161.367, 112
Trd, 259162.283, 136
Trd, 259162.467, 121
Trd, 259162.633, 113
Trd, 259163.100, 127
Trd, 259163.133, 126
Trd, 259163.350, 122
Trd, 259163.400, 119
Trd, 259163.750, 110
Trd, 259163.933, 116
Trd, 259164.283, 126
Trd, 259164.317, 123
Trd, 259164.483, 132
Trd, 259165.100, 131
Trd, 259165.217, 131
Trd, 259165.350, 123
Trd, 259165.567, 117
Trd, 259165.683, 122
Trd, 259166.317, 125
Trd, 259166.650, 106
Trd, 259166.750, 105
Trd, 259167.200, 121
Trd, 259167.333, 130
Trd, 259167.367, 115
Trd, 259167.383, 106
Trd, 259167.633, 111
Trd, 259167.717, 110
Trd, 259168.033, 102
Trd, 259168.267, 131
Trd, 259168.600, 114
Trd, 259168.800, 90
Trd, 259169.033, 99
Trd, 259169.650, 130
Trd, 259170.083, 140
Trd, 259170.500, 123
Trd, 259170.600, 122
Trd, 259170.700, 109
Trd, 259171.050, 117
Trd, 259171.367, 123
Trd, 259171.783, 115
Trd, 259171.933, 113
Trd, 259172.283, 103
Trd, 259172.350, 99
Trd, 259172.467, 96
Trd, 259172.750, 131
Trd, 259172.917, 106
Trd, 259173.033, 122
Trd, 259173.250, 136
Trd, 259173.400, 125
Trd, 259173.600, 104
Trd, 259173.900, 103
Trd, 259173.933, 138
Trd, 259174.067, 98
Trd, 259174.467, 114
Trd, 259174.717, 118
Trd, 259174.867, 119
Trd, 259175.650, 130
Trd, 259176.000, 140
Trd, 259176.350, 138
Trd, 259176.567, 134
Trd, 259176.733, 140
Trd, 259176.900, 131
Trd, 259177.083, 134
Trd, 259177.400, 138
Trd, 259177.517, 132
Trd, 259177.867, 132
Trd, 259178.000, 140
Trd, 259178.017, 130
Trd, 259178.050, 126
Trd, 259178.317, 125
Trd, 259178.367, 123
Trd, 259178.733, 130
Trd, 259179.050, 131
Trd, 259179.417, 131
Trd, 259179.567, 133
Trd, 259179.617, 102
Trd, 259179.683, 99
Trd, 259180.383, 136
Trd, 259180.417, 128
Trd, 259180.750, 132
Trd, 259180.867, 128
Trd, 259180.900, 122
Trd, 259181.117, 115
Trd, 259181.367, 114
Trd, 259181.700, 107
Trd, 259181.850, 115
Trd, 259182.183, 109
Trd, 259182.600, 133
Trd, 259182.617, 110
Trd, 259182.867, 111
Trd, 259183.567, 137
Trd, 259183.833, 133
Trd, 259184.367, 127
Trd, 259184.567, 120
Trd, 259184.683, 116
Trd, 259185.117, 121
Trd, 259185.400, 128
Trd, 259185.500, 131
Trd, 259185.967, 135
Trd, 259186.017, 116
Trd, 259186.633, 116
Trd, 259186.750, 124
Trd, 259187.050, 114
Trd, 259187.350, 112
Trd, 259187.583, 109
Trd, 259187.750, 103
Trd, 259187.767, 98
Trd, 259187.850, 102
Trd, 259187.983, 90
Trd, 259188.017, 90
Trd, 259188.083, 107
Trd, 259188.167, 131
Trd, 259188.233, 83
Trd, 259188.267, 77
Trd, 259188.717, 128
Trd, 259188.767, 97
Trd, 259189.100, 106
Trd, 259189.400, 99
Trd, 259189.783, 103
Trd, 259189.833, 98
Trd, 259190.567, 140
Trd, 259190.833, 124
Trd, 259191.300, 130
Trd, 259191.983, 140
Trd, 259192.083, 118
Trd, 259192.300, 107
Trd, 259192.383, 105
Trd, 259192.417, 104
Trd, 259192.433, 101
Trd, 259192.517, 107
Trd, 259192.533, 97
Trd, 259192.667, 94
Trd, 259193.233, 140
Trd, 259193.917, 137
Trd, 259194.000, 128
Trd, 259194.050, 125
Trd, 259194.133, 124
Trd, 259194.167, 107
Trd, 259194.567, 132
Trd, 259194.967, 140
Trd, 259195.917, 137
Trd, 259196.200, 129
Trd, 259196.333, 135
Trd, 259196.450, 123
Trd, 259196.617, 129
Trd, 259196.817, 119
Trd, 259197.067, 132
Trd, 259198.150, 113
Trd, 259198.433, 135
Trd, 259198.683, 130
Trd, 259199.283, 132
Trd, 259199.417, 127
Trd, 259199.617, 120
Trd, 259199.700, 119
