Trd, 258581.383, 136
Trd, 258581.500, 112
Trd, 258581.567, 97
Trd, 258581.667, 93
Trd, 258581.800, 92
Trd, 258582.367, 132
Trd, 258582.667, 133
Trd, 258582.833, 127
Trd, 258583.467, 130
Trd, 258583.517, 128
Trd, 258583.600, 127
Trd, 258583.783, 126
Trd, 258583.900, 117
Trd, 258584.183, 136
Trd, 258584.300, 135
Trd, 258584.317, 119
Trd, 258584.500, 118
Trd, 258584.700, 139
Trd, 258584.750, 117
Trd, 258584.883, 137
Trd, 258585.367, 140
Trd, 258585.450, 136
Trd, 258585.533, 124
Trd, 258585.733, 121
Trd, 258586.600, 123
Trd, 258586.633, 113
Trd, 258587.000, 114
Trd, 258587.717, 112
Trd, 258587.900, 88
Trd, 258588.167, 87
Trd, 258588.433, 107
Trd, 258588.667, 123
Trd, 258588.817, 110
Trd, 258588.850, 125
Trd, 258588.900, 106
Trd, 258589.233, 128
Trd, 258589.350, 127
Trd, 258589.400, 121
Trd, 258589.617, 139
Trd, 258590.100, 128
Trd, 258590.267, 128
Trd, 258591.233, 140
Trd, 258591.483, 140
Trd, 258591.750, 140
Trd, 258591.817, 126
Trd, 258592.133, 122
Trd, 258592.567, 133
Trd, 258592.633, 119
Trd, 258592.733, 118
Trd, 258592.767, 114
Trd, 258593.133, 122
Trd, 258593.517, 120
Trd, 258594.000, 134
Trd, 258594.017, 111
Trd, 258594.083, 109
Trd, 258594.150, 109
Trd, 258594.500, 134
Trd, 258594.533, 109
Trd, 258594.650, 104
Trd, 258594.767, 94
Trd, 258595.100, 94
Trd, 258595.467, 109
Trd, 258596.300, 124
Trd, 258596.350, 118
Trd, 258596.950, 124
Trd, 258597.317, 104
Trd, 258597.333, 106
Trd, 258597.800, 118
Trd, 258597.950, 116
Trd, 258597.967, 122
Trd, 258598.567, 113
Trd, 258598.617, 125
Trd, 258598.733, 128
Trd, 258598.783, 112
Trd, 258599.000, 117
Trd, 258599.033, 112
Trd, 258599.433, 129
Trd, 258600.433, 128
Trd, 258600.500, 127
Trd, 258600.550, 130
Trd, 258600.600, 126
Trd, 258600.717, 118
Trd, 258600.750, 117
Trd, 258600.800, 104
Trd, 258600.833, 103
Trd, 258600.933, 95
Trd, 258601.233, 126
Trd, 258601.683, 104
Trd, 258602.417, 122
Trd, 258602.617, 123
Trd, 258602.667, 117
Trd, 258602.917, 117
Trd, 258603.550, 139
Trd, 258604.183, 125
Trd, 258604.783, 128
Trd, 258605.033, 128
Trd, 258605.083, 127
Trd, 258605.150, 137
Trd, 258605.600, 139
Trd, 258605.967, 133
Trd, 258606.300, 133
Trd, 258606.383, 128
Trd, 258606.533, 138
Trd, 258606.567, 128
Trd, 258606.683, 127
Trd, 258606.850, 137
Trd, 258606.983, 118
Trd, 258607.200, 115
Trd, 258607.550, 114
Trd, 258607.667, 113
Trd, 258608.167, 132
Trd, 258608.267, 131
Trd, 258608.350, 136
Trd, 258608.483, 135
Trd, 258608.500, 134
Trd, 258608.567, 122
Trd, 258608.817, 119
Trd, 258609.350, 119
Trd, 258609.383, 99
Trd, 258609.750, 120
Trd, 258610.083, 100
Trd, 258610.167, 112
Trd, 258610.383, 101
Trd, 258610.433, 101
Trd, 258610.900, 120
Trd, 258610.917, 119
Trd, 258611.267, 103
Trd, 258611.733, 121
Trd, 258611.900, 120
Trd, 258612.083, 134
Trd, 258612.333, 125
Trd, 258612.833, 133
Trd, 258613.083, 132
Trd, 258614.067, 132
Trd, 258614.100, 127
Trd, 258614.350, 137
Trd, 258614.517, 117
Trd, 258614.967, 118
Trd, 258615.333, 117
Trd, 258615.417, 136
Trd, 258615.500, 116
Trd, 258615.900, 130
Trd, 258616.217, 130
Trd, 258616.250, 130
Trd, 258616.317, 129
Trd, 258616.400, 125
Trd, 258616.517, 121
Trd, 258616.617, 120
Trd, 258616.783, 115
Trd, 258617.033, 112
Trd, 258617.533, 111
Trd, 258617.783, 111
Trd, 258617.833, 112
Trd, 258617.867, 110
Trd, 258618.133, 110
Trd, 258618.200, 109
Trd, 258618.250, 105
Trd, 258618.433, 93
Trd, 258618.533, 84
Trd, 258618.767, 125
Trd, 258619.750, 66
Trd, 258619.817, 64
Trd, 258620.083, 79
Trd, 258620.283, 89
Trd, 258620.383, 63
Trd, 258620.700, 72
Trd, 258620.917, 69
Trd, 258621.167, 66
Trd, 258621.333, 64
Trd, 258621.350, 76
Trd, 258621.767, 102
Trd, 258622.050, 108
Trd, 258622.450, 92
Trd, 258622.700, 87
Trd, 258623.250, 138
Trd, 258623.383, 138
Trd, 258623.650, 134
Trd, 258623.700, 129
Trd, 258623.717, 126
Trd, 258623.967, 120
Trd, 258625.000, 127
Trd, 258625.183, 127
Trd, 258625.333, 134
Trd, 258625.467, 126
Trd, 258625.600, 125
Trd, 258625.850, 118
Trd, 258626.067, 125
Trd, 258626.400, 117
Trd, 258626.533, 135
Trd, 258626.650, 121
Trd, 258626.917, 118
Trd, 258627.100, 103
Trd, 258627.300, 133
Trd, 258627.467, 135
Trd, 258627.533, 127
Trd, 258627.700, 132
Trd, 258627.817, 111
Trd, 258628.267, 111
Trd, 258628.650, 111
Trd, 258628.950, 126
Trd, 258629.100, 131
Trd, 258629.133, 131
Trd, 258629.317, 121
Trd, 258629.367, 136
Trd, 258629.400, 119
Trd, 258629.567, 116
Trd, 258629.633, 115
Trd, 258629.833, 109
Trd, 258630.267, 139
Trd, 258631.267, 140
Trd, 258631.400, 138
Trd, 258631.617, 139
Trd, 258632.100, 138
Trd, 258632.150, 125
Trd, 258632.333, 115
Trd, 258632.667, 113
Trd, 258633.117, 139
Trd, 258634.167, 140
Trd, 258634.217, 140
Trd, 258634.383, 140
Trd, 258634.433, 138
Trd, 258634.583, 123
Trd, 258635.067, 140
Trd, 258635.300, 140
Trd, 258635.600, 137
Trd, 258635.617, 139
Trd, 258635.667, 136
Trd, 258636.350, 124
Trd, 258636.583, 138
Trd, 258637.017, 133
Trd, 258637.483, 130
Trd, 258637.583, 129
Trd, 258637.683, 126
Trd, 258637.700, 123
Trd, 258637.767, 100
Trd, 258637.917, 107
Trd, 258637.967, 99
Trd, 258638.400, 99
Trd, 258638.767, 103
Trd, 258638.850, 99
Trd, 258639.067, 95
Trd, 258639.950, 111
Trd, 258640.167, 94
Trd, 258640.233, 103
Trd, 258640.900, 133
Trd, 258641.033, 105
Trd, 258641.350, 114
Trd, 258641.417, 133
Trd, 258641.717, 132
Trd, 258641.767, 92
Trd, 258641.783, 90
Trd, 258642.050, 95
Trd, 258642.633, 140
Trd, 258643.150, 140
Trd, 258643.500, 132
Trd, 258643.567, 123
Trd, 258643.633, 117
Trd, 258644.050, 138
Trd, 258644.250, 116
Trd, 258644.783, 120
Trd, 258645.017, 131
Trd, 258645.267, 136
Trd, 258645.333, 114
Trd, 258645.450, 117
Trd, 258645.550, 139
Trd, 258645.583, 139
Trd, 258645.933, 123
Trd, 258646.117, 121
Trd, 258646.183, 121
Trd, 258646.700, 121
Trd, 258646.817, 120
Trd, 258646.867, 120
Trd, 258647.850, 113
Trd, 258648.067, 102
Trd, 258648.183, 98
Trd, 258648.333, 94
Trd, 258648.450, 93
Trd, 258648.617, 90
Trd, 258648.717, 118
Trd, 258648.817, 120
Trd, 258648.950, 84
Trd, 258649.233, 91
Trd, 258649.400, 103
Trd, 258649.800, 125
Trd, 258650.000, 126
Trd, 258650.050, 102
Trd, 258650.350, 117
Trd, 258650.783, 121
Trd, 258651.017, 121
Trd, 258651.100, 118
Trd, 258651.117, 116
Trd, 258651.767, 109
Trd, 258652.117, 105
Trd, 258652.450, 125
Trd, 258653.183, 138
Trd, 258653.667, 137
Trd, 258653.883, 137
Trd, 258653.950, 134
Trd, 258654.417, 118
Trd, 258654.467, 124
Trd, 258654.533, 117
Trd, 258654.817, 137
Trd, 258655.083, 139
Trd, 258656.433, 140
Trd, 258656.633, 140
Trd, 258656.817, 140
Trd, 258656.983, 140
Trd, 258657.450, 140
Trd, 258657.483, 140
Trd, 258657.517, 139
Trd, 258657.583, 138
Trd, 258657.667, 131
Trd, 258657.783, 130
Trd, 258657.867, 126
Trd, 258658.050, 115
Trd, 258658.067, 132
Trd, 258658.217, 129
Trd, 258658.517, 133
Trd, 258658.600, 115
Trd, 258659.250, 115
Trd, 258659.450, 121
Trd, 258659.667, 116
Trd, 258659.800, 120
Trd, 258659.867, 115
Trd, 258660.067, 116
Trd, 258660.467, 100
Trd, 258660.817, 131
Trd, 258660.983, 97
Trd, 258661.133, 92
Trd, 258661.667, 102
Trd, 258661.700, 120
Trd, 258662.217, 97
Trd, 258662.317, 111
Trd, 258662.433, 96
Trd, 258662.483, 96
Trd, 258662.567, 87
Trd, 258662.650, 138
Trd, 258662.833, 109
Trd, 258662.883, 77
Trd, 258663.450, 113
Trd, 258663.483, 100
Trd, 258663.833, 119
Trd, 258663.967, 93
Trd, 258664.150, 85
Trd, 258664.400, 137
Trd, 258664.967, 132
Trd, 258665.350, 100
Trd, 258665.367, 116
Trd, 258665.567, 116
Trd, 258665.850, 115
Trd, 258666.100, 116
Trd, 258666.217, 117
Trd, 258666.267, 112
Trd, 258666.333, 113
Trd, 258666.933, 133
Trd, 258667.067, 120
Trd, 258667.117, 116
Trd, 258667.167, 111
Trd, 258667.267, 110
Trd, 258668.017, 101
Trd, 258668.400, 139
Trd, 258668.483, 134
Trd, 258668.683, 140
Trd, 258668.883, 115
Trd, 258669.217, 134
Trd, 258669.233, 107
Trd, 258669.583, 102
Trd, 258669.683, 101
Trd, 258670.717, 124
Trd, 258671.017, 93
Trd, 258671.167, 92
Trd, 258671.417, 140
Trd, 258671.483, 125
Trd, 258671.500, 114
Trd, 258671.667, 139
Trd, 258671.683, 119
Trd, 258672.033, 87
Trd, 258672.083, 74
Trd, 258672.233, 117
Trd, 258672.767, 77
Trd, 258672.817, 92
Trd, 258673.183, 89
Trd, 258673.550, 109
Trd, 258673.633, 89
Trd, 258673.983, 90
Trd, 258674.033, 137
Trd, 258674.183, 115
Trd, 258674.667, 121
Trd, 258674.750, 119
Trd, 258674.917, 90
Trd, 258675.150, 105
Trd, 258675.217, 83
Trd, 258675.500, 86
Trd, 258676.117, 104
Trd, 258676.267, 105
Trd, 258676.767, 101
Trd, 258676.817, 100
Trd, 258677.167, 101
Trd, 258677.350, 102
Trd, 258677.417, 101
Trd, 258677.617, 100
Trd, 258677.817, 96
Trd, 258678.017, 140
Trd, 258678.150, 138
Trd, 258678.467, 126
Trd, 258678.517, 125
Trd, 258679.217, 140
Trd, 258679.250, 139
Trd, 258679.283, 131
Trd, 258679.383, 125
Trd, 258680.417, 118
Trd, 258680.483, 118
Trd, 258680.617, 123
Trd, 258680.883, 102
Trd, 258680.917, 92
Trd, 258681.150, 112
Trd, 258681.417, 90
Trd, 258681.467, 124
Trd, 258681.533, 107
Trd, 258681.950, 88
Trd, 258682.433, 72
Trd, 258682.550, 97
Trd, 258682.817, 112
Trd, 258682.900, 116
Trd, 258682.983, 72
Trd, 258683.150, 118
Trd, 258683.217, 121
Trd, 258683.483, 98
Trd, 258683.933, 140
Trd, 258684.883, 137
Trd, 258685.283, 139
Trd, 258685.350, 138
Trd, 258685.400, 136
Trd, 258685.583, 135
Trd, 258685.617, 116
Trd, 258686.167, 135
Trd, 258686.233, 135
Trd, 258686.333, 115
Trd, 258686.417, 114
Trd, 258686.650, 106
Trd, 258686.683, 137
Trd, 258687.083, 112
Trd, 258687.283, 108
Trd, 258687.383, 107
Trd, 258687.667, 118
Trd, 258687.717, 120
Trd, 258687.900, 106
Trd, 258688.150, 97
Trd, 258688.417, 137
Trd, 258688.500, 93
Trd, 258688.683, 106
Trd, 258688.883, 94
Trd, 258688.983, 111
Trd, 258689.883, 88
Trd, 258689.917, 89
Trd, 258690.467, 130
Trd, 258690.583, 131
Trd, 258691.100, 133
Trd, 258691.167, 131
Trd, 258691.300, 132
Trd, 258691.317, 131
Trd, 258691.683, 124
Trd, 258691.767, 115
Trd, 258692.250, 136
Trd, 258692.567, 135
Trd, 258692.717, 134
Trd, 258693.150, 115
Trd, 258694.100, 117
Trd, 258694.133, 116
Trd, 258694.667, 133
Trd, 258694.800, 96
Trd, 258695.000, 91
Trd, 258695.233, 88
Trd, 258695.250, 83
Trd, 258695.617, 131
Trd, 258696.400, 107
Trd, 258696.433, 91
Trd, 258696.450, 90
Trd, 258696.917, 135
Trd, 258697.250, 116
Trd, 258697.317, 132
Trd, 258697.350, 137
Trd, 258697.633, 140
Trd, 258697.800, 140
Trd, 258697.933, 140
Trd, 258697.950, 140
Trd, 258698.067, 135
Trd, 258698.350, 136
Trd, 258698.933, 128
Trd, 258699.217, 122
Trd, 258699.483, 123
Trd, 258699.600, 138
Trd, 258699.717, 122
Trd, 258699.767, 139
Trd, 258699.817, 121
Trd, 258700.100, 132
Trd, 258700.117, 131
Trd, 258700.867, 106
Trd, 258701.200, 129
Trd, 258701.250, 128
Trd, 258701.783, 105
Trd, 258701.833, 82
Trd, 258702.050, 89
Trd, 258702.117, 78
Trd, 258702.417, 136
Trd, 258702.633, 122
Trd, 258702.883, 139
Trd, 258702.950, 109
Trd, 258702.967, 139
Trd, 258703.600, 114
Trd, 258704.183, 115
Trd, 258704.200, 129
Trd, 258704.367, 110
Trd, 258704.417, 108
Trd, 258704.633, 110
Trd, 258704.900, 109
Trd, 258705.083, 89
Trd, 258705.233, 68
Trd, 258705.350, 98
Trd, 258705.900, 121
Trd, 258706.100, 106
Trd, 258706.317, 97
Trd, 258706.467, 96
Trd, 258706.700, 116
Trd, 258706.783, 115
Trd, 258707.133, 95
Trd, 258707.267, 117
Trd, 258707.483, 137
Trd, 258707.500, 94
Trd, 258707.533, 90
Trd, 258707.683, 107
Trd, 258708.300, 109
Trd, 258708.517, 140
Trd, 258708.783, 137
Trd, 258709.250, 109
Trd, 258709.383, 108
Trd, 258709.467, 106
Trd, 258709.617, 105
Trd, 258710.183, 137
Trd, 258710.417, 130
Trd, 258710.700, 138
Trd, 258710.883, 130
Trd, 258711.017, 131
Trd, 258711.100, 131
Trd, 258711.317, 129
Trd, 258711.817, 140
Trd, 258712.000, 131
Trd, 258712.067, 130
Trd, 258712.250, 140
Trd, 258712.333, 136
Trd, 258713.483, 128
Trd, 258713.550, 131
Trd, 258713.583, 127
Trd, 258713.700, 127
Trd, 258713.767, 126
Trd, 258714.067, 119
Trd, 258714.450, 114
Trd, 258714.583, 113
Trd, 258714.783, 126
Trd, 258714.883, 124
Trd, 258715.150, 123
Trd, 258715.250, 124
Trd, 258715.367, 117
Trd, 258715.550, 116
Trd, 258716.033, 112
Trd, 258716.233, 135
Trd, 258716.417, 111
Trd, 258716.467, 111
Trd, 258716.850, 120
Trd, 258717.783, 140
Trd, 258717.950, 140
Trd, 258718.050, 139
Trd, 258718.150, 136
Trd, 258718.333, 130
Trd, 258718.733, 137
Trd, 258719.050, 136
Trd, 258719.200, 130
Trd, 258719.500, 115
Trd, 258719.833, 123
Trd, 258720.483, 127
Trd, 258720.633, 130
Trd, 258720.800, 123
Trd, 258720.883, 122
Trd, 258721.167, 133
Trd, 258721.217, 114
Trd, 258721.500, 120
Trd, 258721.583, 103
Trd, 258721.650, 91
Trd, 258722.050, 105
Trd, 258722.250, 98
Trd, 258722.750, 98
Trd, 258723.000, 105
Trd, 258723.033, 117
Trd, 258723.200, 130
Trd, 258723.317, 131
Trd, 258723.400, 130
Trd, 258723.550, 130
Trd, 258723.700, 129
Trd, 258724.000, 129
Trd, 258724.300, 131
Trd, 258724.450, 140
Trd, 258724.633, 122
Trd, 258725.333, 119
Trd, 258725.550, 89
Trd, 258725.617, 79
Trd, 258725.667, 73
Trd, 258726.650, 79
Trd, 258726.800, 134
Trd, 258726.817, 78
Trd, 258727.200, 130
Trd, 258727.383, 130
Trd, 258727.617, 118
Trd, 258728.000, 139
Trd, 258728.050, 139
Trd, 258728.350, 139
Trd, 258728.517, 138
Trd, 258728.900, 140
Trd, 258729.083, 120
Trd, 258729.333, 137
Trd, 258729.733, 135
Trd, 258730.533, 140
Trd, 258730.633, 140
Trd, 258730.800, 127
Trd, 258730.917, 126
Trd, 258731.150, 125
Trd, 258731.400, 119
Trd, 258731.467, 120
Trd, 258731.667, 121
Trd, 258731.967, 120
Trd, 258732.083, 118
Trd, 258732.350, 104
Trd, 258733.100, 112
Trd, 258733.133, 111
Trd, 258733.183, 113
Trd, 258733.300, 115
Trd, 258733.450, 132
Trd, 258733.583, 139
Trd, 258733.833, 105
Trd, 258733.917, 103
Trd, 258734.117, 98
Trd, 258734.167, 83
Trd, 258734.300, 118
Trd, 258734.583, 85
Trd, 258735.567, 93
Trd, 258735.883, 95
Trd, 258735.983, 88
Trd, 258736.117, 87
Trd, 258736.417, 103
Trd, 258736.450, 130
Trd, 258736.500, 99
Trd, 258737.133, 140
Trd, 258737.633, 128
Trd, 258737.650, 127
Trd, 258737.917, 118
Trd, 258738.000, 113
Trd, 258738.767, 140
Trd, 258739.217, 140
Trd, 258739.650, 140
Trd, 258739.833, 140
Trd, 258740.067, 140
Trd, 258740.083, 139
Trd, 258740.317, 137
Trd, 258740.483, 136
Trd, 258740.533, 123
Trd, 258740.967, 140
Trd, 258741.350, 140
Trd, 258741.383, 140
Trd, 258741.483, 140
Trd, 258741.900, 136
Trd, 258742.550, 122
Trd, 258742.583, 123
Trd, 258742.633, 106
Trd, 258743.083, 101
Trd, 258743.700, 130
Trd, 258744.050, 137
Trd, 258744.200, 138
Trd, 258744.983, 134
Trd, 258745.017, 133
Trd, 258745.133, 130
Trd, 258745.200, 125
Trd, 258745.333, 108
Trd, 258745.383, 137
Trd, 258745.433, 112
Trd, 258745.850, 123
Trd, 258746.267, 122
Trd, 258746.350, 123
Trd, 258746.383, 108
Trd, 258747.517, 140
Trd, 258747.650, 139
Trd, 258747.983, 138
Trd, 258748.117, 109
Trd, 258748.267, 139
Trd, 258748.483, 115
Trd, 258748.583, 114
Trd, 258749.017, 107
Trd, 258749.083, 106
Trd, 258749.333, 124
Trd, 258749.433, 123
Trd, 258749.550, 108
Trd, 258749.717, 103
Trd, 258749.800, 102
Trd, 258750.167, 140
Trd, 258750.350, 137
Trd, 258750.967, 109
Trd, 258751.067, 110
Trd, 258751.467, 129
Trd, 258751.750, 120
Trd, 258751.783, 92
Trd, 258752.283, 132
Trd, 258752.450, 133
Trd, 258752.483, 131
Trd, 258752.933, 138
Trd, 258752.983, 135
Trd, 258753.267, 134
Trd, 258753.367, 133
Trd, 258753.617, 123
Trd, 258753.867, 132
Trd, 258754.083, 133
Trd, 258754.633, 139
Trd, 258754.717, 136
Trd, 258755.167, 136
Trd, 258755.300, 121
Trd, 258756.067, 140
Trd, 258756.200, 140
Trd, 258756.417, 130
Trd, 258756.550, 140
Trd, 258756.600, 131
Trd, 258756.667, 123
Trd, 258756.750, 121
Trd, 258757.583, 133
Trd, 258757.633, 131
Trd, 258757.683, 122
Trd, 258757.917, 114
Trd, 258757.950, 109
Trd, 258758.333, 130
Trd, 258758.383, 131
Trd, 258758.633, 109
Trd, 258758.717, 108
Trd, 258758.850, 131
Trd, 258759.483, 108
Trd, 258759.883, 105
Trd, 258760.067, 113
Trd, 258760.133, 98
Trd, 258760.200, 96
Trd, 258760.367, 95
Trd, 258760.433, 87
Trd, 258760.617, 114
Trd, 258760.650, 99
Trd, 258760.800, 99
Trd, 258760.867, 132
Trd, 258760.883, 99
Trd, 258761.733, 138
Trd, 258761.950, 137
Trd, 258762.117, 129
Trd, 258762.383, 140
Trd, 258762.750, 130
Trd, 258763.033, 117
Trd, 258763.200, 102
Trd, 258763.417, 126
Trd, 258763.833, 104
Trd, 258763.967, 105
Trd, 258764.367, 124
Trd, 258764.383, 122
Trd, 258764.450, 121
Trd, 258764.550, 126
Trd, 258764.567, 125
Trd, 258764.617, 127
Trd, 258764.750, 123
Trd, 258764.983, 114
Trd, 258765.017, 113
Trd, 258765.033, 113
Trd, 258765.217, 121
Trd, 258765.233, 112
Trd, 258765.433, 120
Trd, 258765.467, 110
Trd, 258765.583, 124
Trd, 258766.467, 140
Trd, 258766.583, 140
Trd, 258766.983, 120
Trd, 258767.133, 116
Trd, 258767.500, 115
Trd, 258767.683, 132
Trd, 258767.817, 130
Trd, 258768.200, 133
Trd, 258768.550, 121
Trd, 258768.717, 121
Trd, 258769.050, 124
Trd, 258769.133, 129
Trd, 258769.300, 122
Trd, 258769.400, 120
Trd, 258769.717, 126
Trd, 258769.883, 127
Trd, 258770.017, 131
Trd, 258770.183, 116
Trd, 258770.217, 115
Trd, 258770.383, 119
Trd, 258770.417, 114
Trd, 258770.717, 130
Trd, 258771.217, 138
Trd, 258771.500, 114
Trd, 258771.517, 109
Trd, 258771.700, 102
Trd, 258772.083, 130
Trd, 258772.383, 133
Trd, 258773.083, 140
Trd, 258773.450, 140
Trd, 258773.983, 140
Trd, 258774.150, 139
Trd, 258774.183, 139
Trd, 258774.450, 131
Trd, 258774.900, 135
Trd, 258775.167, 134
Trd, 258775.283, 122
Trd, 258775.383, 117
Trd, 258775.700, 126
Trd, 258776.283, 136
Trd, 258776.500, 115
Trd, 258776.633, 139
Trd, 258776.867, 115
Trd, 258777.467, 122
Trd, 258777.683, 140
Trd, 258777.767, 139
Trd, 258777.817, 140
Trd, 258777.933, 126
Trd, 258778.017, 123
Trd, 258778.117, 127
Trd, 258778.200, 126
Trd, 258778.700, 112
Trd, 258778.717, 140
Trd, 258779.150, 127
Trd, 258779.417, 129
Trd, 258779.900, 139
Trd, 258780.017, 134
Trd, 258780.183, 131
Trd, 258780.550, 130
Trd, 258780.617, 114
Trd, 258781.117, 111
Trd, 258781.200, 105
Trd, 258781.567, 127
Trd, 258781.617, 102
Trd, 258781.983, 111
Trd, 258782.233, 100
Trd, 258782.350, 112
Trd, 258782.483, 139
Trd, 258782.750, 139
Trd, 258782.933, 139
Trd, 258783.167, 140
Trd, 258783.217, 139
Trd, 258783.400, 138
Trd, 258783.650, 118
Trd, 258784.067, 116
Trd, 258784.283, 116
Trd, 258784.500, 116
Trd, 258785.017, 140
Trd, 258786.100, 136
Trd, 258786.317, 130
Trd, 258786.333, 135
Trd, 258786.600, 130
Trd, 258786.800, 129
Trd, 258787.033, 130
Trd, 258787.133, 131
Trd, 258787.383, 128
Trd, 258787.867, 136
Trd, 258788.033, 126
Trd, 258788.883, 138
Trd, 258788.983, 137
Trd, 258789.067, 136
Trd, 258789.300, 120
Trd, 258789.467, 117
Trd, 258789.483, 127
Trd, 258789.517, 114
Trd, 258789.650, 115
Trd, 258790.583, 128
Trd, 258790.967, 120
Trd, 258791.083, 119
Trd, 258791.300, 131
Trd, 258791.350, 116
Trd, 258791.567, 112
Trd, 258791.633, 110
Trd, 258791.850, 100
Trd, 258791.900, 104
Trd, 258792.067, 136
Trd, 258792.217, 105
Trd, 258792.317, 100
Trd, 258792.383, 96
Trd, 258792.400, 90
Trd, 258792.733, 139
Trd, 258793.017, 126
Trd, 258793.900, 138
Trd, 258794.033, 138
Trd, 258794.350, 137
Trd, 258794.417, 126
Trd, 258794.683, 121
Trd, 258794.867, 120
Trd, 258795.350, 134
Trd, 258795.583, 140
Trd, 258795.683, 126
Trd, 258796.200, 136
Trd, 258796.467, 126
Trd, 258797.067, 122
Trd, 258797.283, 117
Trd, 258797.350, 116
Trd, 258797.367, 115
Trd, 258797.383, 105
Trd, 258797.500, 124
Trd, 258797.750, 124
Trd, 258798.067, 112
Trd, 258798.117, 96
Trd, 258798.350, 91
Trd, 258798.467, 90
Trd, 258799.100, 114
Trd, 258799.133, 105
Trd, 258799.500, 112
Trd, 258799.567, 102
Trd, 258799.683, 122
Trd, 258800.067, 117
Trd, 258800.250, 93
Trd, 258800.817, 115
Trd, 258801.033, 103
Trd, 258801.633, 90
Trd, 258802.000, 101
Trd, 258802.200, 102
Trd, 258802.350, 100
Trd, 258802.617, 88
Trd, 258802.917, 100
Trd, 258803.117, 89
Trd, 258803.150, 104
Trd, 258803.167, 121
Trd, 258803.233, 87
Trd, 258803.333, 95
Trd, 258803.600, 140
Trd, 258803.750, 140
Trd, 258803.783, 105
Trd, 258803.867, 125
Trd, 258804.133, 106
Trd, 258804.383, 105
Trd, 258804.717, 120
Trd, 258804.800, 134
Trd, 258805.417, 140
Trd, 258805.900, 140
Trd, 258806.533, 140
Trd, 258806.617, 140
Trd, 258806.667, 140
Trd, 258807.050, 140
Trd, 258807.250, 140
Trd, 258807.350, 140
Trd, 258807.400, 140
Trd, 258807.550, 140
Trd, 258807.683, 139
Trd, 258807.933, 138
Trd, 258808.000, 134
Trd, 258808.100, 125
Trd, 258808.700, 125
Trd, 258808.850, 121
Trd, 258808.967, 120
Trd, 258809.083, 129
Trd, 258809.450, 113
Trd, 258809.500, 105
Trd, 258809.967, 109
Trd, 258810.517, 100
Trd, 258810.633, 103
Trd, 258810.867, 109
Trd, 258811.033, 127
Trd, 258811.450, 115
Trd, 258811.600, 105
Trd, 258811.833, 140
Trd, 258812.183, 140
Trd, 258812.350, 140
Trd, 258812.483, 139
Trd, 258812.550, 124
Trd, 258812.983, 119
Trd, 258813.317, 98
Trd, 258813.400, 90
Trd, 258813.500, 81
Trd, 258814.183, 101
Trd, 258814.500, 110
Trd, 258814.683, 131
Trd, 258814.733, 104
Trd, 258814.817, 102
Trd, 258814.850, 137
Trd, 258815.017, 105
Trd, 258815.117, 89
Trd, 258815.367, 138
Trd, 258815.517, 117
Trd, 258815.917, 103
Trd, 258815.950, 99
Trd, 258816.450, 140
Trd, 258816.617, 139
Trd, 258816.733, 138
Trd, 258816.883, 131
Trd, 258817.617, 136
Trd, 258817.633, 123
Trd, 258817.967, 123
Trd, 258818.133, 123
Trd, 258818.167, 107
Trd, 258818.200, 87
Trd, 258818.333, 110
Trd, 258819.133, 107
Trd, 258819.383, 109
Trd, 258819.550, 109
Trd, 258819.567, 108
Trd, 258819.800, 128
Trd, 258819.867, 133
Trd, 258820.217, 120
Trd, 258820.233, 110
Trd, 258820.300, 109
Trd, 258820.550, 134
Trd, 258820.883, 110
Trd, 258821.067, 130
Trd, 258821.367, 120
Trd, 258821.717, 139
Trd, 258822.033, 106
Trd, 258822.183, 107
Trd, 258822.583, 105
Trd, 258822.833, 140
Trd, 258822.983, 139
Trd, 258823.233, 135
Trd, 258823.517, 128
Trd, 258823.767, 138
Trd, 258823.967, 110
Trd, 258824.117, 104
Trd, 258824.367, 103
Trd, 258824.517, 102
Trd, 258824.600, 106
Trd, 258824.817, 123
Trd, 258825.017, 100
Trd, 258825.783, 103
Trd, 258825.833, 124
Trd, 258826.167, 102
Trd, 258826.783, 99
Trd, 258826.867, 93
Trd, 258827.100, 103
Trd, 258827.117, 68
Trd, 258827.483, 85
Trd, 258827.617, 117
Trd, 258827.683, 117
Trd, 258827.717, 119
Trd, 258827.883, 70
Trd, 258828.100, 89
Trd, 258828.283, 63
Trd, 258828.383, 127
Trd, 258829.050, 138
Trd, 258829.517, 111
Trd, 258829.683, 112
Trd, 258830.200, 116
Trd, 258830.233, 114
Trd, 258830.483, 122
Trd, 258830.767, 122
Trd, 258830.967, 100
Trd, 258831.117, 100
Trd, 258831.150, 96
Trd, 258831.217, 95
Trd, 258831.333, 92
Trd, 258831.383, 85
Trd, 258831.883, 107
Trd, 258832.267, 122
Trd, 258832.500, 106
Trd, 258832.633, 123
Trd, 258832.683, 107
Trd, 258832.950, 126
Trd, 258833.483, 129
Trd, 258833.550, 136
Trd, 258833.567, 128
Trd, 258833.817, 140
Trd, 258833.867, 125
Trd, 258834.450, 125
Trd, 258834.517, 124
Trd, 258834.633, 101
Trd, 258834.800, 118
Trd, 258834.983, 125
Trd, 258835.500, 125
Trd, 258836.033, 140
Trd, 258836.133, 140
Trd, 258836.200, 140
Trd, 258836.500, 140
Trd, 258836.967, 140
Trd, 258836.983, 140
Trd, 258837.150, 137
Trd, 258837.233, 135
Trd, 258837.617, 117
Trd, 258837.917, 139
Trd, 258838.317, 114
Trd, 258839.033, 129
Trd, 258839.300, 138
Trd, 258839.500, 138
Trd, 258839.517, 137
Trd, 258839.617, 140
Trd, 258839.683, 136
Trd, 258839.800, 116
Trd, 258840.400, 130
Trd, 258840.667, 137
Trd, 258840.767, 124
Trd, 258841.850, 123
Trd, 258841.917, 120
Trd, 258842.600, 140
Trd, 258843.017, 140
Trd, 258843.133, 139
Trd, 258843.333, 138
Trd, 258843.483, 135
Trd, 258843.950, 116
Trd, 258844.383, 113
Trd, 258844.550, 112
Trd, 258844.667, 105
Trd, 258844.917, 94
Trd, 258844.983, 122
Trd, 258845.133, 95
Trd, 258845.300, 122
Trd, 258845.517, 86
Trd, 258845.650, 126
Trd, 258845.800, 107
Trd, 258846.200, 97
Trd, 258846.417, 115
Trd, 258847.550, 114
Trd, 258847.900, 122
Trd, 258848.017, 122
Trd, 258848.317, 122
Trd, 258848.417, 128
Trd, 258848.567, 122
Trd, 258848.867, 129
Trd, 258849.067, 132
Trd, 258849.200, 121
Trd, 258849.300, 106
Trd, 258849.483, 102
Trd, 258849.967, 131
Trd, 258850.217, 113
Trd, 258850.233, 112
Trd, 258850.467, 99
Trd, 258850.483, 120
Trd, 258850.817, 120
Trd, 258850.850, 98
Trd, 258851.033, 109
Trd, 258851.233, 135
Trd, 258851.333, 111
Trd, 258852.000, 113
Trd, 258852.017, 112
Trd, 258852.250, 80
Trd, 258852.583, 140
Trd, 258852.717, 139
Trd, 258853.217, 112
Trd, 258853.367, 132
Trd, 258853.433, 110
Trd, 258853.933, 125
Trd, 258854.033, 120
Trd, 258854.383, 120
Trd, 258854.583, 109
Trd, 258854.717, 133
Trd, 258854.733, 105
Trd, 258855.050, 132
Trd, 258855.150, 105
Trd, 258855.183, 100
Trd, 258855.650, 121
Trd, 258855.850, 75
Trd, 258855.900, 74
Trd, 258856.017, 67
Trd, 258856.350, 81
Trd, 258856.750, 74
Trd, 258857.000, 94
Trd, 258857.500, 132
Trd, 258857.850, 118
Trd, 258858.400, 107
Trd, 258858.483, 106
Trd, 258858.700, 140
Trd, 258859.267, 139
Trd, 258859.517, 121
Trd, 258859.850, 128
Trd, 258860.350, 121
Trd, 258860.617, 120
Trd, 258860.850, 119
Trd, 258861.067, 118
Trd, 258861.283, 124
Trd, 258861.633, 125
Trd, 258861.733, 126
Trd, 258861.817, 118
Trd, 258862.317, 112
Trd, 258862.600, 123
Trd, 258862.633, 108
Trd, 258862.767, 123
Trd, 258862.833, 101
Trd, 258862.883, 124
Trd, 258863.200, 135
Trd, 258863.383, 109
Trd, 258863.767, 103
Trd, 258864.033, 101
Trd, 258864.383, 137
Trd, 258864.617, 127
Trd, 258864.683, 138
Trd, 258864.750, 124
Trd, 258865.100, 122
Trd, 258865.733, 125
Trd, 258865.767, 127
Trd, 258865.933, 129
Trd, 258865.967, 109
Trd, 258866.033, 103
Trd, 258866.083, 98
Trd, 258866.300, 132
Trd, 258866.350, 99
Trd, 258866.400, 93
Trd, 258866.633, 92
Trd, 258866.883, 91
Trd, 258867.283, 90
Trd, 258867.350, 105
Trd, 258867.683, 139
Trd, 258868.017, 138
Trd, 258868.150, 98
Trd, 258868.283, 116
Trd, 258868.583, 93
Trd, 258869.083, 111
Trd, 258869.300, 111
Trd, 258869.333, 110
Trd, 258869.517, 124
Trd, 258869.617, 109
Trd, 258869.767, 125
Trd, 258869.867, 100
Trd, 258870.200, 131
Trd, 258870.367, 136
Trd, 258870.400, 100
Trd, 258871.050, 131
Trd, 258871.167, 114
Trd, 258871.383, 101
Trd, 258871.567, 114
Trd, 258871.883, 100
Trd, 258872.100, 111
Trd, 258872.150, 100
Trd, 258872.167, 113
Trd, 258872.767, 115
Trd, 258872.950, 115
Trd, 258873.583, 102
Trd, 258873.617, 102
Trd, 258873.733, 101
Trd, 258873.800, 92
Trd, 258873.833, 107
Trd, 258873.850, 108
Trd, 258874.067, 131
Trd, 258874.200, 101
Trd, 258874.367, 82
Trd, 258874.950, 140
Trd, 258875.133, 140
Trd, 258875.350, 110
Trd, 258875.400, 89
Trd, 258875.883, 81
Trd, 258876.033, 140
Trd, 258876.200, 66
Trd, 258876.767, 137
Trd, 258876.900, 129
Trd, 258876.983, 102
Trd, 258877.500, 60
Trd, 258877.683, 60
Trd, 258878.033, 60
Trd, 258878.433, 60
Trd, 258878.617, 63
Trd, 258878.633, 64
Trd, 258878.717, 64
Trd, 258878.833, 61
Trd, 258879.067, 65
Trd, 258879.233, 89
Trd, 258879.417, 71
Trd, 258880.317, 136
Trd, 258880.683, 117
Trd, 258881.400, 140
Trd, 258881.450, 123
Trd, 258881.667, 137
Trd, 258881.817, 136
Trd, 258881.883, 117
Trd, 258882.117, 113
Trd, 258882.317, 114
Trd, 258883.067, 115
Trd, 258883.317, 114
Trd, 258883.533, 113
Trd, 258883.550, 123
Trd, 258883.600, 111
Trd, 258883.717, 106
Trd, 258883.733, 103
Trd, 258883.800, 124
Trd, 258883.850, 123
Trd, 258884.450, 100
Trd, 258884.883, 126
Trd, 258885.117, 115
Trd, 258885.250, 127
Trd, 258885.517, 140
Trd, 258885.683, 139
Trd, 258885.867, 112
Trd, 258886.083, 111
Trd, 258886.600, 110
Trd, 258886.817, 111
Trd, 258886.883, 108
Trd, 258887.550, 135
Trd, 258887.650, 134
Trd, 258887.867, 126
Trd, 258888.133, 130
Trd, 258888.500, 129
Trd, 258888.583, 107
Trd, 258888.917, 121
Trd, 258889.100, 129
Trd, 258889.150, 121
Trd, 258889.350, 130
Trd, 258889.483, 120
Trd, 258889.767, 126
Trd, 258889.833, 118
Trd, 258890.267, 118
Trd, 258890.817, 130
Trd, 258890.950, 129
Trd, 258891.150, 138
Trd, 258891.233, 118
Trd, 258891.517, 117
Trd, 258892.317, 140
Trd, 258892.350, 140
Trd, 258892.417, 140
Trd, 258892.783, 139
Trd, 258893.450, 127
Trd, 258893.567, 127
Trd, 258893.750, 140
Trd, 258893.967, 129
Trd, 258894.083, 126
Trd, 258894.650, 134
Trd, 258894.800, 127
Trd, 258894.817, 124
Trd, 258894.983, 121
Trd, 258895.067, 120
Trd, 258895.167, 138
Trd, 258895.667, 121
Trd, 258895.900, 139
Trd, 258895.950, 112
Trd, 258896.450, 125
Trd, 258896.533, 116
Trd, 258896.683, 110
Trd, 258896.750, 111
Trd, 258896.900, 117
Trd, 258897.767, 139
Trd, 258898.450, 131
Trd, 258898.500, 119
Trd, 258899.167, 134
Trd, 258899.417, 124
Trd, 258899.783, 127
Trd, 258899.833, 126
Trd, 258899.917, 126
Trd, 258900.517, 140
Trd, 258900.783, 139
Trd, 258900.867, 138
Trd, 258900.933, 136
Trd, 258900.950, 135
Trd, 258901.517, 130
Trd, 258901.533, 129
Trd, 258901.600, 128
Trd, 258901.950, 127
Trd, 258902.517, 102
Trd, 258902.533, 98
Trd, 258902.700, 97
Trd, 258902.717, 94
Trd, 258902.817, 104
Trd, 258902.900, 85
Trd, 258902.917, 128
Trd, 258903.100, 128
Trd, 258903.233, 112
Trd, 258903.517, 128
Trd, 258903.533, 73
Trd, 258903.717, 139
Trd, 258903.867, 138
Trd, 258903.983, 138
Trd, 258904.150, 137
Trd, 258904.333, 109
Trd, 258904.583, 116
Trd, 258904.683, 115
Trd, 258904.900, 139
Trd, 258905.100, 114
Trd, 258905.117, 79
Trd, 258905.400, 104
Trd, 258906.383, 129
Trd, 258906.667, 127
Trd, 258907.267, 109
Trd, 258907.700, 103
Trd, 258907.717, 88
Trd, 258907.783, 134
Trd, 258908.283, 107
Trd, 258908.367, 105
Trd, 258908.650, 121
Trd, 258908.667, 135
Trd, 258908.867, 121
Trd, 258909.100, 120
Trd, 258909.283, 115
Trd, 258909.733, 127
Trd, 258909.883, 116
Trd, 258910.000, 128
Trd, 258910.033, 119
Trd, 258910.133, 116
Trd, 258910.233, 115
Trd, 258910.750, 115
Trd, 258910.883, 126
Trd, 258910.900, 129
Trd, 258910.967, 109
Trd, 258911.017, 84
Trd, 258911.800, 140
Trd, 258912.350, 139
Trd, 258912.517, 122
Trd, 258912.917, 140
Trd, 258913.250, 140
Trd, 258913.683, 140
Trd, 258913.833, 140
Trd, 258913.917, 140
Trd, 258914.400, 128
Trd, 258914.667, 127
Trd, 258914.717, 126
Trd, 258914.950, 125
Trd, 258915.383, 121
Trd, 258915.417, 121
Trd, 258915.650, 139
Trd, 258915.833, 114
Trd, 258915.917, 101
Trd, 258916.550, 129
Trd, 258916.700, 120
Trd, 258916.917, 119
Trd, 258916.983, 137
Trd, 258917.050, 116
Trd, 258917.133, 138
Trd, 258917.183, 130
Trd, 258917.217, 115
Trd, 258917.450, 98
Trd, 258917.983, 112
Trd, 258918.033, 118
Trd, 258918.133, 100
Trd, 258918.500, 102
Trd, 258918.800, 134
Trd, 258918.867, 101
Trd, 258918.950, 99
Trd, 258919.083, 124
Trd, 258919.267, 132
Trd, 258919.350, 120
Trd, 258919.400, 112
Trd, 258919.533, 140
Trd, 258919.633, 111
Trd, 258920.000, 98
Trd, 258920.767, 135
Trd, 258920.917, 130
Trd, 258921.500, 134
Trd, 258921.683, 134
Trd, 258921.800, 133
Trd, 258921.900, 130
Trd, 258921.917, 123
Trd, 258922.133, 122
Trd, 258922.433, 118
Trd, 258923.117, 127
Trd, 258923.150, 128
Trd, 258923.233, 129
Trd, 258923.333, 126
Trd, 258923.850, 128
Trd, 258923.967, 127
Trd, 258924.050, 125
Trd, 258924.150, 133
Trd, 258924.350, 115
Trd, 258924.400, 114
Trd, 258924.750, 114
Trd, 258924.900, 113
Trd, 258924.950, 112
Trd, 258925.617, 140
Trd, 258925.833, 140
Trd, 258926.167, 119
Trd, 258926.217, 106
Trd, 258926.533, 132
Trd, 258926.933, 138
Trd, 258927.233, 134
Trd, 258927.500, 129
Trd, 258927.567, 121
Trd, 258927.933, 108
Trd, 258928.000, 109
Trd, 258928.067, 103
Trd, 258928.383, 136
Trd, 258928.417, 135
Trd, 258928.750, 123
Trd, 258928.833, 111
Trd, 258929.150, 108
Trd, 258929.350, 100
Trd, 258930.250, 128
Trd, 258930.267, 108
Trd, 258930.367, 106
Trd, 258930.633, 139
Trd, 258930.717, 139
Trd, 258930.750, 139
Trd, 258930.817, 138
Trd, 258931.000, 140
Trd, 258931.067, 119
Trd, 258931.517, 102
Trd, 258931.600, 99
Trd, 258931.767, 90
Trd, 258932.033, 89
Trd, 258932.050, 88
Trd, 258932.383, 121
Trd, 258932.700, 140
Trd, 258933.167, 124
Trd, 258933.250, 80
Trd, 258933.633, 78
Trd, 258934.183, 107
Trd, 258934.300, 86
Trd, 258934.367, 84
Trd, 258934.433, 84
Trd, 258934.550, 83
Trd, 258935.250, 91
Trd, 258935.283, 88
Trd, 258935.467, 117
Trd, 258935.483, 105
Trd, 258935.983, 103
Trd, 258936.250, 114
Trd, 258936.350, 116
Trd, 258936.433, 139
Trd, 258936.500, 103
Trd, 258936.550, 101
Trd, 258937.100, 136
Trd, 258937.800, 95
Trd, 258938.450, 124
Trd, 258938.550, 123
Trd, 258938.567, 129
Trd, 258938.717, 130
Trd, 258938.733, 122
Trd, 258938.783, 131
Trd, 258938.817, 112
Trd, 258939.567, 140
Trd, 258939.850, 140
Trd, 258940.067, 135
Trd, 258940.683, 140
Trd, 258940.733, 140
Trd, 258940.817, 140
Trd, 258940.967, 132
Trd, 258940.983, 131
Trd, 258941.733, 135
Trd, 258941.817, 134
Trd, 258942.583, 140
Trd, 258942.600, 140
Trd, 258942.633, 140
Trd, 258942.800, 140
Trd, 258942.883, 137
Trd, 258943.100, 133
Trd, 258943.117, 128
Trd, 258943.617, 135
Trd, 258943.717, 133
Trd, 258943.900, 139
Trd, 258944.333, 132
Trd, 258944.500, 132
Trd, 258944.850, 132
Trd, 258945.083, 132
Trd, 258945.100, 130
Trd, 258945.117, 111
Trd, 258945.600, 112
Trd, 258945.833, 135
Trd, 258946.117, 117
Trd, 258946.300, 120
Trd, 258946.350, 134
Trd, 258946.517, 120
Trd, 258946.767, 119
Trd, 258946.950, 116
Trd, 258947.150, 120
Trd, 258947.533, 121
Trd, 258947.833, 120
Trd, 258947.867, 113
Trd, 258947.900, 106
Trd, 258947.933, 104
Trd, 258948.533, 130
Trd, 258948.817, 99
Trd, 258948.850, 131
Trd, 258949.150, 131
Trd, 258949.867, 130
Trd, 258950.050, 131
Trd, 258950.567, 129
Trd, 258950.600, 125
Trd, 258950.650, 109
Trd, 258951.583, 136
Trd, 258951.900, 122
Trd, 258952.017, 121
Trd, 258952.033, 115
Trd, 258952.600, 140
Trd, 258952.633, 140
Trd, 258952.883, 130
Trd, 258953.100, 138
Trd, 258953.200, 127
Trd, 258953.233, 134
Trd, 258953.317, 125
Trd, 258953.650, 135
Trd, 258953.683, 111
Trd, 258954.067, 111
Trd, 258954.117, 139
Trd, 258954.150, 110
Trd, 258954.233, 105
Trd, 258954.267, 95
Trd, 258954.467, 140
Trd, 258954.667, 118
Trd, 258955.433, 140
Trd, 258955.700, 113
Trd, 258955.883, 113
Trd, 258956.000, 140
Trd, 258956.233, 108
Trd, 258956.317, 101
Trd, 258956.400, 130
Trd, 258956.633, 98
Trd, 258957.133, 91
Trd, 258957.350, 99
Trd, 258957.467, 91
Trd, 258957.733, 128
Trd, 258957.933, 127
Trd, 258957.983, 126
Trd, 258958.283, 92
Trd, 258958.300, 85
Trd, 258958.600, 107
Trd, 258958.917, 102
Trd, 258959.000, 98
Trd, 258959.533, 100
Trd, 258959.750, 129
Trd, 258960.367, 104
Trd, 258960.667, 128
Trd, 258960.767, 118
Trd, 258960.783, 117
Trd, 258960.817, 116
Trd, 258960.850, 90
Trd, 258960.917, 87
Trd, 258961.217, 129
Trd, 258961.400, 130
Trd, 258961.433, 128
Trd, 258961.650, 119
Trd, 258961.967, 129
Trd, 258962.000, 119
Trd, 258962.117, 118
Trd, 258963.200, 134
Trd, 258963.217, 133
Trd, 258963.967, 140
Trd, 258964.283, 134
Trd, 258965.017, 140
Trd, 258965.117, 130
Trd, 258965.400, 130
Trd, 258965.417, 123
Trd, 258966.067, 130
Trd, 258966.500, 134
Trd, 258966.583, 120
Trd, 258967.033, 132
Trd, 258967.050, 122
Trd, 258967.133, 120
Trd, 258967.267, 134
Trd, 258967.367, 136
Trd, 258967.417, 121
Trd, 258968.200, 129
Trd, 258968.250, 123
Trd, 258968.767, 123
Trd, 258968.783, 121
Trd, 258968.817, 111
Trd, 258968.950, 131
Trd, 258969.100, 110
Trd, 258969.183, 89
Trd, 258969.450, 132
Trd, 258969.767, 108
Trd, 258969.933, 129
Trd, 258970.133, 104
Trd, 258970.433, 97
Trd, 258970.933, 118
Trd, 258971.417, 100
Trd, 258971.800, 94
Trd, 258971.950, 94
Trd, 258972.150, 101
Trd, 258972.300, 103
Trd, 258972.417, 125
Trd, 258972.833, 117
Trd, 258972.867, 116
Trd, 258973.050, 108
Trd, 258973.367, 140
Trd, 258973.500, 140
Trd, 258973.617, 140
Trd, 258973.667, 130
Trd, 258973.783, 104
Trd, 258973.833, 103
Trd, 258973.950, 100
Trd, 258974.017, 101
Trd, 258974.167, 115
Trd, 258974.333, 88
Trd, 258974.433, 70
Trd, 258974.517, 93
Trd, 258974.533, 94
Trd, 258974.767, 136
Trd, 258975.483, 118
Trd, 258975.783, 119
Trd, 258976.300, 140
Trd, 258976.800, 123
Trd, 258976.917, 119
Trd, 258977.100, 107
Trd, 258977.483, 95
Trd, 258977.533, 94
Trd, 258977.667, 84
Trd, 258978.033, 74
Trd, 258978.300, 76
Trd, 258978.650, 76
Trd, 258978.733, 98
Trd, 258978.917, 95
Trd, 258979.450, 96
Trd, 258979.617, 96
Trd, 258979.650, 99
Trd, 258979.733, 101
Trd, 258979.900, 121
Trd, 258979.917, 84
Trd, 258980.017, 140
Trd, 258980.283, 121
Trd, 258980.317, 108
Trd, 258980.333, 99
Trd, 258980.717, 140
Trd, 258980.950, 87
Trd, 258980.983, 126
Trd, 258981.217, 94
Trd, 258981.833, 124
Trd, 258981.950, 98
Trd, 258982.217, 95
Trd, 258982.283, 86
Trd, 258982.467, 115
Trd, 258982.650, 97
Trd, 258982.833, 136
Trd, 258982.917, 97
Trd, 258982.967, 96
Trd, 258982.983, 94
Trd, 258983.717, 132
Trd, 258983.783, 130
Trd, 258983.800, 96
Trd, 258984.250, 101
Trd, 258984.417, 104
Trd, 258984.583, 131
Trd, 258984.717, 127
Trd, 258984.883, 126
Trd, 258984.900, 110
Trd, 258985.083, 92
Trd, 258985.183, 132
Trd, 258985.400, 116
Trd, 258985.500, 116
Trd, 258985.650, 134
Trd, 258986.250, 138
Trd, 258986.350, 118
Trd, 258987.183, 121
Trd, 258987.650, 133
Trd, 258987.817, 133
Trd, 258988.150, 139
Trd, 258988.317, 126
Trd, 258988.617, 125
Trd, 258988.683, 131
Trd, 258989.150, 136
Trd, 258989.217, 122
Trd, 258989.500, 121
Trd, 258989.550, 128
Trd, 258989.650, 120
Trd, 258989.700, 135
Trd, 258990.000, 119
Trd, 258990.217, 120
Trd, 258990.300, 119
Trd, 258990.950, 126
Trd, 258990.967, 119
Trd, 258991.000, 128
Trd, 258991.083, 135
Trd, 258991.150, 120
Trd, 258991.433, 119
Trd, 258991.617, 118
Trd, 258991.733, 129
Trd, 258992.017, 131
Trd, 258992.500, 137
Trd, 258992.650, 104
Trd, 258992.883, 129
Trd, 258993.067, 111
Trd, 258993.333, 128
Trd, 258993.500, 124
Trd, 258993.750, 137
Trd, 258993.783, 116
Trd, 258994.633, 132
Trd, 258994.733, 132
Trd, 258994.883, 131
Trd, 258995.467, 110
Trd, 258995.733, 110
Trd, 258995.833, 109
Trd, 258996.083, 129
Trd, 258996.567, 106
Trd, 258996.933, 101
Trd, 258996.983, 116
Trd, 258997.450, 123
Trd, 258997.633, 106
Trd, 258997.983, 105
Trd, 258998.150, 104
Trd, 258998.217, 100
Trd, 258998.317, 97
Trd, 258998.350, 95
Trd, 258998.417, 120
Trd, 258998.500, 96
Trd, 258999.100, 119
Trd, 258999.267, 80
Trd, 258999.683, 122
Trd, 258999.717, 77
Trd, 258999.733, 113
Trd, 258999.850, 76
Trd, 258999.933, 92
Trd, 259000.250, 80
Trd, 259000.633, 63
Trd, 259000.967, 91
Trd, 259001.033, 62
Trd, 259001.167, 119
Trd, 259001.417, 119
Trd, 259002.367, 140
Trd, 259002.717, 103
Trd, 259002.783, 122
Trd, 259003.067, 116
Trd, 259003.317, 108
Trd, 259003.433, 106
Trd, 259003.833, 105
Trd, 259004.150, 113
Trd, 259004.233, 111
Trd, 259004.283, 139
Trd, 259004.367, 106
Trd, 259004.567, 106
Trd, 259004.617, 103
Trd, 259004.633, 131
Trd, 259005.033, 97
Trd, 259005.200, 100
Trd, 259005.500, 96
Trd, 259006.233, 134
Trd, 259006.467, 135
Trd, 259006.783, 116
Trd, 259006.850, 102
Trd, 259007.000, 95
Trd, 259007.467, 133
Trd, 259007.533, 133
Trd, 259008.383, 133
Trd, 259008.567, 132
Trd, 259008.683, 123
Trd, 259008.833, 117
Trd, 259008.950, 113
Trd, 259009.100, 112
Trd, 259009.250, 121
Trd, 259009.517, 120
Trd, 259010.067, 106
Trd, 259010.417, 122
Trd, 259010.633, 122
Trd, 259010.800, 123
Trd, 259011.067, 128
Trd, 259011.333, 112
Trd, 259011.367, 111
Trd, 259011.483, 108
Trd, 259011.750, 123
Trd, 259011.817, 126
Trd, 259012.117, 135
Trd, 259012.650, 68
Trd, 259012.933, 123
Trd, 259012.950, 84
Trd, 259013.533, 127
Trd, 259014.067, 140
Trd, 259014.250, 112
Trd, 259014.433, 108
Trd, 259014.533, 107
Trd, 259014.617, 100
Trd, 259014.983, 117
Trd, 259015.183, 132
Trd, 259015.367, 130
Trd, 259015.400, 123
Trd, 259015.450, 123
Trd, 259015.467, 122
Trd, 259015.600, 117
Trd, 259015.667, 138
Trd, 259015.767, 114
Trd, 259015.867, 110
Trd, 259016.833, 129
Trd, 259017.183, 121
Trd, 259017.433, 138
Trd, 259017.533, 138
Trd, 259018.367, 125
Trd, 259018.533, 122
Trd, 259018.600, 125
Trd, 259018.867, 121
Trd, 259019.417, 118
Trd, 259019.750, 130
Trd, 259019.917, 127
Trd, 259019.933, 133
Trd, 259020.250, 134
Trd, 259020.267, 133
Trd, 259020.317, 123
Trd, 259020.350, 106
Trd, 259020.817, 100
Trd, 259020.933, 100
Trd, 259020.967, 97
Trd, 259021.267, 96
Trd, 259021.717, 90
Trd, 259021.783, 87
Trd, 259021.933, 74
Trd, 259022.000, 69
Trd, 259022.283, 110
Trd, 259022.300, 111
Trd, 259022.617, 99
Trd, 259022.683, 97
Trd, 259022.917, 96
Trd, 259023.083, 72
Trd, 259023.200, 119
Trd, 259023.300, 120
Trd, 259023.817, 127
Trd, 259024.100, 116
Trd, 259024.300, 119
Trd, 259024.350, 112
Trd, 259024.567, 87
Trd, 259025.350, 111
Trd, 259025.883, 140
Trd, 259026.250, 139
Trd, 259026.300, 137
Trd, 259026.733, 132
Trd, 259026.750, 125
Trd, 259026.767, 111
Trd, 259026.800, 110
Trd, 259026.867, 105
Trd, 259027.167, 139
Trd, 259027.850, 123
Trd, 259028.250, 122
Trd, 259028.417, 121
Trd, 259028.867, 107
Trd, 259029.450, 140
Trd, 259029.517, 140
Trd, 259029.717, 138
Trd, 259030.467, 140
Trd, 259030.583, 138
Trd, 259030.667, 138
Trd, 259030.700, 119
Trd, 259030.967, 104
Trd, 259031.533, 126
Trd, 259031.850, 102
Trd, 259031.867, 101
Trd, 259032.200, 103
Trd, 259032.483, 105
Trd, 259032.700, 102
Trd, 259032.783, 110
Trd, 259032.933, 112
Trd, 259033.133, 99
Trd, 259033.450, 90
Trd, 259033.683, 128
Trd, 259034.000, 127
Trd, 259034.083, 114
Trd, 259034.150, 129
Trd, 259034.967, 140
Trd, 259035.033, 140
Trd, 259035.350, 129
Trd, 259035.533, 119
Trd, 259035.700, 127
Trd, 259036.133, 99
Trd, 259036.183, 98
Trd, 259036.733, 84
Trd, 259037.283, 120
Trd, 259037.467, 118
Trd, 259037.533, 121
Trd, 259037.700, 124
Trd, 259037.833, 124
Trd, 259037.933, 139
Trd, 259038.183, 103
Trd, 259038.633, 109
Trd, 259038.700, 118
Trd, 259039.217, 105
Trd, 259039.367, 132
Trd, 259039.517, 105
Trd, 259039.817, 131
Trd, 259039.883, 136
Trd, 259039.950, 113
Trd, 259040.383, 115
Trd, 259040.500, 113
Trd, 259040.550, 112
Trd, 259041.367, 116
Trd, 259041.383, 130
Trd, 259041.683, 100
Trd, 259042.283, 136
Trd, 259042.317, 128
Trd, 259042.650, 122
Trd, 259043.033, 105
Trd, 259043.283, 105
Trd, 259043.367, 112
Trd, 259043.417, 104
Trd, 259043.600, 116
Trd, 259043.750, 118
Trd, 259043.817, 117
Trd, 259044.500, 117
Trd, 259044.650, 115
Trd, 259044.733, 120
Trd, 259044.850, 114
Trd, 259044.867, 113
Trd, 259045.617, 103
Trd, 259045.850, 126
Trd, 259046.050, 100
Trd, 259046.083, 83
Trd, 259046.717, 77
Trd, 259046.900, 83
Trd, 259046.933, 84
Trd, 259047.317, 111
Trd, 259047.617, 139
Trd, 259047.967, 100
Trd, 259048.117, 101
Trd, 259048.133, 100
Trd, 259048.800, 137
Trd, 259048.833, 134
Trd, 259048.850, 112
Trd, 259049.583, 136
Trd, 259049.600, 125
Trd, 259049.783, 124
Trd, 259050.083, 126
Trd, 259050.133, 125
Trd, 259050.183, 124
Trd, 259050.200, 121
Trd, 259050.300, 114
Trd, 259050.550, 113
Trd, 259050.800, 121
Trd, 259050.950, 129
Trd, 259051.000, 118
Trd, 259051.133, 103
Trd, 259051.183, 125
Trd, 259051.200, 132
Trd, 259051.683, 113
Trd, 259052.100, 119
Trd, 259052.300, 112
Trd, 259052.967, 103
Trd, 259053.650, 138
Trd, 259053.983, 139
Trd, 259054.567, 140
Trd, 259054.700, 140
Trd, 259054.817, 139
Trd, 259055.617, 132
Trd, 259055.983, 134
Trd, 259056.017, 133
Trd, 259056.167, 134
Trd, 259056.317, 132
Trd, 259056.350, 131
Trd, 259056.367, 129
Trd, 259056.783, 109
Trd, 259056.900, 113
Trd, 259057.617, 113
Trd, 259057.783, 113
Trd, 259058.317, 113
Trd, 259058.583, 113
Trd, 259058.650, 121
Trd, 259058.683, 109
Trd, 259058.767, 133
Trd, 259058.917, 106
Trd, 259059.083, 95
Trd, 259060.067, 140
Trd, 259060.100, 137
Trd, 259060.267, 136
Trd, 259060.333, 140
Trd, 259060.417, 111
Trd, 259060.483, 122
Trd, 259060.533, 108
Trd, 259060.600, 105
Trd, 259060.900, 84
Trd, 259061.850, 98
Trd, 259061.867, 97
Trd, 259062.033, 137
Trd, 259062.417, 89
Trd, 259062.433, 88
Trd, 259062.733, 135
Trd, 259062.767, 80
Trd, 259063.100, 71
Trd, 259063.183, 98
Trd, 259063.217, 98
Trd, 259063.733, 112
Trd, 259063.817, 111
Trd, 259064.033, 103
Trd, 259064.133, 88
Trd, 259064.400, 114
Trd, 259065.050, 126
Trd, 259065.083, 125
Trd, 259065.383, 128
Trd, 259065.750, 117
Trd, 259065.900, 135
Trd, 259066.000, 113
Trd, 259066.217, 133
Trd, 259066.550, 140
Trd, 259066.583, 113
Trd, 259067.200, 107
Trd, 259067.283, 121
Trd, 259067.517, 125
Trd, 259067.633, 112
Trd, 259068.383, 131
Trd, 259068.533, 130
Trd, 259069.267, 116
Trd, 259069.533, 115
Trd, 259069.817, 130
Trd, 259069.867, 113
Trd, 259070.050, 109
Trd, 259070.083, 139
Trd, 259070.167, 97
Trd, 259070.283, 90
Trd, 259070.517, 77
Trd, 259070.783, 140
Trd, 259070.933, 135
Trd, 259070.967, 113
Trd, 259071.200, 89
Trd, 259071.500, 90
Trd, 259071.633, 125
Trd, 259072.100, 140
Trd, 259072.300, 140
Trd, 259072.350, 138
Trd, 259072.633, 140
Trd, 259072.917, 139
Trd, 259073.117, 138
Trd, 259073.317, 127
Trd, 259073.667, 140
Trd, 259073.950, 124
Trd, 259074.017, 124
Trd, 259074.483, 140
Trd, 259074.550, 135
Trd, 259074.783, 125
Trd, 259075.267, 135
Trd, 259075.367, 119
Trd, 259075.950, 139
Trd, 259076.583, 133
Trd, 259076.667, 133
Trd, 259077.050, 135
Trd, 259077.217, 120
Trd, 259077.300, 116
Trd, 259077.383, 137
Trd, 259077.400, 115
Trd, 259077.567, 105
Trd, 259077.650, 104
Trd, 259077.733, 123
Trd, 259077.867, 111
Trd, 259077.983, 110
Trd, 259078.083, 94
Trd, 259078.200, 139
Trd, 259078.400, 111
Trd, 259078.783, 139
Trd, 259079.000, 94
Trd, 259079.250, 95
Trd, 259079.317, 96
Trd, 259079.417, 103
Trd, 259079.800, 125
Trd, 259079.983, 129
Trd, 259080.050, 128
Trd, 259080.483, 114
Trd, 259080.550, 134
Trd, 259080.683, 114
Trd, 259080.717, 113
Trd, 259081.067, 114
Trd, 259081.250, 113
Trd, 259081.450, 112
Trd, 259081.917, 110
Trd, 259082.217, 90
Trd, 259082.250, 138
Trd, 259082.367, 103
Trd, 259083.767, 132
Trd, 259084.133, 132
Trd, 259084.767, 140
Trd, 259084.983, 140
Trd, 259085.783, 140
Trd, 259085.817, 140
Trd, 259085.850, 140
Trd, 259086.167, 138
Trd, 259086.300, 129
Trd, 259086.517, 136
Trd, 259086.700, 135
Trd, 259086.983, 117
Trd, 259087.317, 117
Trd, 259088.033, 118
Trd, 259088.483, 134
Trd, 259088.517, 124
Trd, 259088.767, 124
Trd, 259089.033, 140
Trd, 259089.400, 140
Trd, 259089.500, 115
Trd, 259089.767, 107
Trd, 259089.967, 131
Trd, 259090.183, 136
Trd, 259090.317, 135
Trd, 259090.333, 122
Trd, 259090.383, 120
Trd, 259090.800, 138
Trd, 259090.883, 137
Trd, 259091.350, 140
Trd, 259091.683, 140
Trd, 259091.817, 125
Trd, 259092.517, 134
Trd, 259092.550, 135
Trd, 259092.583, 112
Trd, 259092.950, 136
Trd, 259093.033, 129
Trd, 259093.183, 130
Trd, 259093.300, 103
Trd, 259093.533, 95
Trd, 259093.633, 117
Trd, 259093.667, 115
Trd, 259094.050, 126
Trd, 259094.183, 128
Trd, 259094.467, 131
Trd, 259094.533, 126
Trd, 259095.150, 128
Trd, 259095.267, 128
Trd, 259095.700, 128
Trd, 259095.817, 127
Trd, 259096.083, 122
Trd, 259096.283, 99
Trd, 259096.417, 89
Trd, 259096.683, 99
Trd, 259097.267, 118
Trd, 259097.833, 121
Trd, 259098.167, 106
Trd, 259098.567, 105
Trd, 259098.817, 133
Trd, 259098.850, 97
Trd, 259098.883, 133
Trd, 259098.900, 95
Trd, 259099.200, 100
Trd, 259099.600, 106
Trd, 259099.617, 99
Trd, 259100.283, 111
Trd, 259100.400, 100
Trd, 259100.633, 128
Trd, 259100.767, 121
Trd, 259101.517, 100
Trd, 259101.683, 98
Trd, 259101.750, 95
Trd, 259101.800, 91
Trd, 259101.817, 89
Trd, 259102.117, 82
Trd, 259102.617, 86
Trd, 259102.633, 82
Trd, 259102.700, 73
Trd, 259103.183, 101
Trd, 259103.267, 84
Trd, 259103.500, 105
Trd, 259104.033, 101
Trd, 259104.350, 89
Trd, 259104.500, 121
Trd, 259104.533, 122
Trd, 259104.617, 105
Trd, 259104.650, 88
Trd, 259104.833, 128
Trd, 259104.983, 85
Trd, 259105.000, 83
Trd, 259105.300, 130
Trd, 259105.450, 100
Trd, 259105.900, 113
Trd, 259106.283, 101
Trd, 259106.500, 112
Trd, 259106.517, 114
Trd, 259106.550, 97
Trd, 259106.817, 136
Trd, 259106.850, 131
Trd, 259107.250, 108
Trd, 259107.517, 119
Trd, 259107.683, 121
Trd, 259107.767, 116
Trd, 259107.883, 115
Trd, 259108.133, 109
Trd, 259108.233, 105
Trd, 259109.150, 121
Trd, 259109.283, 107
Trd, 259109.450, 93
Trd, 259109.500, 95
Trd, 259109.683, 95
Trd, 259109.900, 140
Trd, 259110.017, 127
Trd, 259110.100, 108
Trd, 259110.217, 117
Trd, 259110.383, 104
Trd, 259110.450, 104
Trd, 259111.200, 133
Trd, 259111.333, 135
Trd, 259111.700, 128
Trd, 259111.717, 127
Trd, 259112.100, 117
Trd, 259113.033, 136
Trd, 259113.200, 135
Trd, 259113.283, 134
Trd, 259113.383, 138
Trd, 259113.633, 123
Trd, 259113.783, 122
Trd, 259113.850, 121
Trd, 259114.000, 88
Trd, 259114.100, 87
Trd, 259114.533, 139
Trd, 259114.883, 122
Trd, 259115.283, 117
Trd, 259115.933, 140
Trd, 259116.067, 140
Trd, 259116.400, 140
Trd, 259116.483, 136
Trd, 259116.633, 129
Trd, 259116.867, 124
Trd, 259117.150, 135
Trd, 259117.200, 134
Trd, 259117.550, 105
Trd, 259117.683, 101
Trd, 259118.017, 101
Trd, 259118.067, 106
Trd, 259118.150, 132
Trd, 259118.733, 122
Trd, 259118.783, 113
Trd, 259119.117, 128
Trd, 259119.350, 127
Trd, 259119.533, 134
Trd, 259119.567, 126
Trd, 259119.717, 139
Trd, 259119.733, 125
Trd, 259119.883, 115
Trd, 259120.117, 94
Trd, 259120.383, 97
Trd, 259120.667, 89
Trd, 259120.850, 86
Trd, 259121.017, 85
Trd, 259121.133, 65
Trd, 259121.200, 113
Trd, 259122.917, 112
Trd, 259122.967, 118
Trd, 259123.117, 111
Trd, 259123.317, 120
Trd, 259123.400, 111
Trd, 259123.633, 130
Trd, 259123.650, 111
Trd, 259124.133, 110
Trd, 259124.250, 113
Trd, 259124.483, 113
Trd, 259124.517, 131
Trd, 259124.667, 109
Trd, 259124.850, 140
Trd, 259125.067, 137
Trd, 259125.733, 140
Trd, 259125.917, 139
Trd, 259126.017, 137
Trd, 259126.517, 137
Trd, 259126.883, 136
Trd, 259127.367, 104
Trd, 259127.550, 97
Trd, 259127.650, 95
Trd, 259127.783, 92
Trd, 259128.300, 117
Trd, 259128.333, 106
Trd, 259128.667, 118
Trd, 259128.850, 123
Trd, 259129.017, 140
Trd, 259129.333, 140
Trd, 259129.750, 140
Trd, 259130.050, 140
Trd, 259130.117, 139
Trd, 259130.300, 125
Trd, 259130.367, 122
Trd, 259130.750, 138
Trd, 259131.200, 140
Trd, 259131.517, 140
Trd, 259131.567, 139
Trd, 259131.600, 126
Trd, 259131.683, 111
Trd, 259132.133, 138
Trd, 259133.117, 139
Trd, 259133.433, 139
Trd, 259133.700, 129
Trd, 259133.867, 129
Trd, 259134.083, 128
Trd, 259134.750, 125
Trd, 259134.933, 124
Trd, 259135.067, 112
Trd, 259135.383, 121
Trd, 259135.550, 134
Trd, 259135.617, 106
Trd, 259135.767, 105
Trd, 259135.867, 133
Trd, 259135.917, 134
Trd, 259135.933, 135
Trd, 259135.983, 119
Trd, 259136.383, 106
Trd, 259136.700, 105
Trd, 259136.817, 139
Trd, 259136.950, 104
Trd, 259137.117, 102
Trd, 259137.133, 81
Trd, 259137.283, 79
Trd, 259137.417, 78
Trd, 259137.683, 94
Trd, 259138.300, 100
Trd, 259138.383, 101
Trd, 259138.400, 90
Trd, 259138.567, 102
Trd, 259138.633, 95
Trd, 259139.000, 135
Trd, 259139.183, 139
Trd, 259139.267, 91
Trd, 259139.550, 90
Trd, 259139.717, 90
Trd, 259139.983, 114
Trd, 259140.750, 116
Trd, 259140.783, 139
Trd, 259141.400, 128
Trd, 259142.050, 134
Trd, 259142.100, 138
Trd, 259142.133, 140
Trd, 259142.183, 129
Trd, 259142.433, 137
Trd, 259142.500, 140
Trd, 259142.800, 137
Trd, 259143.433, 137
Trd, 259144.033, 133
Trd, 259144.433, 133
Trd, 259144.583, 133
Trd, 259144.617, 140
Trd, 259144.833, 128
Trd, 259144.950, 126
Trd, 259145.267, 113
Trd, 259145.517, 111
Trd, 259145.883, 140
Trd, 259146.150, 139
Trd, 259146.383, 106
Trd, 259146.450, 92
Trd, 259146.850, 110
Trd, 259147.250, 136
Trd, 259147.400, 140
Trd, 259147.667, 130
Trd, 259147.783, 121
Trd, 259147.983, 111
Trd, 259148.250, 125
Trd, 259148.700, 130
Trd, 259148.850, 120
Trd, 259149.017, 130
Trd, 259149.117, 113
Trd, 259149.133, 105
Trd, 259149.583, 95
Trd, 259149.867, 130
Trd, 259150.017, 125
Trd, 259150.167, 124
Trd, 259150.783, 136
Trd, 259151.383, 137
Trd, 259151.417, 136
Trd, 259151.567, 135
Trd, 259151.583, 135
Trd, 259151.617, 125
Trd, 259151.650, 124
Trd, 259151.733, 107
Trd, 259152.183, 127
Trd, 259152.433, 127
Trd, 259153.233, 140
Trd, 259153.300, 140
Trd, 259153.433, 126
Trd, 259153.800, 124
Trd, 259154.200, 134
Trd, 259154.617, 135
Trd, 259155.283, 136
Trd, 259155.417, 133
Trd, 259155.600, 125
Trd, 259155.783, 140
Trd, 259156.017, 131
Trd, 259156.317, 124
Trd, 259157.100, 138
Trd, 259157.300, 119
Trd, 259157.317, 118
Trd, 259157.400, 118
Trd, 259158.017, 117
Trd, 259158.183, 113
Trd, 259158.200, 112
Trd, 259158.400, 118
Trd, 259158.683, 108
Trd, 259159.000, 104
Trd, 259159.567, 140
Trd, 259159.683, 121
Trd, 259159.917, 103
Trd, 259160.017, 101
Trd, 259160.067, 94
Trd, 259160.317, 66
Trd, 259160.467, 109
Trd, 259160.900, 128
Trd, 259161.317, 97
Trd, 259161.383, 96
Trd, 259161.650, 127
Trd, 259161.767, 129
Trd, 259161.883, 107
Trd, 259162.050, 91
Trd, 259162.233, 136
Trd, 259162.583, 137
Trd, 259162.633, 136
Trd, 259162.817, 128
Trd, 259163.133, 116
Trd, 259163.233, 132
Trd, 259163.700, 134
Trd, 259164.133, 105
Trd, 259164.333, 128
Trd, 259164.467, 128
Trd, 259164.550, 135
Trd, 259164.800, 139
Trd, 259165.067, 139
Trd, 259165.167, 137
Trd, 259165.233, 117
Trd, 259165.483, 113
Trd, 259165.533, 111
Trd, 259165.717, 114
Trd, 259166.450, 139
Trd, 259167.000, 119
Trd, 259167.067, 118
Trd, 259167.150, 117
Trd, 259167.283, 114
Trd, 259167.367, 136
Trd, 259168.117, 129
Trd, 259168.333, 123
Trd, 259168.683, 133
Trd, 259168.983, 121
Trd, 259169.133, 133
Trd, 259169.167, 129
Trd, 259169.233, 134
Trd, 259169.317, 96
Trd, 259169.800, 109
Trd, 259169.933, 95
Trd, 259169.983, 82
Trd, 259170.150, 91
Trd, 259170.417, 96
Trd, 259170.483, 62
Trd, 259170.933, 111
Trd, 259171.233, 80
Trd, 259171.267, 104
Trd, 259171.367, 127
Trd, 259171.650, 94
Trd, 259171.817, 94
Trd, 259171.833, 112
Trd, 259172.000, 91
Trd, 259172.033, 95
Trd, 259172.350, 113
Trd, 259172.517, 103
Trd, 259172.833, 95
Trd, 259172.850, 94
Trd, 259173.483, 120
Trd, 259174.283, 122
Trd, 259174.367, 112
Trd, 259174.500, 123
Trd, 259174.833, 104
Trd, 259175.433, 80
Trd, 259175.517, 78
Trd, 259175.567, 97
Trd, 259175.600, 79
Trd, 259175.667, 140
Trd, 259175.883, 94
Trd, 259176.150, 104
Trd, 259176.183, 105
Trd, 259176.533, 124
Trd, 259176.683, 88
Trd, 259177.400, 99
Trd, 259178.267, 117
Trd, 259178.333, 105
Trd, 259178.383, 99
Trd, 259178.400, 112
Trd, 259178.683, 108
Trd, 259178.750, 98
Trd, 259178.983, 134
Trd, 259179.400, 140
Trd, 259179.517, 140
Trd, 259179.683, 140
Trd, 259180.400, 140
Trd, 259180.600, 140
Trd, 259180.900, 138
Trd, 259180.917, 129
Trd, 259181.217, 129
Trd, 259181.517, 126
Trd, 259182.017, 123
Trd, 259182.067, 134
Trd, 259182.083, 122
Trd, 259182.100, 135
Trd, 259182.167, 120
Trd, 259182.433, 136
Trd, 259182.800, 119
Trd, 259183.067, 115
Trd, 259183.367, 114
Trd, 259183.400, 132
Trd, 259184.583, 134
Trd, 259184.733, 113
Trd, 259184.917, 138
Trd, 259184.967, 134
Trd, 259184.983, 127
Trd, 259185.100, 112
Trd, 259185.217, 109
Trd, 259185.417, 108
Trd, 259185.517, 92
Trd, 259185.900, 118
Trd, 259185.933, 115
Trd, 259186.267, 114
Trd, 259186.583, 138
Trd, 259186.717, 125
Trd, 259187.133, 140
Trd, 259187.200, 140
Trd, 259187.283, 130
Trd, 259188.100, 136
Trd, 259188.117, 135
Trd, 259188.567, 135
Trd, 259188.733, 140
Trd, 259188.750, 140
Trd, 259189.200, 134
Trd, 259189.300, 129
Trd, 259189.367, 129
Trd, 259189.433, 121
Trd, 259190.067, 121
Trd, 259190.517, 120
Trd, 259190.583, 117
Trd, 259190.783, 128
Trd, 259190.867, 107
Trd, 259191.133, 87
Trd, 259191.167, 75
Trd, 259191.517, 113
Trd, 259191.650, 115
Trd, 259192.000, 104
Trd, 259192.167, 106
Trd, 259192.300, 103
Trd, 259192.317, 100
Trd, 259193.433, 91
Trd, 259193.450, 90
Trd, 259193.600, 112
Trd, 259193.850, 60
Trd, 259193.900, 113
Trd, 259194.033, 127
Trd, 259194.433, 71
Trd, 259194.550, 123
Trd, 259194.717, 117
Trd, 259194.733, 75
Trd, 259194.900, 65
Trd, 259195.317, 83
Trd, 259195.367, 79
Trd, 259195.600, 83
Trd, 259195.617, 122
Trd, 259195.667, 123
Trd, 259195.750, 78
Trd, 259196.050, 137
Trd, 259196.400, 63
Trd, 259196.883, 98
Trd, 259196.967, 108
Trd, 259197.100, 64
Trd, 259197.200, 62
Trd, 259197.250, 117
Trd, 259197.500, 120
Trd, 259197.900, 97
Trd, 259197.933, 96
Trd, 259198.133, 98
Trd, 259198.717, 112
Trd, 259198.933, 108
