Trd, 258589.950, 127
Trd, 258590.000, 126
Trd, 258590.100, 132
Trd, 258590.817, 125
Trd, 258591.033, 126
Trd, 258591.183, 133
Trd, 258591.500, 129
Trd, 258591.833, 135
Trd, 258591.900, 129
Trd, 258591.950, 128
Trd, 258592.017, 125
Trd, 258592.067, 124
Trd, 258592.400, 129
Trd, 258592.417, 130
Trd, 258592.467, 120
Trd, 258592.750, 120
Trd, 258592.767, 119
Trd, 258592.867, 118
Trd, 258592.900, 112
Trd, 258592.950, 109
Trd, 258593.083, 94
Trd, 258593.600, 83
Trd, 258593.633, 82
Trd, 258594.000, 114
Trd, 258594.100, 115
Trd, 258594.467, 109
Trd, 258594.500, 113
Trd, 258594.650, 107
Trd, 258595.483, 98
Trd, 258595.583, 97
Trd, 258595.633, 65
Trd, 258595.783, 96
Trd, 258595.883, 67
Trd, 258595.900, 96
Trd, 258596.150, 64
Trd, 258596.367, 63
Trd, 258596.383, 62
Trd, 258596.633, 64
Trd, 258597.550, 137
Trd, 258597.567, 121
Trd, 258598.033, 104
Trd, 258598.283, 139
Trd, 258598.717, 139
Trd, 258598.817, 133
Trd, 258598.900, 132
Trd, 258599.067, 138
Trd, 258599.200, 131
Trd, 258599.383, 139
Trd, 258599.650, 109
Trd, 258599.667, 107
Trd, 258600.550, 139
Trd, 258600.833, 139
Trd, 258600.850, 140
Trd, 258600.917, 138
Trd, 258600.983, 119
Trd, 258601.567, 124
Trd, 258601.800, 124
Trd, 258601.967, 123
Trd, 258602.117, 135
Trd, 258602.317, 123
Trd, 258602.767, 119
Trd, 258602.917, 132
Trd, 258603.100, 132
Trd, 258603.317, 128
Trd, 258603.383, 119
Trd, 258603.400, 118
Trd, 258603.517, 130
Trd, 258603.667, 115
Trd, 258603.767, 129
Trd, 258604.350, 128
Trd, 258604.517, 117
Trd, 258604.750, 128
Trd, 258604.967, 125
Trd, 258605.450, 117
Trd, 258605.483, 128
Trd, 258605.533, 116
Trd, 258605.733, 116
Trd, 258606.167, 105
Trd, 258606.733, 136
Trd, 258606.883, 140
Trd, 258607.300, 137
Trd, 258607.850, 140
Trd, 258607.950, 140
Trd, 258608.083, 140
Trd, 258608.700, 140
Trd, 258608.783, 121
Trd, 258609.050, 124
Trd, 258609.300, 134
Trd, 258609.600, 140
Trd, 258609.667, 140
Trd, 258610.050, 133
Trd, 258610.083, 127
Trd, 258610.433, 125
Trd, 258611.517, 140
Trd, 258611.633, 139
Trd, 258611.750, 139
Trd, 258611.783, 138
Trd, 258612.067, 130
Trd, 258612.550, 131
Trd, 258612.717, 131
Trd, 258613.033, 128
Trd, 258613.050, 131
Trd, 258613.133, 132
Trd, 258613.417, 131
Trd, 258613.600, 132
Trd, 258613.683, 112
Trd, 258613.800, 111
Trd, 258613.983, 109
Trd, 258614.117, 126
Trd, 258614.233, 103
Trd, 258614.500, 125
Trd, 258614.917, 102
Trd, 258615.267, 101
Trd, 258615.317, 123
Trd, 258615.350, 100
Trd, 258615.450, 124
Trd, 258615.600, 79
Trd, 258615.950, 140
Trd, 258616.367, 102
Trd, 258616.800, 105
Trd, 258617.083, 120
Trd, 258617.200, 120
Trd, 258617.250, 118
Trd, 258617.417, 105
Trd, 258617.667, 131
Trd, 258617.950, 116
Trd, 258618.200, 115
Trd, 258618.467, 100
Trd, 258618.550, 99
Trd, 258618.667, 98
Trd, 258618.867, 82
Trd, 258619.100, 78
Trd, 258619.633, 62
Trd, 258619.733, 84
Trd, 258619.800, 85
Trd, 258620.000, 86
Trd, 258620.100, 84
Trd, 258620.250, 91
Trd, 258620.333, 84
Trd, 258620.350, 92
Trd, 258620.517, 84
Trd, 258620.833, 86
Trd, 258620.883, 118
Trd, 258621.117, 139
Trd, 258621.367, 139
Trd, 258621.433, 138
Trd, 258621.950, 120
Trd, 258622.233, 127
Trd, 258622.733, 115
Trd, 258623.683, 140
Trd, 258623.717, 140
Trd, 258623.850, 140
Trd, 258623.867, 140
Trd, 258624.283, 139
Trd, 258624.317, 138
Trd, 258624.367, 129
Trd, 258624.583, 123
Trd, 258624.800, 137
Trd, 258625.017, 118
Trd, 258625.150, 129
Trd, 258625.517, 136
Trd, 258625.633, 125
Trd, 258626.083, 130
Trd, 258626.250, 136
Trd, 258626.367, 126
Trd, 258626.567, 125
Trd, 258626.917, 125
Trd, 258627.283, 124
Trd, 258627.733, 123
Trd, 258627.783, 134
Trd, 258628.050, 112
Trd, 258628.283, 129
Trd, 258628.317, 104
Trd, 258628.350, 103
Trd, 258629.233, 119
Trd, 258629.317, 88
Trd, 258629.783, 81
Trd, 258629.817, 89
Trd, 258630.167, 116
Trd, 258630.483, 110
Trd, 258630.717, 110
Trd, 258630.850, 114
Trd, 258630.917, 114
Trd, 258630.967, 109
Trd, 258631.067, 103
Trd, 258631.217, 99
Trd, 258631.300, 114
Trd, 258631.433, 71
Trd, 258631.717, 89
Trd, 258632.300, 84
Trd, 258632.533, 106
Trd, 258632.783, 107
Trd, 258632.933, 74
Trd, 258633.250, 92
Trd, 258633.650, 112
Trd, 258633.733, 126
Trd, 258634.217, 140
Trd, 258634.400, 140
Trd, 258634.483, 139
Trd, 258634.633, 138
Trd, 258634.850, 131
Trd, 258634.950, 140
Trd, 258635.000, 132
Trd, 258635.267, 140
Trd, 258635.617, 131
Trd, 258636.033, 127
Trd, 258636.083, 126
Trd, 258636.450, 130
Trd, 258636.517, 113
Trd, 258636.867, 113
Trd, 258636.917, 112
Trd, 258637.167, 128
Trd, 258637.350, 129
Trd, 258637.667, 113
Trd, 258638.217, 120
Trd, 258638.250, 110
Trd, 258638.333, 123
Trd, 258638.567, 123
Trd, 258638.650, 121
Trd, 258638.717, 102
Trd, 258638.933, 79
Trd, 258639.267, 76
Trd, 258639.500, 73
Trd, 258640.083, 85
Trd, 258640.133, 73
Trd, 258640.400, 85
Trd, 258640.483, 75
Trd, 258640.567, 86
Trd, 258641.100, 118
Trd, 258641.650, 140
Trd, 258642.017, 140
Trd, 258642.367, 140
Trd, 258642.583, 140
Trd, 258642.683, 140
Trd, 258642.717, 140
Trd, 258642.800, 140
Trd, 258642.833, 140
Trd, 258642.867, 140
Trd, 258642.950, 140
Trd, 258643.000, 135
Trd, 258643.350, 138
Trd, 258643.400, 139
Trd, 258643.717, 140
Trd, 258643.783, 134
Trd, 258643.883, 133
Trd, 258643.950, 132
Trd, 258644.167, 137
Trd, 258644.467, 131
Trd, 258644.600, 135
Trd, 258644.733, 114
Trd, 258645.383, 140
Trd, 258645.400, 140
Trd, 258645.500, 123
Trd, 258646.200, 138
Trd, 258646.317, 135
Trd, 258646.633, 135
Trd, 258647.000, 134
Trd, 258647.200, 140
Trd, 258647.983, 139
Trd, 258648.633, 140
Trd, 258648.950, 140
Trd, 258649.067, 140
Trd, 258649.083, 140
Trd, 258649.100, 136
Trd, 258649.850, 116
Trd, 258649.983, 126
Trd, 258650.000, 115
Trd, 258650.200, 83
Trd, 258650.250, 123
Trd, 258650.383, 80
Trd, 258650.417, 126
Trd, 258650.633, 93
Trd, 258651.000, 73
Trd, 258651.100, 125
Trd, 258651.683, 101
Trd, 258651.983, 93
Trd, 258652.050, 102
Trd, 258652.133, 102
Trd, 258652.267, 78
Trd, 258652.417, 78
Trd, 258652.483, 77
Trd, 258652.700, 128
Trd, 258653.017, 140
Trd, 258653.150, 140
Trd, 258653.367, 86
Trd, 258654.183, 139
Trd, 258654.617, 132
Trd, 258654.817, 130
Trd, 258655.033, 131
Trd, 258655.300, 130
Trd, 258655.550, 132
Trd, 258655.567, 134
Trd, 258655.683, 133
Trd, 258656.100, 131
Trd, 258656.133, 130
Trd, 258656.250, 140
Trd, 258656.300, 128
Trd, 258656.317, 125
Trd, 258656.417, 79
Trd, 258656.817, 111
Trd, 258656.900, 138
Trd, 258657.350, 132
Trd, 258657.583, 134
Trd, 258657.700, 132
Trd, 258658.283, 124
Trd, 258658.767, 124
Trd, 258658.933, 130
Trd, 258658.967, 123
Trd, 258659.233, 123
Trd, 258659.417, 120
Trd, 258659.633, 119
Trd, 258659.650, 118
Trd, 258659.950, 117
Trd, 258660.017, 97
Trd, 258660.150, 118
Trd, 258660.200, 122
Trd, 258660.400, 112
Trd, 258661.050, 96
Trd, 258661.317, 94
Trd, 258661.333, 93
Trd, 258661.400, 82
Trd, 258661.433, 81
Trd, 258661.550, 89
Trd, 258661.633, 90
Trd, 258661.683, 91
Trd, 258661.967, 60
Trd, 258662.033, 61
Trd, 258662.900, 60
Trd, 258663.000, 62
Trd, 258663.067, 63
Trd, 258663.117, 65
Trd, 258663.333, 80
Trd, 258663.367, 122
Trd, 258663.800, 124
Trd, 258664.367, 98
Trd, 258664.500, 98
Trd, 258664.617, 140
Trd, 258664.650, 132
Trd, 258665.050, 123
Trd, 258665.067, 124
Trd, 258665.267, 98
Trd, 258665.433, 86
Trd, 258665.483, 76
Trd, 258665.717, 123
Trd, 258665.867, 124
Trd, 258666.267, 60
Trd, 258666.467, 62
Trd, 258666.533, 124
Trd, 258666.600, 138
Trd, 258666.883, 139
Trd, 258667.267, 140
Trd, 258667.483, 140
Trd, 258667.567, 139
Trd, 258667.650, 138
Trd, 258667.867, 94
Trd, 258668.033, 95
Trd, 258668.267, 79
Trd, 258668.717, 125
Trd, 258668.733, 126
Trd, 258669.033, 140
Trd, 258669.267, 140
Trd, 258669.300, 139
Trd, 258670.967, 140
Trd, 258671.017, 140
Trd, 258671.167, 140
Trd, 258671.317, 140
Trd, 258671.433, 140
Trd, 258671.583, 140
Trd, 258671.667, 139
Trd, 258671.867, 138
Trd, 258672.050, 137
Trd, 258672.433, 136
Trd, 258672.567, 137
Trd, 258672.583, 136
Trd, 258672.767, 130
Trd, 258673.300, 134
Trd, 258673.400, 132
Trd, 258673.550, 132
Trd, 258673.917, 133
Trd, 258673.983, 128
Trd, 258674.050, 119
Trd, 258674.133, 136
Trd, 258674.317, 115
Trd, 258674.750, 108
Trd, 258675.133, 139
Trd, 258675.467, 132
Trd, 258675.900, 115
Trd, 258676.017, 139
Trd, 258676.333, 140
Trd, 258676.400, 140
Trd, 258676.833, 133
Trd, 258677.000, 134
Trd, 258677.083, 133
Trd, 258677.100, 132
Trd, 258677.250, 128
Trd, 258677.417, 112
Trd, 258677.867, 119
Trd, 258678.017, 129
Trd, 258678.150, 130
Trd, 258678.383, 119
Trd, 258678.650, 127
Trd, 258678.717, 118
Trd, 258678.733, 109
Trd, 258678.900, 129
Trd, 258679.050, 130
Trd, 258679.483, 133
Trd, 258679.767, 132
Trd, 258679.983, 125
Trd, 258680.217, 133
Trd, 258680.500, 125
Trd, 258680.600, 108
Trd, 258681.000, 140
Trd, 258681.117, 129
Trd, 258681.583, 117
Trd, 258681.617, 96
Trd, 258681.733, 93
Trd, 258681.917, 106
Trd, 258682.400, 138
Trd, 258683.000, 140
Trd, 258683.083, 117
Trd, 258683.167, 116
Trd, 258683.550, 110
Trd, 258684.300, 137
Trd, 258684.333, 140
Trd, 258684.850, 135
Trd, 258685.050, 136
Trd, 258685.133, 123
Trd, 258685.317, 119
Trd, 258685.983, 119
Trd, 258686.050, 133
Trd, 258686.067, 118
Trd, 258686.200, 117
Trd, 258686.350, 91
Trd, 258686.783, 130
Trd, 258687.133, 117
Trd, 258687.283, 118
Trd, 258687.350, 118
Trd, 258687.367, 117
Trd, 258687.633, 127
Trd, 258687.667, 128
Trd, 258687.767, 128
Trd, 258687.783, 129
Trd, 258687.900, 134
Trd, 258687.933, 117
Trd, 258688.917, 140
Trd, 258688.933, 139
Trd, 258688.983, 139
Trd, 258689.733, 106
Trd, 258689.950, 114
Trd, 258690.183, 124
Trd, 258690.283, 113
Trd, 258690.300, 136
Trd, 258690.533, 137
Trd, 258691.133, 107
Trd, 258691.667, 102
Trd, 258691.700, 91
Trd, 258692.367, 111
Trd, 258692.500, 125
Trd, 258692.550, 125
Trd, 258692.567, 110
Trd, 258692.600, 109
Trd, 258692.833, 114
Trd, 258692.867, 110
Trd, 258692.967, 94
Trd, 258693.000, 125
Trd, 258693.033, 126
Trd, 258693.200, 124
Trd, 258693.283, 123
Trd, 258693.300, 129
Trd, 258693.500, 82
Trd, 258693.633, 86
Trd, 258693.933, 87
Trd, 258694.533, 140
Trd, 258694.850, 119
Trd, 258694.983, 95
Trd, 258695.767, 140
Trd, 258696.133, 140
Trd, 258696.150, 140
Trd, 258696.367, 140
Trd, 258696.417, 139
Trd, 258696.917, 132
Trd, 258696.983, 124
Trd, 258697.050, 138
Trd, 258697.167, 124
Trd, 258697.283, 122
Trd, 258697.583, 121
Trd, 258697.767, 124
Trd, 258697.817, 120
Trd, 258698.550, 119
Trd, 258698.867, 119
Trd, 258698.983, 118
Trd, 258699.417, 122
Trd, 258699.483, 125
Trd, 258699.983, 120
Trd, 258700.017, 103
Trd, 258700.250, 122
Trd, 258700.333, 113
Trd, 258700.617, 102
Trd, 258700.850, 118
Trd, 258700.883, 119
Trd, 258701.000, 103
Trd, 258701.133, 111
Trd, 258701.267, 103
Trd, 258701.450, 102
Trd, 258701.983, 82
Trd, 258702.133, 111
Trd, 258702.250, 113
Trd, 258702.400, 82
Trd, 258702.500, 111
Trd, 258702.533, 113
Trd, 258702.683, 114
Trd, 258702.833, 104
Trd, 258702.883, 83
Trd, 258702.967, 110
Trd, 258703.067, 93
Trd, 258703.100, 81
Trd, 258703.150, 111
Trd, 258703.417, 121
Trd, 258703.533, 78
Trd, 258704.133, 84
Trd, 258704.200, 78
Trd, 258704.400, 102
Trd, 258704.500, 130
Trd, 258705.317, 140
Trd, 258707.117, 140
Trd, 258707.250, 140
Trd, 258707.367, 140
Trd, 258707.383, 140
Trd, 258707.483, 140
Trd, 258707.783, 140
Trd, 258707.800, 140
Trd, 258708.550, 136
Trd, 258708.650, 132
Trd, 258708.683, 122
Trd, 258708.750, 121
Trd, 258708.767, 134
Trd, 258708.833, 105
Trd, 258708.967, 133
Trd, 258709.250, 134
Trd, 258709.400, 98
Trd, 258709.733, 112
Trd, 258709.950, 128
Trd, 258710.033, 109
Trd, 258710.317, 130
Trd, 258710.383, 133
Trd, 258710.617, 136
Trd, 258710.800, 98
Trd, 258711.017, 139
Trd, 258711.033, 97
Trd, 258711.200, 98
Trd, 258711.750, 119
Trd, 258711.867, 118
Trd, 258711.933, 137
Trd, 258712.317, 139
Trd, 258712.583, 128
Trd, 258712.767, 133
Trd, 258713.183, 133
Trd, 258713.333, 132
Trd, 258713.450, 127
Trd, 258713.733, 128
Trd, 258713.933, 127
Trd, 258713.950, 126
Trd, 258714.483, 126
Trd, 258714.550, 114
Trd, 258714.617, 114
Trd, 258714.700, 128
Trd, 258714.767, 117
Trd, 258715.200, 128
Trd, 258715.283, 111
Trd, 258715.700, 124
Trd, 258715.917, 123
Trd, 258715.967, 123
Trd, 258716.167, 117
Trd, 258716.300, 99
Trd, 258716.383, 98
Trd, 258716.433, 97
Trd, 258716.933, 110
Trd, 258717.283, 87
Trd, 258717.550, 86
Trd, 258717.617, 93
Trd, 258717.717, 94
Trd, 258717.750, 81
Trd, 258717.850, 97
Trd, 258717.883, 120
Trd, 258718.000, 92
Trd, 258718.217, 103
Trd, 258718.283, 128
Trd, 258718.783, 140
Trd, 258719.100, 140
Trd, 258719.650, 91
Trd, 258719.800, 87
Trd, 258719.950, 134
Trd, 258720.050, 85
Trd, 258720.117, 135
Trd, 258720.500, 136
Trd, 258720.800, 71
Trd, 258721.150, 85
Trd, 258721.500, 85
Trd, 258721.617, 139
Trd, 258721.933, 119
Trd, 258722.000, 139
Trd, 258722.033, 123
Trd, 258722.817, 124
Trd, 258722.900, 123
Trd, 258723.200, 127
Trd, 258723.367, 125
Trd, 258723.617, 117
Trd, 258723.650, 116
Trd, 258723.733, 99
Trd, 258724.050, 97
Trd, 258724.117, 98
Trd, 258724.200, 117
Trd, 258724.217, 134
Trd, 258724.400, 135
Trd, 258724.567, 135
Trd, 258725.483, 140
Trd, 258725.817, 140
Trd, 258725.867, 140
Trd, 258726.367, 126
Trd, 258726.650, 140
Trd, 258726.683, 125
Trd, 258726.883, 119
Trd, 258727.367, 122
Trd, 258727.400, 122
Trd, 258727.500, 122
Trd, 258727.700, 123
Trd, 258727.800, 122
Trd, 258727.917, 123
Trd, 258727.933, 121
Trd, 258728.017, 123
Trd, 258728.200, 124
Trd, 258728.450, 124
Trd, 258728.500, 121
Trd, 258728.783, 92
Trd, 258728.967, 81
Trd, 258729.133, 124
Trd, 258729.500, 71
Trd, 258729.883, 106
Trd, 258730.117, 116
Trd, 258730.333, 111
Trd, 258730.400, 116
Trd, 258730.650, 103
Trd, 258730.667, 97
Trd, 258730.767, 95
Trd, 258730.933, 116
Trd, 258730.983, 117
Trd, 258731.617, 96
Trd, 258731.817, 118
Trd, 258732.267, 140
Trd, 258732.517, 139
Trd, 258732.917, 123
Trd, 258733.733, 127
Trd, 258733.750, 126
Trd, 258733.833, 125
Trd, 258733.850, 124
Trd, 258734.483, 125
Trd, 258734.500, 126
Trd, 258734.733, 125
Trd, 258734.917, 122
Trd, 258735.217, 118
Trd, 258735.517, 134
Trd, 258735.633, 127
Trd, 258735.650, 117
Trd, 258736.000, 127
Trd, 258736.083, 118
Trd, 258737.133, 126
Trd, 258737.417, 131
Trd, 258737.683, 130
Trd, 258737.717, 131
Trd, 258738.017, 129
Trd, 258738.050, 131
Trd, 258738.067, 123
Trd, 258738.133, 122
Trd, 258738.400, 126
Trd, 258738.483, 114
Trd, 258738.567, 113
Trd, 258738.700, 104
Trd, 258738.767, 101
Trd, 258739.333, 110
Trd, 258739.633, 110
Trd, 258740.283, 122
Trd, 258740.367, 121
Trd, 258740.550, 101
Trd, 258740.867, 108
Trd, 258741.033, 123
Trd, 258741.150, 124
Trd, 258741.333, 116
Trd, 258741.367, 122
Trd, 258741.383, 115
Trd, 258741.867, 117
Trd, 258742.167, 117
Trd, 258742.383, 116
Trd, 258742.400, 104
Trd, 258742.717, 117
Trd, 258742.783, 105
Trd, 258742.917, 104
Trd, 258743.033, 118
Trd, 258743.167, 104
Trd, 258743.217, 103
Trd, 258743.300, 106
Trd, 258743.483, 98
Trd, 258743.517, 95
Trd, 258743.583, 74
Trd, 258743.900, 99
Trd, 258743.933, 104
Trd, 258744.067, 117
Trd, 258744.350, 99
Trd, 258744.533, 96
Trd, 258744.783, 116
Trd, 258745.283, 64
Trd, 258745.350, 74
Trd, 258745.533, 118
Trd, 258745.967, 124
Trd, 258746.433, 93
Trd, 258747.033, 115
Trd, 258747.267, 137
Trd, 258747.400, 130
Trd, 258748.067, 140
Trd, 258748.533, 140
Trd, 258748.550, 140
Trd, 258748.617, 140
Trd, 258749.117, 140
Trd, 258749.483, 140
Trd, 258749.567, 140
Trd, 258749.583, 140
Trd, 258750.017, 140
Trd, 258750.467, 134
Trd, 258750.583, 133
Trd, 258750.600, 139
Trd, 258751.033, 135
Trd, 258751.367, 135
Trd, 258751.433, 134
Trd, 258751.467, 130
Trd, 258751.683, 136
Trd, 258752.250, 134
Trd, 258752.317, 132
Trd, 258752.617, 131
Trd, 258752.633, 129
Trd, 258752.683, 118
Trd, 258752.700, 134
Trd, 258752.767, 135
Trd, 258753.000, 119
Trd, 258753.450, 131
Trd, 258753.500, 104
Trd, 258753.650, 105
Trd, 258753.933, 129
Trd, 258753.950, 126
Trd, 258754.750, 118
Trd, 258755.233, 126
Trd, 258755.300, 117
Trd, 258755.467, 116
Trd, 258755.783, 130
Trd, 258755.867, 116
Trd, 258756.667, 140
Trd, 258756.800, 140
Trd, 258757.250, 140
Trd, 258757.383, 139
Trd, 258757.400, 139
Trd, 258757.950, 140
Trd, 258758.300, 140
Trd, 258758.467, 140
Trd, 258758.783, 139
Trd, 258758.967, 132
Trd, 258759.383, 126
Trd, 258759.567, 124
Trd, 258760.050, 124
Trd, 258760.067, 132
Trd, 258760.200, 123
Trd, 258760.267, 107
Trd, 258760.467, 133
Trd, 258760.700, 131
Trd, 258761.100, 131
Trd, 258761.367, 135
Trd, 258761.383, 106
Trd, 258761.600, 132
Trd, 258762.117, 107
Trd, 258762.233, 129
Trd, 258762.267, 133
Trd, 258762.467, 106
Trd, 258762.867, 124
Trd, 258763.067, 134
Trd, 258763.183, 133
Trd, 258763.250, 104
Trd, 258763.550, 122
Trd, 258763.750, 133
Trd, 258763.850, 103
Trd, 258763.917, 103
Trd, 258764.167, 112
Trd, 258764.200, 134
Trd, 258764.217, 102
Trd, 258764.267, 135
Trd, 258765.767, 140
Trd, 258766.100, 140
Trd, 258766.483, 140
Trd, 258766.500, 140
Trd, 258766.533, 140
Trd, 258767.333, 140
Trd, 258767.633, 140
Trd, 258768.033, 140
Trd, 258768.350, 140
Trd, 258768.483, 134
Trd, 258768.583, 129
Trd, 258768.717, 135
Trd, 258768.950, 127
Trd, 258769.017, 119
Trd, 258769.100, 115
Trd, 258769.133, 114
Trd, 258769.417, 131
Trd, 258769.517, 113
Trd, 258769.783, 102
Trd, 258769.950, 104
Trd, 258770.100, 101
Trd, 258770.200, 97
Trd, 258770.233, 103
Trd, 258770.467, 104
Trd, 258770.567, 105
Trd, 258770.950, 124
Trd, 258771.050, 123
Trd, 258771.483, 136
Trd, 258771.550, 119
Trd, 258771.583, 114
Trd, 258773.033, 140
Trd, 258773.400, 140
Trd, 258773.483, 140
Trd, 258773.683, 140
Trd, 258774.167, 140
Trd, 258774.483, 140
Trd, 258774.933, 140
Trd, 258774.967, 140
Trd, 258774.983, 140
Trd, 258775.067, 140
Trd, 258775.317, 140
Trd, 258775.350, 140
Trd, 258775.483, 139
Trd, 258776.283, 137
Trd, 258776.433, 139
Trd, 258776.600, 137
Trd, 258776.867, 135
Trd, 258777.000, 129
Trd, 258777.133, 138
Trd, 258777.150, 139
Trd, 258777.200, 120
Trd, 258777.283, 119
Trd, 258777.583, 135
Trd, 258777.717, 113
Trd, 258777.783, 110
Trd, 258778.133, 115
Trd, 258778.633, 125
Trd, 258778.667, 96
Trd, 258778.767, 86
Trd, 258778.850, 127
Trd, 258778.967, 78
Trd, 258779.167, 73
Trd, 258779.200, 128
Trd, 258779.467, 129
Trd, 258779.683, 104
Trd, 258779.900, 96
Trd, 258780.283, 125
Trd, 258781.150, 116
Trd, 258781.283, 115
Trd, 258781.433, 118
Trd, 258781.467, 119
Trd, 258781.483, 121
Trd, 258781.533, 114
Trd, 258781.667, 122
Trd, 258781.933, 113
Trd, 258782.217, 98
Trd, 258782.333, 117
Trd, 258782.550, 116
Trd, 258782.733, 117
Trd, 258782.850, 97
Trd, 258782.900, 94
Trd, 258783.033, 81
Trd, 258783.117, 80
Trd, 258783.233, 123
Trd, 258783.300, 102
Trd, 258783.800, 78
Trd, 258784.883, 60
Trd, 258785.183, 60
Trd, 258785.333, 60
Trd, 258785.633, 60
Trd, 258785.667, 60
Trd, 258785.717, 60
Trd, 258785.933, 60
Trd, 258786.450, 60
Trd, 258786.467, 60
Trd, 258786.650, 60
Trd, 258786.800, 60
Trd, 258786.917, 60
Trd, 258786.967, 60
Trd, 258787.183, 62
Trd, 258787.200, 64
Trd, 258787.450, 60
Trd, 258787.850, 72
Trd, 258788.017, 67
Trd, 258788.100, 74
Trd, 258788.117, 119
Trd, 258788.250, 83
Trd, 258788.883, 140
Trd, 258789.067, 140
Trd, 258789.533, 68
Trd, 258789.767, 123
Trd, 258790.250, 126
Trd, 258790.400, 125
Trd, 258791.033, 126
Trd, 258791.100, 139
Trd, 258791.250, 140
Trd, 258791.417, 140
Trd, 258791.567, 140
Trd, 258791.783, 139
Trd, 258791.900, 138
Trd, 258791.983, 125
Trd, 258792.117, 135
Trd, 258792.467, 125
Trd, 258793.200, 126
Trd, 258793.450, 125
Trd, 258793.533, 124
Trd, 258793.550, 119
Trd, 258793.917, 123
Trd, 258794.167, 113
Trd, 258794.233, 121
Trd, 258794.250, 122
Trd, 258794.350, 124
Trd, 258794.783, 123
Trd, 258794.817, 124
Trd, 258794.883, 127
Trd, 258795.417, 140
Trd, 258795.683, 126
Trd, 258795.700, 140
Trd, 258796.083, 126
Trd, 258796.183, 125
Trd, 258796.617, 124
Trd, 258796.650, 112
Trd, 258796.950, 109
Trd, 258797.050, 136
Trd, 258797.367, 135
Trd, 258797.500, 118
Trd, 258798.367, 99
Trd, 258798.400, 131
Trd, 258798.700, 100
Trd, 258798.783, 110
Trd, 258798.800, 99
Trd, 258798.850, 98
Trd, 258799.033, 95
Trd, 258799.267, 66
Trd, 258799.567, 81
Trd, 258799.783, 82
Trd, 258799.933, 97
Trd, 258800.167, 98
Trd, 258800.317, 98
Trd, 258800.450, 99
Trd, 258800.567, 102
Trd, 258800.800, 101
Trd, 258800.917, 103
Trd, 258801.100, 93
Trd, 258801.200, 109
Trd, 258801.267, 93
Trd, 258801.400, 92
Trd, 258801.767, 91
Trd, 258802.050, 125
Trd, 258802.283, 140
Trd, 258802.433, 140
Trd, 258802.667, 130
Trd, 258803.117, 120
Trd, 258803.250, 98
Trd, 258803.350, 97
Trd, 258803.633, 90
Trd, 258803.717, 100
Trd, 258804.117, 88
Trd, 258804.250, 88
Trd, 258804.583, 118
Trd, 258804.900, 116
Trd, 258805.117, 116
Trd, 258805.150, 117
Trd, 258805.483, 102
Trd, 258805.717, 112
Trd, 258806.067, 103
Trd, 258806.183, 111
Trd, 258806.250, 110
Trd, 258806.383, 113
Trd, 258806.767, 113
Trd, 258806.867, 104
Trd, 258807.083, 103
Trd, 258807.150, 98
Trd, 258807.283, 113
Trd, 258807.617, 113
Trd, 258807.850, 140
Trd, 258808.183, 109
Trd, 258808.417, 128
Trd, 258808.533, 107
Trd, 258808.833, 97
Trd, 258809.033, 138
Trd, 258809.550, 110
Trd, 258810.000, 110
Trd, 258810.050, 109
Trd, 258810.267, 97
Trd, 258810.450, 114
Trd, 258810.633, 95
Trd, 258810.683, 114
Trd, 258810.850, 114
Trd, 258811.033, 95
Trd, 258811.417, 93
Trd, 258811.517, 94
Trd, 258811.750, 114
Trd, 258812.250, 94
Trd, 258812.500, 92
Trd, 258812.783, 89
Trd, 258813.800, 117
Trd, 258813.867, 98
Trd, 258814.050, 97
Trd, 258814.083, 117
Trd, 258814.183, 120
Trd, 258814.267, 96
Trd, 258814.283, 85
Trd, 258814.850, 114
Trd, 258815.167, 120
Trd, 258815.283, 121
Trd, 258815.750, 140
Trd, 258815.833, 140
Trd, 258816.150, 140
Trd, 258816.383, 140
Trd, 258816.467, 140
Trd, 258817.667, 140
Trd, 258817.833, 140
Trd, 258817.900, 140
Trd, 258818.067, 140
Trd, 258818.133, 140
Trd, 258818.167, 139
Trd, 258818.217, 138
Trd, 258818.817, 136
Trd, 258818.883, 136
Trd, 258819.483, 130
Trd, 258819.517, 135
Trd, 258819.700, 129
Trd, 258819.850, 123
Trd, 258820.000, 136
Trd, 258821.050, 114
Trd, 258821.067, 133
Trd, 258821.167, 131
Trd, 258821.300, 108
Trd, 258821.483, 129
Trd, 258821.567, 125
Trd, 258821.600, 120
Trd, 258821.783, 134
Trd, 258821.950, 102
Trd, 258822.183, 101
Trd, 258822.733, 120
Trd, 258823.000, 116
Trd, 258823.217, 127
Trd, 258823.300, 129
Trd, 258823.617, 123
Trd, 258823.667, 114
Trd, 258823.683, 113
Trd, 258823.933, 123
Trd, 258824.067, 118
Trd, 258824.383, 118
Trd, 258824.433, 123
Trd, 258824.617, 117
Trd, 258824.883, 122
Trd, 258824.917, 123
Trd, 258825.150, 119
Trd, 258825.250, 116
Trd, 258825.317, 111
Trd, 258825.483, 112
Trd, 258825.783, 111
Trd, 258825.917, 110
Trd, 258826.100, 123
Trd, 258826.550, 108
Trd, 258826.617, 107
Trd, 258826.683, 114
Trd, 258826.917, 140
Trd, 258827.750, 140
Trd, 258827.783, 140
Trd, 258827.950, 135
Trd, 258828.283, 134
Trd, 258828.433, 127
Trd, 258829.033, 121
Trd, 258829.367, 140
Trd, 258829.933, 140
Trd, 258829.950, 139
Trd, 258830.283, 140
Trd, 258830.733, 135
Trd, 258830.783, 136
Trd, 258832.433, 106
Trd, 258832.617, 130
Trd, 258833.233, 122
Trd, 258833.267, 123
Trd, 258833.283, 124
Trd, 258833.467, 95
Trd, 258833.617, 128
Trd, 258833.650, 94
Trd, 258833.700, 131
Trd, 258833.817, 139
Trd, 258834.017, 136
Trd, 258834.100, 136
Trd, 258834.117, 135
Trd, 258834.483, 140
Trd, 258834.617, 123
Trd, 258834.850, 118
Trd, 258835.017, 112
Trd, 258835.233, 108
Trd, 258835.383, 137
Trd, 258835.817, 140
Trd, 258836.183, 140
Trd, 258836.650, 140
Trd, 258836.817, 140
Trd, 258837.183, 140
Trd, 258837.983, 140
Trd, 258838.317, 140
Trd, 258838.417, 140
Trd, 258838.583, 140
Trd, 258838.633, 139
Trd, 258838.817, 135
Trd, 258839.317, 132
Trd, 258839.400, 137
Trd, 258839.417, 138
Trd, 258839.783, 135
Trd, 258840.067, 114
Trd, 258840.183, 114
Trd, 258840.383, 130
Trd, 258840.500, 133
Trd, 258840.750, 119
Trd, 258840.883, 118
Trd, 258841.350, 124
Trd, 258841.400, 125
Trd, 258841.450, 126
Trd, 258841.900, 113
Trd, 258842.067, 108
Trd, 258842.367, 123
Trd, 258842.633, 124
Trd, 258842.667, 125
Trd, 258842.967, 116
Trd, 258843.017, 128
Trd, 258843.300, 118
Trd, 258843.600, 118
Trd, 258843.617, 117
Trd, 258843.817, 133
Trd, 258844.283, 140
Trd, 258844.383, 140
Trd, 258844.617, 129
Trd, 258844.950, 125
Trd, 258845.667, 139
Trd, 258845.683, 137
Trd, 258846.000, 110
Trd, 258846.217, 111
Trd, 258846.500, 135
Trd, 258846.550, 80
Trd, 258847.350, 140
Trd, 258847.400, 140
Trd, 258847.500, 140
Trd, 258847.667, 139
Trd, 258847.683, 132
Trd, 258847.817, 125
Trd, 258848.000, 122
Trd, 258848.150, 100
Trd, 258848.233, 97
Trd, 258848.417, 94
Trd, 258848.667, 100
Trd, 258849.067, 92
Trd, 258849.117, 91
Trd, 258849.283, 88
Trd, 258849.300, 104
Trd, 258849.317, 106
Trd, 258849.867, 106
Trd, 258849.900, 89
Trd, 258850.100, 106
Trd, 258850.267, 107
Trd, 258850.617, 93
Trd, 258850.733, 101
Trd, 258852.117, 140
Trd, 258852.300, 140
Trd, 258852.950, 140
Trd, 258853.083, 140
Trd, 258853.317, 140
Trd, 258853.450, 140
Trd, 258853.483, 140
Trd, 258853.550, 140
Trd, 258853.700, 140
Trd, 258853.783, 140
Trd, 258853.817, 140
Trd, 258853.933, 137
Trd, 258854.633, 135
Trd, 258854.717, 137
Trd, 258855.017, 135
Trd, 258855.217, 135
Trd, 258855.333, 132
Trd, 258855.400, 132
Trd, 258855.883, 108
Trd, 258855.900, 107
Trd, 258856.083, 112
Trd, 258856.267, 127
Trd, 258856.350, 128
Trd, 258856.400, 107
Trd, 258857.050, 111
Trd, 258857.233, 109
Trd, 258857.250, 108
Trd, 258857.433, 126
Trd, 258857.567, 122
Trd, 258857.617, 106
Trd, 258858.050, 102
Trd, 258858.383, 126
Trd, 258858.467, 127
Trd, 258858.533, 128
Trd, 258858.917, 128
Trd, 258859.017, 115
Trd, 258859.150, 113
Trd, 258860.067, 112
Trd, 258860.217, 109
Trd, 258860.367, 121
Trd, 258860.517, 109
Trd, 258861.017, 118
Trd, 258861.200, 120
Trd, 258861.500, 121
Trd, 258861.783, 124
Trd, 258862.183, 105
Trd, 258862.617, 137
Trd, 258862.633, 124
Trd, 258862.750, 124
Trd, 258863.050, 125
Trd, 258863.250, 140
Trd, 258863.433, 140
Trd, 258863.500, 140
Trd, 258863.617, 140
Trd, 258863.667, 123
Trd, 258863.850, 139
Trd, 258864.017, 138
Trd, 258864.500, 133
Trd, 258864.817, 139
Trd, 258864.850, 132
Trd, 258865.233, 127
Trd, 258865.500, 135
Trd, 258865.517, 136
Trd, 258866.050, 127
Trd, 258866.200, 127
Trd, 258866.300, 126
Trd, 258866.467, 123
Trd, 258866.500, 122
Trd, 258866.767, 111
Trd, 258866.817, 129
Trd, 258866.850, 104
Trd, 258867.567, 140
Trd, 258867.700, 139
Trd, 258867.800, 129
Trd, 258867.950, 114
Trd, 258868.367, 114
Trd, 258868.817, 120
Trd, 258869.100, 115
Trd, 258869.583, 114
Trd, 258869.717, 113
Trd, 258870.067, 105
Trd, 258870.283, 112
Trd, 258870.417, 78
Trd, 258870.517, 100
Trd, 258870.533, 112
Trd, 258870.633, 113
Trd, 258870.733, 75
Trd, 258870.850, 130
Trd, 258871.217, 101
Trd, 258871.517, 140
Trd, 258871.583, 90
Trd, 258872.017, 102
Trd, 258872.217, 100
Trd, 258872.250, 87
Trd, 258872.317, 85
Trd, 258872.517, 138
Trd, 258872.650, 67
Trd, 258872.833, 60
Trd, 258873.350, 139
Trd, 258873.917, 139
Trd, 258874.783, 136
Trd, 258875.000, 136
Trd, 258875.200, 135
Trd, 258875.467, 135
Trd, 258875.833, 136
Trd, 258875.850, 130
Trd, 258875.900, 129
Trd, 258875.917, 128
Trd, 258876.050, 109
Trd, 258876.250, 126
Trd, 258876.267, 107
Trd, 258876.767, 122
Trd, 258876.800, 123
Trd, 258876.833, 126
Trd, 258876.933, 97
Trd, 258876.983, 110
Trd, 258877.017, 128
Trd, 258877.183, 127
Trd, 258877.433, 134
Trd, 258878.150, 123
Trd, 258878.683, 134
Trd, 258878.883, 133
Trd, 258878.900, 123
Trd, 258879.033, 138
Trd, 258879.617, 119
Trd, 258879.717, 137
Trd, 258879.800, 136
Trd, 258880.500, 127
Trd, 258880.900, 128
Trd, 258881.217, 139
Trd, 258881.383, 139
Trd, 258881.650, 138
Trd, 258881.667, 136
Trd, 258881.733, 130
Trd, 258881.867, 120
Trd, 258882.300, 110
Trd, 258882.967, 132
Trd, 258883.017, 131
Trd, 258883.050, 135
Trd, 258883.083, 130
Trd, 258883.717, 134
Trd, 258883.800, 134
Trd, 258884.067, 125
Trd, 258884.117, 112
Trd, 258884.250, 105
Trd, 258884.567, 132
Trd, 258884.883, 133
Trd, 258884.933, 123
Trd, 258884.967, 102
Trd, 258885.067, 93
Trd, 258885.100, 77
Trd, 258885.250, 91
Trd, 258885.850, 140
Trd, 258886.000, 140
Trd, 258886.100, 139
Trd, 258886.533, 138
Trd, 258886.667, 121
Trd, 258886.867, 131
Trd, 258887.050, 131
Trd, 258887.183, 130
Trd, 258887.333, 124
Trd, 258887.533, 95
Trd, 258887.883, 103
Trd, 258887.917, 102
Trd, 258888.400, 127
Trd, 258888.483, 130
Trd, 258888.750, 136
Trd, 258888.800, 122
Trd, 258889.117, 138
Trd, 258889.517, 140
Trd, 258889.583, 140
Trd, 258889.667, 140
Trd, 258889.717, 134
Trd, 258890.050, 134
Trd, 258890.383, 131
Trd, 258890.483, 132
Trd, 258890.517, 135
Trd, 258890.817, 126
Trd, 258891.217, 137
Trd, 258891.567, 124
Trd, 258891.633, 118
Trd, 258891.767, 118
Trd, 258891.983, 138
Trd, 258892.283, 136
Trd, 258892.667, 118
Trd, 258892.983, 135
Trd, 258893.067, 117
Trd, 258893.133, 117
Trd, 258893.917, 129
Trd, 258894.000, 133
Trd, 258894.150, 132
Trd, 258894.250, 134
Trd, 258894.467, 130
Trd, 258894.500, 129
Trd, 258894.750, 136
Trd, 258894.800, 126
Trd, 258895.217, 134
Trd, 258895.433, 126
Trd, 258895.667, 125
Trd, 258895.733, 123
Trd, 258895.883, 119
Trd, 258895.950, 99
Trd, 258895.983, 128
Trd, 258896.750, 63
Trd, 258897.033, 60
Trd, 258897.050, 60
Trd, 258897.183, 61
Trd, 258897.217, 64
Trd, 258897.733, 63
Trd, 258897.750, 64
Trd, 258897.967, 64
Trd, 258897.983, 65
Trd, 258898.117, 65
Trd, 258898.417, 66
Trd, 258898.633, 65
Trd, 258898.700, 66
Trd, 258898.800, 67
Trd, 258898.867, 64
Trd, 258899.567, 132
Trd, 258900.067, 96
Trd, 258900.367, 91
Trd, 258900.417, 134
Trd, 258901.233, 93
Trd, 258901.267, 129
Trd, 258901.367, 93
Trd, 258901.617, 103
Trd, 258901.767, 131
Trd, 258902.067, 140
Trd, 258902.733, 124
Trd, 258902.917, 116
Trd, 258903.033, 115
Trd, 258903.117, 114
Trd, 258903.283, 112
Trd, 258903.333, 111
Trd, 258903.683, 140
Trd, 258903.750, 140
Trd, 258904.367, 139
Trd, 258904.700, 139
Trd, 258904.833, 140
Trd, 258905.033, 139
Trd, 258905.433, 117
Trd, 258906.517, 124
Trd, 258906.550, 115
Trd, 258906.583, 135
Trd, 258906.683, 114
Trd, 258906.717, 137
Trd, 258906.933, 126
Trd, 258907.367, 116
Trd, 258907.533, 115
Trd, 258907.733, 131
Trd, 258907.850, 127
Trd, 258907.917, 137
Trd, 258908.017, 113
Trd, 258908.183, 113
Trd, 258908.367, 130
Trd, 258908.417, 109
Trd, 258908.583, 130
Trd, 258908.717, 130
Trd, 258909.267, 129
Trd, 258909.650, 125
Trd, 258909.800, 128
Trd, 258910.217, 125
Trd, 258910.233, 124
Trd, 258910.733, 121
Trd, 258910.933, 118
Trd, 258911.233, 126
Trd, 258911.467, 93
Trd, 258911.500, 126
Trd, 258911.650, 140
Trd, 258911.833, 140
Trd, 258911.850, 139
Trd, 258913.467, 140
Trd, 258913.900, 140
Trd, 258913.967, 140
Trd, 258914.017, 140
Trd, 258914.033, 137
Trd, 258914.517, 140
Trd, 258914.533, 140
Trd, 258914.550, 135
Trd, 258914.650, 133
Trd, 258915.450, 140
Trd, 258915.533, 140
Trd, 258915.967, 126
Trd, 258916.000, 125
Trd, 258916.517, 121
Trd, 258916.650, 120
Trd, 258916.750, 108
Trd, 258917.117, 106
Trd, 258917.367, 122
Trd, 258917.583, 123
Trd, 258917.617, 104
Trd, 258917.700, 122
Trd, 258917.800, 123
Trd, 258917.817, 101
Trd, 258918.450, 95
Trd, 258918.467, 94
Trd, 258918.683, 115
Trd, 258918.750, 115
Trd, 258918.783, 74
Trd, 258918.800, 117
Trd, 258918.850, 73
Trd, 258919.483, 127
Trd, 258919.600, 125
Trd, 258919.833, 121
Trd, 258919.883, 124
Trd, 258920.100, 106
Trd, 258920.183, 126
Trd, 258920.333, 100
Trd, 258920.433, 139
Trd, 258920.617, 75
Trd, 258921.017, 123
Trd, 258921.567, 64
Trd, 258921.600, 65
Trd, 258921.683, 65
Trd, 258922.233, 131
Trd, 258922.350, 130
Trd, 258922.417, 124
Trd, 258922.567, 73
Trd, 258922.833, 132
Trd, 258922.967, 120
Trd, 258923.200, 104
Trd, 258923.300, 134
Trd, 258923.650, 104
Trd, 258923.800, 102
Trd, 258924.167, 92
Trd, 258924.267, 133
Trd, 258924.383, 92
Trd, 258924.400, 135
Trd, 258924.617, 140
Trd, 258925.350, 121
Trd, 258925.400, 132
Trd, 258925.767, 97
Trd, 258926.283, 132
Trd, 258926.450, 140
Trd, 258926.650, 131
Trd, 258926.700, 125
Trd, 258927.083, 124
Trd, 258927.233, 122
Trd, 258927.267, 121
Trd, 258927.333, 120
Trd, 258927.533, 108
Trd, 258927.633, 108
Trd, 258927.733, 110
Trd, 258927.917, 109
Trd, 258928.083, 110
Trd, 258928.517, 109
Trd, 258928.583, 108
Trd, 258928.600, 107
Trd, 258928.717, 109
Trd, 258928.767, 110
Trd, 258929.183, 104
Trd, 258929.400, 102
Trd, 258929.483, 101
Trd, 258929.767, 108
Trd, 258929.900, 109
Trd, 258930.200, 100
Trd, 258930.417, 123
Trd, 258930.650, 99
Trd, 258930.733, 93
Trd, 258931.267, 98
Trd, 258931.317, 115
Trd, 258931.433, 117
Trd, 258931.550, 103
Trd, 258931.783, 84
Trd, 258932.200, 102
Trd, 258932.500, 91
Trd, 258932.717, 79
Trd, 258932.800, 120
Trd, 258932.983, 88
Trd, 258933.033, 93
Trd, 258933.100, 78
Trd, 258933.833, 78
Trd, 258933.900, 101
Trd, 258934.017, 108
Trd, 258934.483, 106
Trd, 258934.533, 107
Trd, 258934.683, 106
Trd, 258935.117, 106
Trd, 258935.183, 103
Trd, 258935.417, 107
Trd, 258935.483, 107
Trd, 258935.500, 106
Trd, 258935.633, 108
Trd, 258935.750, 109
Trd, 258936.567, 140
Trd, 258936.883, 140
Trd, 258937.583, 140
Trd, 258937.617, 140
Trd, 258937.667, 140
Trd, 258937.733, 140
Trd, 258937.983, 139
Trd, 258938.000, 137
Trd, 258938.150, 118
Trd, 258938.300, 106
Trd, 258938.350, 105
Trd, 258938.767, 102
Trd, 258938.983, 133
Trd, 258939.117, 130
Trd, 258939.483, 95
Trd, 258939.700, 128
Trd, 258939.900, 125
Trd, 258940.067, 122
Trd, 258940.117, 121
Trd, 258940.300, 119
Trd, 258940.550, 116
Trd, 258940.617, 97
Trd, 258940.700, 124
Trd, 258941.050, 120
Trd, 258941.133, 119
Trd, 258941.267, 97
Trd, 258941.567, 107
Trd, 258941.750, 117
Trd, 258941.833, 91
Trd, 258942.050, 115
Trd, 258942.383, 88
Trd, 258942.417, 116
Trd, 258942.500, 116
Trd, 258942.867, 108
Trd, 258942.967, 118
Trd, 258943.400, 108
Trd, 258943.450, 101
Trd, 258943.917, 140
Trd, 258944.150, 140
Trd, 258944.867, 139
Trd, 258945.033, 119
Trd, 258945.633, 135
Trd, 258945.650, 134
Trd, 258946.300, 140
Trd, 258946.583, 140
Trd, 258946.717, 140
Trd, 258946.800, 140
Trd, 258946.817, 140
Trd, 258947.167, 138
Trd, 258947.400, 138
Trd, 258947.717, 137
Trd, 258947.950, 129
Trd, 258948.033, 138
Trd, 258948.133, 139
Trd, 258948.417, 136
Trd, 258948.450, 132
Trd, 258948.650, 132
Trd, 258948.700, 138
Trd, 258948.833, 131
Trd, 258949.017, 119
Trd, 258949.167, 137
Trd, 258949.717, 140
Trd, 258949.750, 139
Trd, 258949.900, 138
Trd, 258949.983, 87
Trd, 258950.133, 84
Trd, 258950.433, 60
Trd, 258950.450, 61
Trd, 258950.683, 61
Trd, 258950.733, 62
Trd, 258951.050, 60
Trd, 258951.167, 61
Trd, 258951.217, 64
Trd, 258951.567, 61
Trd, 258951.600, 62
Trd, 258951.850, 105
Trd, 258952.617, 94
Trd, 258952.733, 79
Trd, 258952.783, 95
Trd, 258952.883, 75
Trd, 258953.583, 140
Trd, 258954.067, 140
Trd, 258954.117, 140
Trd, 258954.250, 140
Trd, 258954.567, 140
Trd, 258954.800, 140
Trd, 258954.850, 137
Trd, 258955.000, 139
Trd, 258955.667, 136
Trd, 258955.683, 125
Trd, 258955.850, 125
Trd, 258956.033, 137
Trd, 258956.050, 124
Trd, 258956.117, 120
Trd, 258956.350, 117
Trd, 258956.483, 105
Trd, 258956.883, 97
Trd, 258957.083, 97
Trd, 258957.100, 118
Trd, 258957.283, 131
Trd, 258957.317, 96
Trd, 258957.333, 133
Trd, 258957.633, 134
Trd, 258958.067, 121
Trd, 258958.367, 120
Trd, 258959.367, 114
Trd, 258959.450, 130
Trd, 258959.800, 122
Trd, 258959.967, 120
Trd, 258960.000, 127
Trd, 258960.483, 126
Trd, 258960.750, 126
Trd, 258961.050, 125
Trd, 258961.367, 127
Trd, 258961.550, 128
Trd, 258962.817, 140
Trd, 258962.967, 140
Trd, 258963.183, 138
Trd, 258963.400, 132
Trd, 258963.567, 132
Trd, 258964.067, 140
Trd, 258964.417, 140
Trd, 258964.533, 140
Trd, 258964.667, 138
Trd, 258964.717, 137
Trd, 258964.833, 132
Trd, 258964.967, 119
Trd, 258964.983, 110
Trd, 258965.167, 117
Trd, 258965.350, 105
Trd, 258965.400, 132
Trd, 258966.200, 114
Trd, 258966.317, 120
Trd, 258966.533, 130
Trd, 258966.683, 97
Trd, 258966.800, 135
Trd, 258966.933, 80
Trd, 258967.033, 137
Trd, 258967.217, 78
Trd, 258967.233, 77
Trd, 258967.333, 61
Trd, 258967.617, 60
Trd, 258967.767, 110
Trd, 258967.883, 85
Trd, 258968.583, 128
Trd, 258968.817, 130
Trd, 258968.950, 127
Trd, 258969.550, 128
Trd, 258969.600, 129
Trd, 258970.050, 126
Trd, 258970.267, 127
Trd, 258970.483, 129
Trd, 258970.517, 128
Trd, 258970.667, 137
Trd, 258970.917, 136
Trd, 258971.333, 127
Trd, 258971.517, 126
Trd, 258972.017, 124
Trd, 258972.233, 120
Trd, 258972.267, 106
Trd, 258972.533, 122
Trd, 258972.817, 121
Trd, 258972.883, 123
Trd, 258973.367, 67
Trd, 258973.383, 123
Trd, 258973.500, 66
Trd, 258974.100, 90
Trd, 258974.133, 106
Trd, 258974.183, 85
Trd, 258974.467, 110
Trd, 258974.500, 73
Trd, 258974.567, 123
Trd, 258974.750, 122
Trd, 258974.883, 124
Trd, 258975.233, 138
Trd, 258975.383, 137
Trd, 258975.417, 136
Trd, 258975.933, 135
Trd, 258976.317, 129
Trd, 258976.383, 128
Trd, 258976.967, 140
Trd, 258977.050, 140
Trd, 258977.233, 140
Trd, 258977.800, 140
Trd, 258978.100, 140
Trd, 258978.517, 140
Trd, 258978.650, 140
Trd, 258978.933, 140
Trd, 258979.033, 140
Trd, 258979.250, 139
Trd, 258979.417, 132
Trd, 258979.433, 123
Trd, 258979.850, 114
Trd, 258979.883, 140
Trd, 258980.383, 135
Trd, 258980.833, 133
Trd, 258981.133, 135
Trd, 258981.183, 135
Trd, 258981.600, 133
Trd, 258981.617, 132
Trd, 258981.717, 130
Trd, 258981.733, 127
Trd, 258982.017, 136
Trd, 258982.233, 115
Trd, 258982.450, 124
Trd, 258982.983, 116
Trd, 258983.067, 115
Trd, 258983.300, 101
Trd, 258983.433, 97
Trd, 258983.617, 120
Trd, 258983.733, 106
Trd, 258983.767, 121
Trd, 258983.983, 118
Trd, 258984.000, 122
Trd, 258984.667, 116
Trd, 258984.917, 111
Trd, 258985.200, 104
Trd, 258985.533, 120
Trd, 258985.550, 103
Trd, 258985.650, 94
Trd, 258986.183, 82
Trd, 258986.400, 92
Trd, 258986.667, 85
Trd, 258986.700, 93
Trd, 258986.733, 83
Trd, 258987.133, 117
Trd, 258987.417, 117
Trd, 258987.500, 80
Trd, 258987.583, 118
Trd, 258987.783, 119
Trd, 258987.800, 78
Trd, 258987.983, 119
Trd, 258988.133, 120
Trd, 258988.200, 112
Trd, 258988.600, 112
Trd, 258988.950, 131
Trd, 258989.067, 107
Trd, 258989.100, 106
Trd, 258989.383, 136
Trd, 258989.483, 83
Trd, 258989.817, 113
Trd, 258989.867, 114
Trd, 258989.950, 104
Trd, 258990.017, 136
Trd, 258990.067, 124
Trd, 258990.783, 122
Trd, 258991.233, 96
Trd, 258992.017, 98
Trd, 258992.433, 140
Trd, 258992.617, 140
Trd, 258992.633, 140
Trd, 258992.883, 140
Trd, 258993.000, 139
Trd, 258993.417, 138
Trd, 258993.483, 139
Trd, 258993.550, 137
Trd, 258993.850, 133
Trd, 258993.900, 132
Trd, 258994.883, 127
Trd, 258995.050, 129
Trd, 258995.133, 126
Trd, 258995.250, 124
Trd, 258995.333, 122
Trd, 258995.600, 123
Trd, 258996.433, 114
Trd, 258996.533, 113
Trd, 258996.683, 113
Trd, 258996.750, 112
Trd, 258997.150, 111
Trd, 258997.350, 109
Trd, 258997.483, 103
Trd, 258997.567, 107
Trd, 258997.750, 109
Trd, 258997.767, 103
Trd, 258998.117, 107
Trd, 258998.317, 102
Trd, 258998.383, 110
Trd, 258998.500, 101
Trd, 258998.883, 110
Trd, 258998.983, 100
Trd, 258999.600, 108
Trd, 258999.733, 109
Trd, 258999.783, 95
Trd, 258999.883, 93
Trd, 258999.900, 92
Trd, 258999.967, 123
Trd, 259000.117, 87
Trd, 259000.650, 140
Trd, 259001.617, 140
Trd, 259001.667, 140
Trd, 259002.333, 140
Trd, 259002.567, 140
Trd, 259002.600, 140
Trd, 259002.733, 140
Trd, 259002.900, 137
Trd, 259003.167, 124
Trd, 259003.250, 127
Trd, 259003.400, 132
Trd, 259003.633, 123
Trd, 259003.933, 122
Trd, 259004.100, 140
Trd, 259004.533, 140
Trd, 259004.583, 140
Trd, 259004.967, 140
Trd, 259005.083, 140
Trd, 259005.267, 128
Trd, 259005.433, 126
Trd, 259005.717, 118
Trd, 259006.233, 140
Trd, 259006.300, 125
Trd, 259006.483, 134
Trd, 259006.600, 118
Trd, 259007.167, 140
Trd, 259007.400, 140
Trd, 259007.683, 140
Trd, 259008.117, 140
Trd, 259008.183, 140
Trd, 259008.333, 140
Trd, 259009.117, 140
Trd, 259009.133, 140
Trd, 259009.217, 140
Trd, 259009.283, 140
Trd, 259009.350, 139
Trd, 259009.617, 135
Trd, 259009.933, 120
Trd, 259010.167, 119
Trd, 259010.200, 118
Trd, 259010.333, 110
Trd, 259010.383, 122
Trd, 259010.517, 93
Trd, 259010.900, 116
Trd, 259011.583, 125
Trd, 259011.650, 125
Trd, 259011.783, 117
Trd, 259011.900, 116
Trd, 259012.767, 124
Trd, 259012.850, 120
Trd, 259013.000, 122
Trd, 259013.133, 119
Trd, 259013.217, 119
Trd, 259013.550, 124
Trd, 259013.633, 139
Trd, 259013.767, 137
Trd, 259013.983, 125
Trd, 259014.117, 122
Trd, 259014.517, 122
Trd, 259014.933, 122
Trd, 259015.100, 121
Trd, 259015.617, 140
Trd, 259015.850, 135
Trd, 259015.867, 129
Trd, 259016.550, 110
Trd, 259016.683, 139
Trd, 259016.867, 108
Trd, 259016.933, 140
Trd, 259017.133, 138
Trd, 259017.200, 98
Trd, 259017.217, 83
Trd, 259017.250, 109
Trd, 259017.600, 126
Trd, 259017.783, 106
Trd, 259018.000, 139
Trd, 259018.333, 98
Trd, 259018.717, 140
Trd, 259018.967, 140
Trd, 259019.383, 137
Trd, 259019.500, 136
Trd, 259020.033, 138
Trd, 259020.267, 139
Trd, 259020.450, 137
Trd, 259020.650, 137
Trd, 259020.717, 136
Trd, 259021.350, 139
Trd, 259021.400, 135
Trd, 259021.450, 134
Trd, 259021.783, 139
Trd, 259021.800, 138
Trd, 259021.983, 131
Trd, 259022.000, 140
Trd, 259022.133, 129
Trd, 259022.583, 135
Trd, 259022.900, 119
Trd, 259023.033, 115
Trd, 259023.133, 133
Trd, 259023.300, 135
Trd, 259023.633, 135
Trd, 259023.667, 134
Trd, 259023.717, 133
Trd, 259024.067, 137
Trd, 259024.233, 132
Trd, 259024.533, 123
Trd, 259024.700, 119
Trd, 259024.817, 118
Trd, 259025.650, 117
Trd, 259025.683, 125
Trd, 259025.833, 116
Trd, 259026.267, 112
Trd, 259026.283, 111
Trd, 259026.350, 122
Trd, 259026.383, 110
Trd, 259026.567, 107
Trd, 259026.833, 82
Trd, 259026.900, 119
Trd, 259026.950, 75
Trd, 259027.550, 120
Trd, 259027.700, 120
Trd, 259028.000, 103
Trd, 259028.417, 117
Trd, 259028.467, 92
Trd, 259028.733, 92
Trd, 259028.767, 118
Trd, 259029.450, 116
Trd, 259029.967, 101
Trd, 259030.050, 94
Trd, 259030.133, 93
Trd, 259030.200, 93
Trd, 259030.283, 113
Trd, 259030.583, 93
Trd, 259030.650, 94
Trd, 259030.700, 114
Trd, 259030.733, 122
Trd, 259031.050, 132
Trd, 259031.217, 126
Trd, 259031.267, 101
Trd, 259031.333, 76
Trd, 259031.450, 133
Trd, 259031.800, 132
Trd, 259031.900, 107
Trd, 259031.967, 106
Trd, 259031.983, 85
Trd, 259032.233, 117
Trd, 259032.250, 134
Trd, 259033.267, 140
Trd, 259033.400, 140
Trd, 259033.950, 132
Trd, 259034.350, 136
Trd, 259034.400, 125
Trd, 259034.667, 140
Trd, 259034.750, 140
Trd, 259035.233, 140
Trd, 259035.417, 139
Trd, 259036.117, 137
Trd, 259036.150, 136
Trd, 259036.183, 135
Trd, 259036.450, 133
Trd, 259036.467, 128
Trd, 259037.050, 133
Trd, 259037.200, 130
Trd, 259037.217, 129
Trd, 259037.367, 127
Trd, 259037.583, 116
Trd, 259038.667, 114
Trd, 259038.717, 117
Trd, 259038.783, 118
Trd, 259039.000, 126
Trd, 259039.017, 115
Trd, 259039.183, 129
Trd, 259039.200, 114
Trd, 259039.400, 128
Trd, 259039.750, 113
Trd, 259039.767, 128
Trd, 259040.067, 109
Trd, 259040.350, 108
Trd, 259040.383, 129
Trd, 259040.500, 109
Trd, 259040.800, 140
Trd, 259041.250, 139
Trd, 259041.550, 119
Trd, 259042.217, 106
Trd, 259042.233, 105
Trd, 259042.417, 104
Trd, 259043.067, 129
Trd, 259043.767, 140
Trd, 259044.033, 140
Trd, 259044.400, 139
Trd, 259044.633, 134
Trd, 259044.733, 133
Trd, 259044.950, 130
Trd, 259044.983, 126
Trd, 259045.133, 121
Trd, 259045.533, 136
Trd, 259045.667, 118
Trd, 259046.300, 130
Trd, 259046.650, 128
Trd, 259046.667, 127
Trd, 259046.683, 117
Trd, 259046.733, 129
Trd, 259047.100, 117
Trd, 259047.317, 129
Trd, 259047.483, 116
Trd, 259047.600, 127
Trd, 259047.750, 109
Trd, 259047.833, 105
Trd, 259047.983, 96
Trd, 259048.133, 70
Trd, 259048.350, 91
Trd, 259048.467, 98
Trd, 259048.633, 97
Trd, 259049.217, 94
Trd, 259049.283, 97
Trd, 259049.367, 91
Trd, 259049.417, 98
Trd, 259049.617, 99
Trd, 259049.750, 114
Trd, 259050.267, 126
Trd, 259050.750, 140
Trd, 259051.000, 140
Trd, 259051.450, 140
Trd, 259051.500, 140
Trd, 259051.800, 140
Trd, 259052.133, 140
Trd, 259052.417, 140
Trd, 259052.517, 140
Trd, 259052.700, 140
Trd, 259052.750, 140
Trd, 259053.217, 140
Trd, 259053.267, 132
Trd, 259053.600, 133
Trd, 259053.733, 131
Trd, 259053.950, 140
Trd, 259054.883, 140
Trd, 259055.133, 140
Trd, 259055.167, 140
Trd, 259055.567, 136
Trd, 259055.817, 131
Trd, 259055.933, 135
Trd, 259056.317, 130
Trd, 259056.500, 130
Trd, 259056.800, 120
Trd, 259057.167, 126
Trd, 259057.217, 127
Trd, 259057.400, 128
Trd, 259057.583, 119
Trd, 259057.667, 130
Trd, 259057.750, 131
Trd, 259057.883, 114
Trd, 259057.983, 135
Trd, 259058.300, 126
Trd, 259058.667, 104
Trd, 259058.733, 103
Trd, 259058.933, 132
Trd, 259059.067, 138
Trd, 259059.100, 124
Trd, 259059.200, 92
Trd, 259059.783, 80
Trd, 259060.417, 71
Trd, 259060.483, 121
Trd, 259060.717, 138
Trd, 259060.833, 117
Trd, 259061.000, 102
Trd, 259061.083, 70
Trd, 259062.067, 125
Trd, 259062.817, 100
Trd, 259063.100, 103
Trd, 259063.117, 102
Trd, 259063.550, 99
Trd, 259063.583, 124
Trd, 259063.750, 69
Trd, 259063.783, 110
Trd, 259063.800, 111
Trd, 259064.083, 71
Trd, 259064.133, 66
Trd, 259064.283, 98
Trd, 259064.417, 97
Trd, 259064.733, 93
Trd, 259064.917, 121
Trd, 259065.117, 121
Trd, 259065.350, 107
Trd, 259065.433, 93
Trd, 259065.500, 122
Trd, 259065.667, 111
Trd, 259065.950, 124
Trd, 259066.417, 124
Trd, 259066.867, 117
Trd, 259067.050, 121
Trd, 259067.100, 105
Trd, 259067.133, 125
Trd, 259067.400, 106
Trd, 259067.750, 139
Trd, 259068.033, 134
Trd, 259068.150, 133
Trd, 259068.167, 114
Trd, 259068.383, 106
Trd, 259069.133, 125
Trd, 259069.533, 139
Trd, 259069.633, 135
Trd, 259069.700, 136
Trd, 259069.800, 135
Trd, 259070.283, 129
Trd, 259070.433, 138
Trd, 259071.017, 140
Trd, 259071.117, 140
Trd, 259071.417, 140
Trd, 259071.450, 140
Trd, 259072.117, 140
Trd, 259072.200, 139
Trd, 259072.383, 133
Trd, 259072.650, 132
Trd, 259073.183, 130
Trd, 259073.250, 134
Trd, 259073.267, 119
Trd, 259073.617, 136
Trd, 259073.683, 123
Trd, 259074.250, 122
Trd, 259074.267, 111
Trd, 259074.317, 127
Trd, 259074.383, 130
Trd, 259074.633, 106
Trd, 259074.867, 129
Trd, 259075.117, 130
Trd, 259075.267, 129
Trd, 259075.317, 124
Trd, 259075.500, 130
Trd, 259075.950, 124
Trd, 259076.350, 125
Trd, 259076.400, 125
Trd, 259076.617, 127
Trd, 259076.683, 130
Trd, 259077.050, 105
Trd, 259077.283, 111
Trd, 259077.400, 112
Trd, 259077.550, 104
Trd, 259077.617, 99
Trd, 259077.717, 114
Trd, 259077.750, 129
Trd, 259078.033, 95
Trd, 259078.083, 105
Trd, 259078.700, 135
Trd, 259079.483, 140
Trd, 259079.867, 140
Trd, 259080.167, 140
Trd, 259080.667, 140
Trd, 259080.917, 137
Trd, 259081.017, 125
Trd, 259081.317, 124
Trd, 259081.517, 140
Trd, 259081.733, 137
Trd, 259081.800, 127
Trd, 259081.950, 124
Trd, 259082.233, 129
Trd, 259082.867, 140
Trd, 259083.433, 139
Trd, 259083.483, 133
Trd, 259083.550, 133
Trd, 259083.683, 138
Trd, 259083.733, 137
Trd, 259083.867, 132
Trd, 259083.967, 105
Trd, 259084.317, 111
Trd, 259084.350, 133
Trd, 259084.883, 113
Trd, 259085.267, 133
Trd, 259085.417, 115
Trd, 259085.533, 113
Trd, 259086.167, 126
Trd, 259086.233, 111
Trd, 259086.400, 131
Trd, 259086.533, 131
Trd, 259086.617, 112
Trd, 259086.900, 122
Trd, 259086.950, 132
Trd, 259087.217, 132
Trd, 259087.433, 133
Trd, 259087.733, 123
Trd, 259088.300, 122
Trd, 259088.583, 114
Trd, 259088.650, 112
Trd, 259089.000, 103
Trd, 259089.483, 117
Trd, 259089.533, 109
Trd, 259090.150, 140
Trd, 259090.383, 140
Trd, 259090.567, 140
Trd, 259090.783, 140
Trd, 259091.200, 140
Trd, 259091.367, 140
Trd, 259091.467, 138
Trd, 259091.783, 140
Trd, 259091.933, 140
Trd, 259092.017, 124
Trd, 259092.183, 115
Trd, 259092.633, 131
Trd, 259093.050, 140
Trd, 259093.333, 140
Trd, 259093.417, 140
Trd, 259093.433, 140
Trd, 259093.583, 140
Trd, 259094.000, 139
Trd, 259094.117, 139
Trd, 259094.717, 139
Trd, 259094.933, 139
Trd, 259095.350, 139
Trd, 259095.633, 138
Trd, 259095.700, 140
Trd, 259095.750, 131
Trd, 259095.783, 129
Trd, 259095.950, 140
Trd, 259096.233, 120
Trd, 259096.367, 106
Trd, 259096.383, 99
Trd, 259096.417, 85
Trd, 259096.700, 125
Trd, 259096.717, 126
Trd, 259097.133, 124
Trd, 259097.467, 123
Trd, 259097.500, 120
Trd, 259098.167, 123
Trd, 259098.350, 124
Trd, 259098.367, 126
Trd, 259098.833, 119
Trd, 259099.183, 113
Trd, 259099.767, 140
Trd, 259099.917, 140
Trd, 259100.117, 119
Trd, 259100.133, 114
Trd, 259100.167, 109
Trd, 259100.483, 107
Trd, 259101.367, 107
Trd, 259101.583, 138
Trd, 259101.600, 107
Trd, 259102.000, 132
Trd, 259102.367, 137
Trd, 259103.250, 121
Trd, 259103.367, 121
Trd, 259103.400, 120
Trd, 259103.517, 119
Trd, 259103.700, 116
Trd, 259103.717, 119
Trd, 259103.783, 106
Trd, 259103.850, 120
Trd, 259103.933, 129
Trd, 259104.067, 107
Trd, 259104.317, 135
Trd, 259104.483, 118
Trd, 259104.933, 116
Trd, 259105.500, 130
Trd, 259105.533, 132
Trd, 259105.567, 129
Trd, 259105.733, 132
Trd, 259105.850, 128
Trd, 259106.550, 136
Trd, 259106.617, 135
Trd, 259106.917, 127
Trd, 259107.083, 130
Trd, 259107.800, 140
Trd, 259107.917, 140
Trd, 259108.100, 140
Trd, 259108.117, 139
Trd, 259108.133, 136
Trd, 259108.183, 140
Trd, 259108.700, 120
Trd, 259108.867, 128
Trd, 259109.300, 130
Trd, 259109.500, 134
Trd, 259109.700, 133
Trd, 259109.800, 133
Trd, 259109.833, 134
Trd, 259109.883, 132
Trd, 259110.067, 136
Trd, 259110.217, 121
Trd, 259110.267, 124
Trd, 259110.483, 136
Trd, 259110.533, 120
Trd, 259110.733, 134
Trd, 259111.033, 135
Trd, 259111.383, 109
Trd, 259111.867, 140
Trd, 259112.250, 140
Trd, 259112.350, 140
Trd, 259112.400, 132
Trd, 259112.417, 122
Trd, 259112.450, 116
Trd, 259112.567, 109
Trd, 259112.683, 137
Trd, 259113.633, 140
Trd, 259113.717, 139
Trd, 259113.917, 91
Trd, 259113.967, 125
Trd, 259114.517, 127
Trd, 259114.683, 124
Trd, 259114.950, 127
Trd, 259114.983, 132
Trd, 259115.567, 132
Trd, 259115.733, 127
Trd, 259116.150, 127
Trd, 259116.233, 126
Trd, 259116.250, 127
Trd, 259116.467, 121
Trd, 259116.800, 121
Trd, 259116.850, 121
Trd, 259117.117, 122
Trd, 259117.250, 119
Trd, 259117.483, 121
Trd, 259117.717, 118
Trd, 259117.733, 117
Trd, 259117.783, 121
Trd, 259117.967, 121
Trd, 259118.000, 109
Trd, 259118.017, 122
Trd, 259118.100, 102
Trd, 259118.350, 97
Trd, 259118.400, 130
Trd, 259118.883, 140
Trd, 259120.033, 140
Trd, 259120.050, 139
Trd, 259120.067, 111
Trd, 259120.167, 107
Trd, 259120.700, 134
Trd, 259120.983, 121
Trd, 259121.283, 135
Trd, 259121.967, 131
Trd, 259122.117, 130
Trd, 259122.183, 123
Trd, 259122.717, 140
Trd, 259122.733, 140
Trd, 259122.933, 139
Trd, 259123.217, 140
Trd, 259123.367, 138
Trd, 259123.417, 87
Trd, 259123.800, 140
Trd, 259123.900, 140
Trd, 259124.433, 136
Trd, 259124.467, 140
Trd, 259124.700, 136
Trd, 259125.267, 120
Trd, 259125.417, 132
Trd, 259125.467, 104
Trd, 259125.683, 104
Trd, 259125.950, 130
Trd, 259126.017, 131
Trd, 259126.100, 86
Trd, 259126.167, 84
Trd, 259126.317, 127
Trd, 259126.833, 88
Trd, 259126.850, 123
Trd, 259126.933, 87
Trd, 259126.983, 125
Trd, 259127.150, 127
Trd, 259127.717, 138
Trd, 259128.100, 113
Trd, 259128.183, 112
Trd, 259129.667, 140
Trd, 259129.683, 140
Trd, 259129.700, 140
Trd, 259129.817, 140
Trd, 259130.050, 140
Trd, 259130.267, 140
Trd, 259130.533, 140
Trd, 259130.883, 140
Trd, 259130.900, 140
Trd, 259131.017, 139
Trd, 259131.400, 137
Trd, 259131.417, 136
Trd, 259131.517, 132
Trd, 259131.550, 132
Trd, 259131.583, 123
Trd, 259131.683, 103
Trd, 259131.800, 117
Trd, 259131.883, 95
Trd, 259132.167, 115
Trd, 259132.300, 94
Trd, 259132.383, 93
Trd, 259133.033, 100
Trd, 259133.433, 79
Trd, 259133.533, 65
Trd, 259133.983, 61
Trd, 259134.000, 62
Trd, 259134.183, 100
Trd, 259134.300, 101
Trd, 259134.700, 125
Trd, 259135.433, 140
Trd, 259135.583, 140
Trd, 259135.633, 140
Trd, 259136.000, 135
Trd, 259136.333, 134
Trd, 259136.517, 132
Trd, 259136.617, 131
Trd, 259136.633, 130
Trd, 259136.700, 139
Trd, 259136.717, 129
Trd, 259136.850, 123
Trd, 259137.583, 137
Trd, 259137.767, 116
Trd, 259138.183, 117
Trd, 259138.850, 105
Trd, 259138.933, 126
Trd, 259139.083, 109
Trd, 259139.133, 121
Trd, 259139.333, 128
Trd, 259139.567, 104
Trd, 259139.783, 125
Trd, 259139.850, 101
Trd, 259139.867, 79
Trd, 259140.333, 114
Trd, 259140.450, 115
Trd, 259140.817, 127
Trd, 259140.883, 115
Trd, 259141.000, 114
Trd, 259141.683, 140
Trd, 259141.817, 137
Trd, 259142.017, 136
Trd, 259142.050, 134
Trd, 259142.633, 126
Trd, 259142.900, 136
Trd, 259143.217, 126
Trd, 259143.267, 139
Trd, 259143.300, 127
Trd, 259143.867, 137
Trd, 259143.917, 139
Trd, 259144.067, 129
Trd, 259144.167, 130
Trd, 259144.400, 130
Trd, 259144.500, 139
Trd, 259144.583, 140
Trd, 259144.750, 129
Trd, 259145.367, 134
Trd, 259145.417, 135
Trd, 259145.667, 134
Trd, 259145.733, 113
Trd, 259145.983, 135
Trd, 259146.250, 130
Trd, 259147.150, 128
Trd, 259147.200, 127
Trd, 259147.233, 117
Trd, 259147.450, 112
Trd, 259147.500, 127
Trd, 259147.617, 128
Trd, 259147.950, 119
Trd, 259148.283, 110
Trd, 259148.550, 118
Trd, 259148.600, 117
Trd, 259148.700, 115
Trd, 259149.717, 140
Trd, 259150.117, 140
Trd, 259150.350, 140
Trd, 259150.533, 140
Trd, 259150.633, 140
Trd, 259150.867, 140
Trd, 259151.100, 140
Trd, 259151.417, 140
Trd, 259151.433, 139
Trd, 259151.450, 138
Trd, 259151.683, 140
Trd, 259151.883, 124
Trd, 259152.100, 136
Trd, 259152.650, 130
Trd, 259153.000, 132
Trd, 259153.333, 140
Trd, 259153.500, 140
Trd, 259153.767, 136
Trd, 259154.033, 139
Trd, 259154.233, 137
Trd, 259154.267, 136
Trd, 259154.317, 125
Trd, 259154.417, 138
Trd, 259154.650, 138
Trd, 259154.667, 140
Trd, 259154.950, 140
Trd, 259155.233, 136
Trd, 259155.583, 125
Trd, 259155.683, 124
Trd, 259155.917, 128
Trd, 259156.133, 119
Trd, 259156.233, 117
Trd, 259156.333, 113
Trd, 259156.617, 122
Trd, 259156.717, 123
Trd, 259157.033, 121
Trd, 259157.550, 113
Trd, 259157.683, 103
Trd, 259157.733, 102
Trd, 259158.133, 110
Trd, 259158.250, 109
Trd, 259158.283, 119
Trd, 259158.600, 104
Trd, 259159.017, 103
Trd, 259159.850, 106
Trd, 259159.917, 107
Trd, 259160.067, 104
Trd, 259160.233, 104
Trd, 259160.317, 105
Trd, 259160.417, 103
Trd, 259160.500, 103
Trd, 259160.517, 107
Trd, 259160.550, 101
Trd, 259160.650, 99
Trd, 259160.667, 98
Trd, 259160.800, 106
Trd, 259160.917, 95
Trd, 259161.017, 108
Trd, 259161.150, 110
Trd, 259161.217, 111
Trd, 259161.450, 94
Trd, 259161.667, 70
Trd, 259161.717, 69
Trd, 259162.033, 60
Trd, 259162.167, 60
Trd, 259162.533, 62
Trd, 259162.617, 62
Trd, 259162.750, 63
Trd, 259162.783, 69
Trd, 259163.233, 78
Trd, 259163.617, 83
Trd, 259164.983, 124
Trd, 259165.017, 119
Trd, 259165.033, 118
Trd, 259165.183, 116
Trd, 259165.367, 115
Trd, 259165.683, 118
Trd, 259165.750, 108
Trd, 259166.050, 120
Trd, 259166.133, 125
Trd, 259166.183, 119
Trd, 259166.233, 117
Trd, 259166.450, 127
Trd, 259166.500, 109
Trd, 259166.933, 80
Trd, 259166.983, 79
Trd, 259167.467, 115
Trd, 259167.517, 91
Trd, 259167.717, 81
Trd, 259167.783, 119
Trd, 259168.017, 79
Trd, 259168.050, 120
Trd, 259168.467, 81
Trd, 259168.483, 73
Trd, 259168.900, 102
Trd, 259168.933, 103
Trd, 259169.000, 105
Trd, 259169.017, 65
Trd, 259169.117, 64
Trd, 259169.267, 64
Trd, 259169.383, 63
Trd, 259169.467, 106
Trd, 259169.483, 92
Trd, 259169.750, 103
Trd, 259169.867, 104
Trd, 259170.133, 139
Trd, 259170.433, 132
Trd, 259170.750, 140
Trd, 259170.800, 139
Trd, 259170.933, 75
Trd, 259171.100, 82
Trd, 259171.333, 69
Trd, 259171.583, 69
Trd, 259172.283, 78
Trd, 259172.317, 82
Trd, 259172.500, 83
Trd, 259172.550, 77
Trd, 259172.700, 105
Trd, 259172.733, 77
Trd, 259173.167, 139
Trd, 259173.200, 140
Trd, 259173.917, 77
Trd, 259174.083, 88
Trd, 259174.133, 74
Trd, 259174.217, 73
Trd, 259174.700, 60
Trd, 259174.833, 63
Trd, 259174.850, 64
Trd, 259175.467, 100
Trd, 259175.767, 80
Trd, 259175.933, 82
Trd, 259176.017, 98
Trd, 259176.033, 96
Trd, 259176.083, 99
Trd, 259176.633, 98
Trd, 259176.667, 99
Trd, 259176.733, 95
Trd, 259176.767, 79
Trd, 259176.967, 108
Trd, 259177.083, 140
Trd, 259177.550, 139
Trd, 259177.867, 140
Trd, 259177.917, 139
Trd, 259178.750, 140
Trd, 259179.000, 139
Trd, 259179.033, 138
Trd, 259179.683, 131
Trd, 259179.700, 134
Trd, 259179.767, 129
Trd, 259180.267, 135
Trd, 259180.467, 129
Trd, 259180.733, 136
Trd, 259180.800, 123
Trd, 259180.950, 118
Trd, 259181.067, 134
Trd, 259181.217, 119
Trd, 259181.267, 118
Trd, 259181.383, 117
Trd, 259181.533, 122
Trd, 259181.767, 121
Trd, 259182.150, 140
Trd, 259182.200, 140
Trd, 259182.600, 132
Trd, 259182.683, 131
Trd, 259183.317, 132
Trd, 259183.400, 131
Trd, 259183.450, 125
Trd, 259184.350, 140
Trd, 259184.567, 140
Trd, 259184.867, 139
Trd, 259184.967, 139
Trd, 259185.117, 138
Trd, 259185.167, 136
Trd, 259185.600, 139
Trd, 259185.767, 138
Trd, 259186.000, 123
Trd, 259186.267, 122
Trd, 259186.300, 112
Trd, 259186.583, 136
Trd, 259187.067, 132
Trd, 259187.317, 130
Trd, 259187.417, 132
Trd, 259187.433, 122
Trd, 259187.533, 122
Trd, 259187.567, 132
Trd, 259187.833, 121
Trd, 259188.000, 97
Trd, 259188.033, 131
Trd, 259188.350, 132
Trd, 259189.000, 128
Trd, 259189.083, 106
Trd, 259189.133, 94
Trd, 259189.383, 140
Trd, 259189.717, 88
Trd, 259189.867, 81
Trd, 259190.033, 138
Trd, 259190.383, 91
Trd, 259190.467, 137
Trd, 259190.650, 125
Trd, 259191.083, 110
Trd, 259191.400, 110
Trd, 259191.550, 135
Trd, 259191.667, 110
Trd, 259191.950, 134
Trd, 259192.033, 133
Trd, 259192.167, 132
Trd, 259192.183, 119
Trd, 259192.250, 104
Trd, 259192.633, 98
Trd, 259192.650, 90
Trd, 259193.017, 128
Trd, 259193.233, 126
Trd, 259193.700, 93
Trd, 259193.767, 92
Trd, 259194.317, 119
Trd, 259194.367, 124
Trd, 259194.867, 121
Trd, 259194.900, 95
Trd, 259195.067, 95
Trd, 259195.350, 120
Trd, 259195.533, 121
Trd, 259195.700, 95
Trd, 259195.750, 120
Trd, 259196.333, 121
Trd, 259196.417, 116
Trd, 259196.700, 112
Trd, 259197.233, 124
Trd, 259197.567, 113
Trd, 259197.650, 122
Trd, 259197.900, 140
Trd, 259197.950, 139
Trd, 259198.100, 139
Trd, 259198.367, 138
Trd, 259198.583, 121
Trd, 259198.600, 117
Trd, 259198.700, 100
Trd, 259199.167, 138
