Trd, 258595.917, 117
Trd, 258595.983, 116
Trd, 258596.150, 115
Trd, 258596.200, 117
Trd, 258596.483, 118
Trd, 258596.550, 119
Trd, 258596.867, 120
Trd, 258596.883, 121
Trd, 258597.200, 121
Trd, 258597.217, 122
Trd, 258597.300, 131
Trd, 258597.383, 133
Trd, 258597.500, 126
Trd, 258597.550, 121
Trd, 258597.850, 132
Trd, 258597.867, 122
Trd, 258598.217, 122
Trd, 258598.567, 121
Trd, 258598.600, 118
Trd, 258598.867, 72
Trd, 258599.617, 140
Trd, 258599.633, 140
Trd, 258599.700, 139
Trd, 258599.767, 138
Trd, 258600.417, 121
Trd, 258600.633, 92
Trd, 258601.267, 140
Trd, 258601.283, 140
Trd, 258601.917, 140
Trd, 258602.217, 140
Trd, 258602.400, 140
Trd, 258602.417, 140
Trd, 258602.683, 140
Trd, 258602.700, 140
Trd, 258603.000, 139
Trd, 258603.550, 136
Trd, 258603.600, 129
Trd, 258604.083, 135
Trd, 258604.117, 136
Trd, 258604.500, 135
Trd, 258604.800, 136
Trd, 258604.967, 135
Trd, 258605.033, 135
Trd, 258605.383, 135
Trd, 258605.500, 134
Trd, 258606.000, 134
Trd, 258606.067, 117
Trd, 258606.167, 135
Trd, 258606.267, 136
Trd, 258606.300, 117
Trd, 258606.500, 114
Trd, 258606.600, 97
Trd, 258606.733, 91
Trd, 258607.033, 140
Trd, 258607.267, 140
Trd, 258607.450, 140
Trd, 258607.950, 140
Trd, 258607.983, 140
Trd, 258608.383, 140
Trd, 258608.667, 140
Trd, 258608.983, 140
Trd, 258609.333, 140
Trd, 258609.367, 140
Trd, 258609.750, 138
Trd, 258609.783, 133
Trd, 258610.117, 140
Trd, 258610.250, 125
Trd, 258610.333, 120
Trd, 258610.417, 124
Trd, 258610.583, 137
Trd, 258610.617, 137
Trd, 258610.867, 113
Trd, 258611.000, 135
Trd, 258611.033, 137
Trd, 258611.133, 112
Trd, 258611.717, 111
Trd, 258611.867, 110
Trd, 258612.533, 126
Trd, 258612.767, 128
Trd, 258612.883, 127
Trd, 258612.950, 126
Trd, 258613.050, 126
Trd, 258613.100, 127
Trd, 258613.283, 126
Trd, 258613.533, 97
Trd, 258613.950, 80
Trd, 258614.400, 97
Trd, 258614.467, 125
Trd, 258614.833, 125
Trd, 258614.950, 122
Trd, 258615.267, 127
Trd, 258615.450, 133
Trd, 258615.667, 135
Trd, 258616.150, 103
Trd, 258616.367, 130
Trd, 258616.417, 102
Trd, 258616.633, 99
Trd, 258616.700, 128
Trd, 258616.850, 127
Trd, 258616.983, 128
Trd, 258617.033, 127
Trd, 258617.233, 128
Trd, 258617.333, 127
Trd, 258617.650, 135
Trd, 258617.750, 128
Trd, 258618.033, 128
Trd, 258618.633, 134
Trd, 258618.933, 130
Trd, 258618.967, 128
Trd, 258619.150, 129
Trd, 258619.167, 131
Trd, 258619.283, 133
Trd, 258619.367, 134
Trd, 258619.483, 128
Trd, 258620.017, 140
Trd, 258620.400, 140
Trd, 258620.700, 140
Trd, 258620.833, 140
Trd, 258620.933, 140
Trd, 258621.167, 140
Trd, 258621.333, 140
Trd, 258621.417, 140
Trd, 258621.517, 140
Trd, 258621.533, 127
Trd, 258622.150, 111
Trd, 258622.317, 96
Trd, 258622.550, 124
Trd, 258623.017, 129
Trd, 258623.167, 105
Trd, 258623.567, 129
Trd, 258623.833, 135
Trd, 258624.617, 140
Trd, 258624.767, 140
Trd, 258624.800, 140
Trd, 258625.483, 140
Trd, 258625.583, 140
Trd, 258625.967, 140
Trd, 258626.083, 140
Trd, 258626.100, 140
Trd, 258626.150, 140
Trd, 258627.050, 140
Trd, 258627.117, 140
Trd, 258627.467, 140
Trd, 258627.750, 140
Trd, 258627.783, 140
Trd, 258628.333, 140
Trd, 258628.517, 140
Trd, 258628.617, 140
Trd, 258628.783, 140
Trd, 258628.800, 140
Trd, 258628.950, 140
Trd, 258629.033, 140
Trd, 258629.317, 140
Trd, 258629.550, 140
Trd, 258629.667, 140
Trd, 258629.783, 140
Trd, 258630.217, 138
Trd, 258630.350, 139
Trd, 258630.450, 138
Trd, 258630.733, 135
Trd, 258630.750, 120
Trd, 258630.767, 120
Trd, 258630.900, 138
Trd, 258631.350, 120
Trd, 258631.533, 140
Trd, 258631.583, 113
Trd, 258631.783, 140
Trd, 258632.633, 121
Trd, 258632.933, 123
Trd, 258633.000, 134
Trd, 258633.217, 132
Trd, 258633.250, 135
Trd, 258633.617, 133
Trd, 258634.017, 140
Trd, 258634.083, 140
Trd, 258634.583, 140
Trd, 258634.650, 140
Trd, 258634.867, 140
Trd, 258635.000, 140
Trd, 258635.500, 140
Trd, 258635.533, 140
Trd, 258636.350, 140
Trd, 258636.483, 140
Trd, 258636.500, 140
Trd, 258636.617, 140
Trd, 258636.633, 139
Trd, 258636.700, 131
Trd, 258636.800, 115
Trd, 258637.167, 123
Trd, 258637.733, 136
Trd, 258637.967, 135
Trd, 258638.033, 137
Trd, 258638.583, 135
Trd, 258638.750, 134
Trd, 258638.850, 133
Trd, 258638.950, 132
Trd, 258639.200, 133
Trd, 258639.217, 110
Trd, 258639.250, 109
Trd, 258639.383, 129
Trd, 258639.817, 120
Trd, 258639.983, 126
Trd, 258640.300, 130
Trd, 258640.450, 131
Trd, 258641.150, 135
Trd, 258641.317, 134
Trd, 258641.433, 133
Trd, 258641.533, 132
Trd, 258641.733, 136
Trd, 258641.817, 138
Trd, 258641.917, 134
Trd, 258642.033, 133
Trd, 258642.817, 138
Trd, 258643.117, 140
Trd, 258643.300, 139
Trd, 258643.367, 138
Trd, 258643.567, 137
Trd, 258643.683, 136
Trd, 258644.017, 137
Trd, 258644.117, 132
Trd, 258644.300, 109
Trd, 258645.250, 126
Trd, 258645.417, 135
Trd, 258645.650, 131
Trd, 258645.750, 135
Trd, 258645.850, 131
Trd, 258646.150, 131
Trd, 258646.183, 133
Trd, 258646.250, 134
Trd, 258646.267, 133
Trd, 258646.333, 132
Trd, 258646.917, 140
Trd, 258647.233, 140
Trd, 258647.250, 140
Trd, 258647.267, 140
Trd, 258647.517, 140
Trd, 258647.600, 140
Trd, 258647.800, 140
Trd, 258647.833, 140
Trd, 258647.933, 140
Trd, 258648.017, 139
Trd, 258648.367, 100
Trd, 258648.483, 112
Trd, 258648.950, 107
Trd, 258649.167, 137
Trd, 258649.283, 107
Trd, 258649.400, 135
Trd, 258649.633, 133
Trd, 258649.817, 134
Trd, 258650.317, 135
Trd, 258650.933, 140
Trd, 258651.033, 140
Trd, 258651.150, 140
Trd, 258651.350, 140
Trd, 258651.950, 140
Trd, 258652.233, 140
Trd, 258652.650, 140
Trd, 258652.717, 140
Trd, 258652.900, 140
Trd, 258653.000, 140
Trd, 258653.417, 140
Trd, 258654.017, 140
Trd, 258654.367, 140
Trd, 258654.417, 140
Trd, 258654.517, 140
Trd, 258655.350, 140
Trd, 258655.367, 140
Trd, 258655.533, 140
Trd, 258655.667, 140
Trd, 258655.733, 140
Trd, 258655.867, 140
Trd, 258656.017, 136
Trd, 258656.200, 121
Trd, 258656.533, 121
Trd, 258656.550, 122
Trd, 258656.650, 110
Trd, 258656.767, 94
Trd, 258656.867, 93
Trd, 258657.300, 125
Trd, 258657.617, 118
Trd, 258657.750, 127
Trd, 258657.900, 133
Trd, 258657.983, 133
Trd, 258658.133, 104
Trd, 258658.817, 128
Trd, 258658.933, 108
Trd, 258658.967, 104
Trd, 258659.167, 129
Trd, 258659.517, 103
Trd, 258659.667, 102
Trd, 258659.783, 101
Trd, 258659.867, 112
Trd, 258659.983, 93
Trd, 258660.267, 113
Trd, 258660.767, 93
Trd, 258660.917, 84
Trd, 258660.933, 80
Trd, 258661.000, 122
Trd, 258661.200, 106
Trd, 258661.383, 66
Trd, 258661.683, 67
Trd, 258662.267, 60
Trd, 258662.350, 60
Trd, 258662.483, 60
Trd, 258662.833, 60
Trd, 258662.883, 61
Trd, 258662.950, 61
Trd, 258663.283, 73
Trd, 258663.350, 66
Trd, 258663.367, 74
Trd, 258663.617, 68
Trd, 258663.850, 74
Trd, 258663.867, 81
Trd, 258663.900, 71
Trd, 258663.933, 69
Trd, 258664.050, 90
Trd, 258664.650, 136
Trd, 258664.767, 139
Trd, 258664.833, 136
Trd, 258664.850, 135
Trd, 258665.567, 120
Trd, 258666.867, 140
Trd, 258666.950, 140
Trd, 258667.017, 139
Trd, 258667.067, 140
Trd, 258667.283, 140
Trd, 258667.417, 140
Trd, 258667.517, 140
Trd, 258667.533, 139
Trd, 258667.550, 137
Trd, 258667.717, 140
Trd, 258667.800, 131
Trd, 258668.250, 140
Trd, 258668.950, 140
Trd, 258669.033, 140
Trd, 258669.083, 140
Trd, 258669.383, 139
Trd, 258669.417, 139
Trd, 258669.550, 138
Trd, 258669.833, 137
Trd, 258670.017, 137
Trd, 258670.050, 136
Trd, 258670.233, 111
Trd, 258670.567, 140
Trd, 258670.700, 140
Trd, 258670.767, 140
Trd, 258670.983, 140
Trd, 258671.150, 140
Trd, 258671.250, 140
Trd, 258671.533, 140
Trd, 258671.700, 140
Trd, 258672.333, 132
Trd, 258672.767, 131
Trd, 258672.800, 135
Trd, 258672.900, 130
Trd, 258673.100, 129
Trd, 258673.833, 131
Trd, 258673.883, 130
Trd, 258674.050, 133
Trd, 258674.150, 129
Trd, 258674.200, 121
Trd, 258674.417, 125
Trd, 258675.233, 121
Trd, 258675.533, 121
Trd, 258675.550, 123
Trd, 258676.000, 120
Trd, 258676.183, 119
Trd, 258676.350, 119
Trd, 258677.050, 116
Trd, 258677.400, 112
Trd, 258677.417, 96
Trd, 258677.483, 92
Trd, 258677.517, 112
Trd, 258677.867, 113
Trd, 258678.050, 115
Trd, 258678.283, 113
Trd, 258678.333, 112
Trd, 258678.500, 111
Trd, 258678.617, 111
Trd, 258678.700, 114
Trd, 258679.000, 98
Trd, 258679.067, 97
Trd, 258679.100, 110
Trd, 258679.117, 88
Trd, 258679.233, 111
Trd, 258679.433, 112
Trd, 258679.500, 113
Trd, 258679.800, 62
Trd, 258680.233, 62
Trd, 258680.383, 63
Trd, 258680.550, 63
Trd, 258680.733, 60
Trd, 258680.767, 63
Trd, 258681.317, 61
Trd, 258681.383, 62
Trd, 258681.500, 63
Trd, 258681.617, 64
Trd, 258681.667, 65
Trd, 258682.033, 63
Trd, 258682.050, 61
Trd, 258682.317, 60
Trd, 258682.883, 64
Trd, 258683.167, 65
Trd, 258683.217, 66
Trd, 258683.350, 82
Trd, 258683.550, 127
Trd, 258683.567, 126
Trd, 258683.867, 80
Trd, 258684.000, 76
Trd, 258684.417, 129
Trd, 258685.183, 140
Trd, 258685.300, 140
Trd, 258685.450, 131
Trd, 258685.483, 129
Trd, 258686.217, 126
Trd, 258686.350, 118
Trd, 258686.567, 99
Trd, 258686.733, 127
Trd, 258686.833, 127
Trd, 258687.033, 99
Trd, 258687.150, 129
Trd, 258687.583, 101
Trd, 258688.417, 140
Trd, 258688.433, 140
Trd, 258688.600, 140
Trd, 258688.617, 118
Trd, 258689.250, 120
Trd, 258689.867, 121
Trd, 258689.983, 120
Trd, 258690.000, 107
Trd, 258690.133, 101
Trd, 258690.333, 92
Trd, 258690.583, 90
Trd, 258690.867, 110
Trd, 258691.183, 118
Trd, 258691.667, 111
Trd, 258691.917, 111
Trd, 258692.050, 110
Trd, 258692.300, 110
Trd, 258692.333, 111
Trd, 258692.417, 113
Trd, 258692.733, 116
Trd, 258692.817, 115
Trd, 258692.850, 106
Trd, 258693.100, 115
Trd, 258693.200, 107
Trd, 258693.300, 115
Trd, 258693.700, 115
Trd, 258693.967, 116
Trd, 258694.133, 114
Trd, 258694.433, 120
Trd, 258694.450, 124
Trd, 258694.933, 125
Trd, 258695.000, 124
Trd, 258695.500, 125
Trd, 258695.550, 126
Trd, 258695.750, 140
Trd, 258696.183, 140
Trd, 258696.283, 140
Trd, 258696.317, 140
Trd, 258696.533, 133
Trd, 258696.700, 139
Trd, 258696.950, 140
Trd, 258696.983, 140
Trd, 258697.250, 126
Trd, 258697.400, 126
Trd, 258697.533, 126
Trd, 258698.017, 123
Trd, 258698.283, 121
Trd, 258699.833, 140
Trd, 258699.917, 140
Trd, 258699.983, 140
Trd, 258700.000, 140
Trd, 258700.033, 140
Trd, 258700.067, 140
Trd, 258700.317, 128
Trd, 258700.383, 127
Trd, 258700.650, 115
Trd, 258700.683, 135
Trd, 258700.983, 115
Trd, 258701.167, 133
Trd, 258701.267, 133
Trd, 258701.933, 121
Trd, 258702.100, 116
Trd, 258702.317, 115
Trd, 258702.967, 115
Trd, 258703.067, 115
Trd, 258703.100, 113
Trd, 258703.117, 122
Trd, 258703.200, 112
Trd, 258703.250, 122
Trd, 258703.300, 123
Trd, 258703.400, 124
Trd, 258703.617, 112
Trd, 258704.067, 101
Trd, 258704.150, 120
Trd, 258704.200, 100
Trd, 258704.367, 121
Trd, 258704.733, 121
Trd, 258705.250, 121
Trd, 258705.483, 121
Trd, 258705.667, 87
Trd, 258705.733, 101
Trd, 258705.950, 86
Trd, 258706.100, 97
Trd, 258706.267, 121
Trd, 258706.367, 96
Trd, 258706.650, 136
Trd, 258707.233, 106
Trd, 258707.483, 106
Trd, 258707.533, 105
Trd, 258707.617, 102
Trd, 258707.633, 107
Trd, 258708.100, 140
Trd, 258708.400, 140
Trd, 258708.667, 140
Trd, 258708.733, 140
Trd, 258708.800, 140
Trd, 258708.883, 140
Trd, 258708.917, 140
Trd, 258709.267, 139
Trd, 258709.550, 139
Trd, 258709.717, 138
Trd, 258709.767, 102
Trd, 258709.967, 139
Trd, 258710.000, 101
Trd, 258710.033, 100
Trd, 258711.150, 140
Trd, 258711.233, 140
Trd, 258711.433, 140
Trd, 258711.900, 140
Trd, 258711.917, 140
Trd, 258711.933, 140
Trd, 258712.017, 140
Trd, 258712.233, 140
Trd, 258712.250, 112
Trd, 258713.033, 139
Trd, 258713.200, 128
Trd, 258713.600, 132
Trd, 258713.900, 134
Trd, 258713.983, 135
Trd, 258714.467, 136
Trd, 258714.567, 135
Trd, 258714.767, 135
Trd, 258714.783, 136
Trd, 258714.933, 133
Trd, 258715.033, 137
Trd, 258715.283, 132
Trd, 258715.433, 129
Trd, 258715.467, 139
Trd, 258715.700, 117
Trd, 258716.433, 106
Trd, 258717.083, 122
Trd, 258717.150, 122
Trd, 258717.400, 133
Trd, 258717.617, 138
Trd, 258717.683, 137
Trd, 258718.383, 136
Trd, 258718.433, 136
Trd, 258718.483, 135
Trd, 258718.600, 136
Trd, 258718.917, 134
Trd, 258719.317, 131
Trd, 258719.650, 140
Trd, 258719.733, 140
Trd, 258719.800, 140
Trd, 258719.967, 140
Trd, 258720.017, 140
Trd, 258720.167, 114
Trd, 258720.450, 107
Trd, 258720.850, 138
Trd, 258721.117, 131
Trd, 258721.183, 110
Trd, 258721.467, 109
Trd, 258721.950, 123
Trd, 258722.150, 120
Trd, 258722.183, 119
Trd, 258722.450, 110
Trd, 258722.633, 119
Trd, 258722.717, 110
Trd, 258722.933, 113
Trd, 258723.167, 112
Trd, 258723.217, 111
Trd, 258723.283, 110
Trd, 258723.333, 109
Trd, 258723.367, 111
Trd, 258723.650, 113
Trd, 258723.950, 111
Trd, 258724.000, 113
Trd, 258724.133, 112
Trd, 258724.350, 113
Trd, 258724.900, 126
Trd, 258725.017, 111
Trd, 258725.100, 112
Trd, 258725.200, 112
Trd, 258725.250, 113
Trd, 258725.733, 109
Trd, 258725.850, 132
Trd, 258725.867, 101
Trd, 258725.983, 101
Trd, 258726.950, 60
Trd, 258727.000, 61
Trd, 258727.600, 67
Trd, 258728.033, 63
Trd, 258728.117, 63
Trd, 258728.283, 63
Trd, 258728.350, 64
Trd, 258728.500, 65
Trd, 258728.617, 65
Trd, 258728.900, 65
Trd, 258728.950, 66
Trd, 258729.100, 76
Trd, 258729.150, 84
Trd, 258729.283, 108
Trd, 258729.333, 126
Trd, 258729.967, 110
Trd, 258730.283, 111
Trd, 258730.767, 114
Trd, 258730.783, 113
Trd, 258730.883, 112
Trd, 258731.550, 116
Trd, 258731.700, 114
Trd, 258731.750, 118
Trd, 258731.967, 113
Trd, 258732.000, 116
Trd, 258732.350, 111
Trd, 258732.433, 117
Trd, 258732.583, 110
Trd, 258732.667, 118
Trd, 258732.900, 120
Trd, 258733.000, 120
Trd, 258733.083, 110
Trd, 258733.400, 113
Trd, 258733.667, 114
Trd, 258733.983, 125
Trd, 258734.367, 124
Trd, 258734.450, 123
Trd, 258734.583, 124
Trd, 258734.817, 124
Trd, 258734.867, 123
Trd, 258734.950, 140
Trd, 258735.033, 117
Trd, 258735.117, 107
Trd, 258735.150, 140
Trd, 258735.317, 88
Trd, 258735.883, 60
Trd, 258736.483, 60
Trd, 258736.517, 60
Trd, 258736.883, 60
Trd, 258737.183, 60
Trd, 258737.367, 60
Trd, 258737.750, 60
Trd, 258737.950, 64
Trd, 258737.967, 63
Trd, 258738.167, 67
Trd, 258738.217, 68
Trd, 258738.300, 68
Trd, 258738.583, 69
Trd, 258739.183, 72
Trd, 258739.450, 100
Trd, 258740.083, 130
Trd, 258740.283, 84
Trd, 258740.333, 132
Trd, 258740.467, 84
Trd, 258740.550, 85
Trd, 258740.833, 123
Trd, 258741.333, 91
Trd, 258741.433, 121
Trd, 258741.783, 108
Trd, 258742.300, 116
Trd, 258742.383, 115
Trd, 258742.500, 107
Trd, 258743.017, 114
Trd, 258743.083, 115
Trd, 258743.183, 117
Trd, 258743.250, 117
Trd, 258743.283, 116
Trd, 258743.467, 118
Trd, 258743.533, 117
Trd, 258743.667, 118
Trd, 258743.700, 117
Trd, 258743.833, 116
Trd, 258744.050, 119
Trd, 258744.150, 132
Trd, 258744.233, 133
Trd, 258744.483, 118
Trd, 258745.117, 128
Trd, 258745.200, 140
Trd, 258745.233, 121
Trd, 258745.950, 126
Trd, 258746.017, 120
Trd, 258746.300, 134
Trd, 258746.650, 126
Trd, 258746.817, 127
Trd, 258746.833, 130
Trd, 258747.167, 128
Trd, 258747.350, 129
Trd, 258747.467, 129
Trd, 258747.617, 128
Trd, 258747.650, 127
Trd, 258747.683, 128
Trd, 258748.000, 130
Trd, 258748.167, 131
Trd, 258748.483, 132
Trd, 258748.517, 133
Trd, 258748.750, 134
Trd, 258749.117, 136
Trd, 258749.233, 134
Trd, 258749.750, 136
Trd, 258749.767, 135
Trd, 258750.167, 136
Trd, 258750.283, 134
Trd, 258750.367, 136
Trd, 258750.667, 137
Trd, 258751.250, 135
Trd, 258751.333, 138
Trd, 258751.400, 137
Trd, 258751.483, 139
Trd, 258751.700, 140
Trd, 258751.833, 138
Trd, 258752.283, 139
Trd, 258752.317, 139
Trd, 258752.600, 140
Trd, 258752.733, 140
Trd, 258752.917, 140
Trd, 258753.017, 140
Trd, 258753.067, 140
Trd, 258753.233, 115
Trd, 258753.350, 134
Trd, 258753.950, 115
Trd, 258754.183, 116
Trd, 258754.300, 113
Trd, 258754.600, 128
Trd, 258754.633, 93
Trd, 258755.067, 134
Trd, 258755.467, 95
Trd, 258755.517, 133
Trd, 258755.850, 137
Trd, 258756.133, 125
Trd, 258756.517, 124
Trd, 258756.567, 116
Trd, 258756.817, 122
Trd, 258756.900, 113
Trd, 258756.967, 132
Trd, 258756.983, 95
Trd, 258757.067, 133
Trd, 258757.733, 133
Trd, 258757.783, 133
Trd, 258758.033, 135
Trd, 258758.067, 134
Trd, 258758.350, 133
Trd, 258758.433, 131
Trd, 258758.783, 133
Trd, 258758.867, 134
Trd, 258758.917, 132
Trd, 258759.133, 130
Trd, 258759.217, 135
Trd, 258759.333, 130
Trd, 258759.400, 129
Trd, 258759.467, 127
Trd, 258759.933, 113
Trd, 258760.167, 109
Trd, 258760.283, 92
Trd, 258761.067, 138
Trd, 258761.500, 139
Trd, 258761.717, 138
Trd, 258761.750, 137
Trd, 258761.850, 119
Trd, 258762.367, 131
Trd, 258762.483, 135
Trd, 258762.900, 134
Trd, 258763.017, 135
Trd, 258763.367, 133
Trd, 258763.483, 134
Trd, 258763.617, 131
Trd, 258763.967, 132
Trd, 258764.200, 130
Trd, 258764.217, 129
Trd, 258764.317, 131
Trd, 258764.417, 138
Trd, 258764.533, 139
Trd, 258764.600, 134
Trd, 258765.050, 137
Trd, 258765.133, 136
Trd, 258765.150, 135
Trd, 258765.717, 133
Trd, 258765.817, 140
Trd, 258766.000, 115
Trd, 258766.450, 112
Trd, 258766.533, 136
Trd, 258766.783, 115
Trd, 258766.883, 135
Trd, 258767.267, 133
Trd, 258767.367, 118
Trd, 258767.533, 136
Trd, 258767.783, 118
Trd, 258767.950, 117
Trd, 258768.050, 116
Trd, 258768.367, 116
Trd, 258768.900, 127
Trd, 258769.100, 128
Trd, 258769.150, 115
Trd, 258769.983, 122
Trd, 258770.267, 123
Trd, 258770.350, 124
Trd, 258770.517, 126
Trd, 258770.783, 122
Trd, 258771.067, 113
Trd, 258771.217, 106
Trd, 258771.250, 105
Trd, 258771.333, 101
Trd, 258771.400, 100
Trd, 258771.800, 87
Trd, 258772.200, 89
Trd, 258772.217, 124
Trd, 258772.283, 88
Trd, 258772.533, 123
Trd, 258773.550, 114
Trd, 258773.567, 115
Trd, 258773.600, 117
Trd, 258773.717, 124
Trd, 258773.983, 105
Trd, 258774.200, 104
Trd, 258774.300, 103
Trd, 258774.500, 121
Trd, 258774.950, 105
Trd, 258775.083, 123
Trd, 258775.100, 104
Trd, 258775.600, 128
Trd, 258775.900, 128
Trd, 258776.017, 116
Trd, 258776.100, 126
Trd, 258776.600, 127
Trd, 258776.633, 120
Trd, 258777.367, 126
Trd, 258777.517, 128
Trd, 258777.633, 134
Trd, 258777.683, 128
Trd, 258777.800, 128
Trd, 258778.233, 131
Trd, 258778.300, 130
Trd, 258778.600, 132
Trd, 258778.633, 133
Trd, 258778.650, 131
Trd, 258778.733, 128
Trd, 258779.267, 133
Trd, 258779.283, 123
Trd, 258779.750, 123
Trd, 258779.833, 131
Trd, 258779.950, 122
Trd, 258780.450, 128
Trd, 258780.583, 111
Trd, 258780.600, 110
Trd, 258780.967, 109
Trd, 258781.483, 122
Trd, 258781.633, 126
Trd, 258781.717, 116
Trd, 258781.783, 116
Trd, 258781.967, 115
Trd, 258782.217, 114
Trd, 258782.283, 112
Trd, 258782.317, 122
Trd, 258782.567, 122
Trd, 258782.667, 112
Trd, 258783.017, 120
Trd, 258783.117, 120
Trd, 258783.433, 119
Trd, 258783.600, 120
Trd, 258783.617, 88
Trd, 258783.717, 86
Trd, 258783.850, 121
Trd, 258784.850, 107
Trd, 258785.017, 119
Trd, 258785.200, 120
Trd, 258785.467, 110
Trd, 258785.550, 109
Trd, 258785.883, 112
Trd, 258785.950, 110
Trd, 258786.433, 110
Trd, 258786.450, 131
Trd, 258786.500, 109
Trd, 258786.617, 109
Trd, 258786.883, 126
Trd, 258787.383, 130
Trd, 258787.467, 128
Trd, 258787.533, 133
Trd, 258787.733, 129
Trd, 258788.083, 131
Trd, 258788.350, 128
Trd, 258788.567, 128
Trd, 258788.617, 127
Trd, 258788.983, 118
Trd, 258789.283, 126
Trd, 258789.350, 126
Trd, 258789.483, 124
Trd, 258789.500, 117
Trd, 258789.683, 119
Trd, 258790.150, 122
Trd, 258790.250, 107
Trd, 258790.433, 119
Trd, 258790.900, 119
Trd, 258790.950, 87
Trd, 258791.083, 120
Trd, 258791.183, 85
Trd, 258791.733, 88
Trd, 258791.867, 109
Trd, 258792.000, 98
Trd, 258792.283, 110
Trd, 258792.333, 100
Trd, 258792.683, 113
Trd, 258792.717, 115
Trd, 258792.783, 113
Trd, 258792.833, 112
Trd, 258793.000, 100
Trd, 258793.583, 109
Trd, 258793.967, 103
Trd, 258794.400, 103
Trd, 258795.050, 99
Trd, 258795.100, 98
Trd, 258795.233, 99
Trd, 258795.267, 100
Trd, 258795.533, 98
Trd, 258796.033, 100
Trd, 258796.367, 100
Trd, 258796.400, 95
Trd, 258796.533, 101
Trd, 258796.783, 104
Trd, 258796.850, 95
Trd, 258796.917, 107
Trd, 258796.933, 94
Trd, 258797.150, 93
Trd, 258797.300, 83
Trd, 258797.517, 61
Trd, 258798.167, 60
Trd, 258798.183, 69
Trd, 258798.683, 140
Trd, 258798.983, 140
Trd, 258799.417, 140
Trd, 258799.483, 140
Trd, 258799.517, 139
Trd, 258799.667, 138
Trd, 258800.183, 114
Trd, 258800.317, 137
Trd, 258800.950, 140
Trd, 258801.233, 140
Trd, 258801.267, 140
Trd, 258801.417, 140
Trd, 258801.533, 140
Trd, 258801.600, 140
Trd, 258801.733, 140
Trd, 258801.750, 140
Trd, 258802.133, 139
Trd, 258802.233, 139
Trd, 258802.383, 136
Trd, 258802.517, 139
Trd, 258802.783, 136
Trd, 258802.933, 136
Trd, 258803.117, 135
Trd, 258803.400, 135
Trd, 258803.533, 134
Trd, 258803.817, 132
Trd, 258803.900, 133
Trd, 258804.200, 127
Trd, 258804.267, 120
Trd, 258804.417, 111
Trd, 258804.450, 101
Trd, 258804.517, 128
Trd, 258805.400, 125
Trd, 258805.433, 126
Trd, 258805.483, 127
Trd, 258805.633, 134
Trd, 258805.967, 140
Trd, 258806.550, 140
Trd, 258806.983, 140
Trd, 258807.000, 140
Trd, 258807.017, 140
Trd, 258807.333, 140
Trd, 258807.367, 140
Trd, 258807.600, 140
Trd, 258807.867, 140
Trd, 258808.200, 140
Trd, 258808.233, 130
Trd, 258808.467, 130
Trd, 258809.567, 134
Trd, 258809.733, 139
Trd, 258809.983, 134
Trd, 258810.133, 134
Trd, 258810.517, 135
Trd, 258810.567, 134
Trd, 258810.750, 133
Trd, 258810.917, 132
Trd, 258811.150, 122
Trd, 258811.250, 131
Trd, 258811.317, 116
Trd, 258811.500, 110
Trd, 258811.533, 109
Trd, 258811.583, 127
Trd, 258811.933, 127
Trd, 258812.350, 127
Trd, 258812.917, 128
Trd, 258813.017, 130
Trd, 258813.050, 128
Trd, 258813.233, 130
Trd, 258813.617, 130
Trd, 258813.800, 128
Trd, 258814.517, 124
Trd, 258814.600, 126
Trd, 258814.617, 127
Trd, 258814.883, 124
Trd, 258814.900, 123
Trd, 258815.000, 122
Trd, 258815.100, 119
Trd, 258815.450, 119
Trd, 258815.483, 118
Trd, 258815.533, 91
Trd, 258816.183, 124
Trd, 258816.200, 120
Trd, 258817.100, 120
Trd, 258817.133, 121
Trd, 258817.200, 125
Trd, 258817.350, 128
Trd, 258817.383, 103
Trd, 258817.567, 102
Trd, 258817.733, 130
Trd, 258817.867, 104
Trd, 258818.283, 111
Trd, 258818.467, 120
Trd, 258818.567, 129
Trd, 258818.600, 113
Trd, 258818.750, 113
Trd, 258818.950, 113
Trd, 258818.967, 128
Trd, 258819.217, 130
Trd, 258819.300, 121
Trd, 258819.500, 113
Trd, 258819.517, 112
Trd, 258819.833, 125
Trd, 258820.050, 125
Trd, 258820.167, 125
Trd, 258820.250, 127
Trd, 258820.600, 132
Trd, 258820.967, 130
Trd, 258820.983, 132
Trd, 258821.067, 134
Trd, 258821.733, 140
Trd, 258821.867, 140
Trd, 258822.383, 140
Trd, 258822.950, 140
Trd, 258823.033, 140
Trd, 258823.633, 140
Trd, 258823.933, 140
Trd, 258824.033, 140
Trd, 258824.500, 140
Trd, 258824.817, 140
Trd, 258825.117, 140
Trd, 258825.367, 140
Trd, 258825.400, 140
Trd, 258825.467, 140
Trd, 258825.550, 137
Trd, 258825.733, 138
Trd, 258826.017, 137
Trd, 258826.050, 112
Trd, 258826.183, 112
Trd, 258826.350, 140
Trd, 258826.400, 111
Trd, 258826.800, 114
Trd, 258827.017, 138
Trd, 258827.383, 124
Trd, 258827.733, 116
Trd, 258828.067, 117
Trd, 258828.300, 126
Trd, 258828.517, 118
Trd, 258828.550, 126
Trd, 258828.600, 127
Trd, 258828.783, 116
Trd, 258829.350, 122
Trd, 258829.450, 115
Trd, 258830.000, 122
Trd, 258830.267, 122
Trd, 258830.367, 122
Trd, 258830.417, 121
Trd, 258830.767, 123
Trd, 258830.900, 122
Trd, 258831.067, 121
Trd, 258831.200, 122
Trd, 258831.233, 122
Trd, 258831.300, 138
Trd, 258831.317, 125
Trd, 258831.400, 121
Trd, 258831.583, 121
Trd, 258831.950, 120
Trd, 258832.433, 140
Trd, 258832.517, 140
Trd, 258832.617, 140
Trd, 258832.883, 140
Trd, 258833.150, 140
Trd, 258833.583, 140
Trd, 258833.683, 140
Trd, 258833.950, 140
Trd, 258834.250, 140
Trd, 258834.583, 140
Trd, 258835.050, 140
Trd, 258835.300, 140
Trd, 258835.617, 139
Trd, 258836.050, 135
Trd, 258836.150, 123
Trd, 258836.400, 116
Trd, 258836.483, 100
Trd, 258836.733, 126
Trd, 258836.883, 97
Trd, 258837.133, 94
Trd, 258837.683, 109
Trd, 258837.917, 122
Trd, 258838.200, 116
Trd, 258838.400, 116
Trd, 258838.917, 115
Trd, 258839.033, 115
Trd, 258839.183, 110
Trd, 258839.250, 109
Trd, 258839.300, 107
Trd, 258839.333, 116
Trd, 258839.550, 115
Trd, 258839.667, 129
Trd, 258839.833, 114
Trd, 258839.850, 113
Trd, 258840.800, 126
Trd, 258841.333, 128
Trd, 258841.467, 129
Trd, 258841.550, 131
Trd, 258841.583, 132
Trd, 258842.417, 140
Trd, 258842.717, 140
Trd, 258842.783, 140
Trd, 258843.033, 140
Trd, 258843.383, 140
Trd, 258843.483, 140
Trd, 258843.683, 140
Trd, 258843.850, 140
Trd, 258844.183, 140
Trd, 258844.417, 140
Trd, 258844.650, 140
Trd, 258844.667, 140
Trd, 258844.683, 140
Trd, 258844.817, 138
Trd, 258845.000, 134
Trd, 258845.450, 133
Trd, 258846.100, 128
Trd, 258846.233, 128
Trd, 258846.450, 131
Trd, 258846.850, 136
Trd, 258847.117, 135
Trd, 258847.267, 136
Trd, 258847.450, 135
Trd, 258847.467, 138
Trd, 258848.133, 140
Trd, 258848.367, 140
Trd, 258848.417, 140
Trd, 258848.750, 139
Trd, 258848.867, 139
Trd, 258849.300, 139
Trd, 258849.400, 140
Trd, 258849.467, 139
Trd, 258849.850, 140
Trd, 258849.867, 138
Trd, 258850.217, 139
Trd, 258850.233, 138
Trd, 258850.250, 138
Trd, 258850.283, 130
Trd, 258850.483, 116
Trd, 258851.050, 126
Trd, 258851.250, 138
Trd, 258851.333, 139
Trd, 258851.550, 137
Trd, 258851.667, 138
Trd, 258851.800, 136
Trd, 258852.083, 135
Trd, 258852.117, 137
Trd, 258852.333, 130
Trd, 258852.533, 131
Trd, 258852.867, 131
Trd, 258852.967, 133
Trd, 258853.033, 139
Trd, 258853.500, 132
Trd, 258853.533, 131
Trd, 258853.783, 138
Trd, 258853.917, 138
Trd, 258854.650, 140
Trd, 258854.967, 140
Trd, 258855.000, 140
Trd, 258855.283, 140
Trd, 258855.533, 140
Trd, 258855.667, 140
Trd, 258856.367, 140
Trd, 258856.650, 140
Trd, 258856.667, 140
Trd, 258856.733, 140
Trd, 258856.767, 140
Trd, 258856.883, 140
Trd, 258856.933, 140
Trd, 258857.333, 138
Trd, 258857.350, 137
Trd, 258857.483, 121
Trd, 258857.517, 138
Trd, 258857.983, 116
Trd, 258858.000, 110
Trd, 258858.417, 109
Trd, 258858.467, 134
Trd, 258858.567, 135
Trd, 258858.783, 108
Trd, 258859.083, 124
Trd, 258859.283, 138
Trd, 258859.433, 111
Trd, 258859.450, 109
Trd, 258859.767, 140
Trd, 258859.867, 109
Trd, 258860.117, 140
Trd, 258860.133, 95
Trd, 258860.350, 121
Trd, 258860.783, 104
Trd, 258861.083, 119
Trd, 258861.100, 103
Trd, 258861.467, 123
Trd, 258861.650, 122
Trd, 258862.167, 127
Trd, 258862.283, 129
Trd, 258862.650, 125
Trd, 258862.833, 126
Trd, 258862.950, 101
Trd, 258862.983, 129
Trd, 258863.350, 104
Trd, 258863.533, 104
Trd, 258863.667, 103
Trd, 258863.967, 122
Trd, 258864.300, 119
Trd, 258864.550, 116
Trd, 258865.200, 113
Trd, 258865.300, 116
Trd, 258865.433, 117
Trd, 258865.750, 116
Trd, 258866.233, 118
Trd, 258866.533, 139
Trd, 258867.067, 140
Trd, 258867.233, 140
Trd, 258867.350, 140
Trd, 258867.567, 140
Trd, 258867.833, 138
Trd, 258868.083, 137
Trd, 258868.283, 140
Trd, 258868.383, 140
Trd, 258868.633, 139
Trd, 258868.933, 138
Trd, 258869.083, 137
Trd, 258869.317, 136
Trd, 258869.450, 136
Trd, 258869.633, 138
Trd, 258870.100, 137
Trd, 258870.167, 127
Trd, 258870.250, 136
Trd, 258870.550, 121
Trd, 258870.567, 135
Trd, 258870.767, 120
Trd, 258870.883, 127
Trd, 258870.933, 119
Trd, 258871.067, 100
Trd, 258871.100, 132
Trd, 258871.267, 124
Trd, 258871.383, 112
Trd, 258871.983, 98
Trd, 258872.300, 140
Trd, 258872.750, 140
Trd, 258872.800, 140
Trd, 258873.250, 140
Trd, 258873.783, 140
Trd, 258873.900, 140
Trd, 258874.183, 135
Trd, 258874.267, 136
Trd, 258874.283, 125
Trd, 258874.717, 131
Trd, 258874.750, 128
Trd, 258875.117, 131
Trd, 258875.367, 131
Trd, 258875.417, 131
Trd, 258875.750, 132
Trd, 258876.417, 140
Trd, 258876.500, 140
Trd, 258876.767, 140
Trd, 258876.800, 140
Trd, 258877.150, 139
Trd, 258877.333, 135
Trd, 258877.650, 138
Trd, 258877.867, 137
Trd, 258877.917, 136
Trd, 258877.933, 136
Trd, 258878.050, 135
Trd, 258878.750, 133
Trd, 258879.033, 136
Trd, 258879.050, 115
Trd, 258879.067, 115
Trd, 258879.100, 138
Trd, 258879.200, 121
Trd, 258879.283, 66
Trd, 258879.317, 64
Trd, 258879.500, 67
Trd, 258880.183, 60
Trd, 258880.567, 60
Trd, 258880.717, 60
Trd, 258880.750, 64
Trd, 258880.867, 66
Trd, 258881.383, 62
Trd, 258881.467, 63
Trd, 258881.483, 72
Trd, 258881.600, 60
Trd, 258882.717, 62
Trd, 258882.833, 63
Trd, 258882.883, 64
Trd, 258882.917, 62
Trd, 258883.000, 65
Trd, 258883.067, 66
Trd, 258883.083, 66
Trd, 258883.167, 71
Trd, 258883.250, 62
Trd, 258883.617, 92
Trd, 258884.200, 62
Trd, 258884.433, 62
Trd, 258884.500, 63
Trd, 258884.983, 90
Trd, 258885.050, 70
Trd, 258885.133, 70
Trd, 258885.283, 91
Trd, 258885.500, 91
Trd, 258885.533, 78
Trd, 258885.833, 77
Trd, 258885.883, 91
Trd, 258886.017, 87
Trd, 258886.250, 97
Trd, 258886.367, 93
Trd, 258886.883, 94
Trd, 258887.117, 94
Trd, 258887.167, 93
Trd, 258887.283, 94
Trd, 258887.300, 97
Trd, 258887.317, 102
Trd, 258887.750, 104
Trd, 258887.833, 93
Trd, 258887.950, 105
Trd, 258888.067, 108
Trd, 258888.083, 92
Trd, 258888.267, 108
Trd, 258888.633, 107
Trd, 258889.050, 116
Trd, 258889.367, 108
Trd, 258889.433, 107
Trd, 258889.533, 117
Trd, 258889.700, 109
Trd, 258890.533, 61
Trd, 258890.633, 64
Trd, 258890.883, 65
Trd, 258890.917, 65
Trd, 258891.083, 64
Trd, 258891.183, 64
Trd, 258891.300, 113
Trd, 258891.817, 110
Trd, 258892.317, 111
Trd, 258892.417, 92
Trd, 258892.433, 91
Trd, 258893.283, 95
Trd, 258893.350, 94
Trd, 258893.783, 102
Trd, 258893.817, 103
Trd, 258894.167, 97
Trd, 258894.250, 102
Trd, 258894.517, 98
Trd, 258894.617, 98
Trd, 258894.633, 99
Trd, 258894.817, 110
Trd, 258895.167, 98
Trd, 258895.467, 110
Trd, 258895.483, 111
Trd, 258895.567, 100
Trd, 258895.783, 140
Trd, 258895.833, 140
Trd, 258895.967, 99
Trd, 258896.083, 127
Trd, 258896.550, 139
Trd, 258896.917, 101
Trd, 258897.033, 105
Trd, 258897.383, 116
Trd, 258897.517, 115
Trd, 258897.567, 115
Trd, 258897.617, 116
Trd, 258897.700, 117
Trd, 258897.717, 116
Trd, 258897.733, 118
Trd, 258897.967, 115
Trd, 258898.017, 114
Trd, 258898.067, 118
Trd, 258898.350, 116
Trd, 258898.367, 100
Trd, 258898.550, 117
Trd, 258898.683, 119
Trd, 258898.800, 90
Trd, 258899.017, 89
Trd, 258899.767, 89
Trd, 258899.783, 78
Trd, 258899.983, 132
Trd, 258900.817, 131
Trd, 258901.350, 118
Trd, 258901.767, 119
Trd, 258902.150, 122
Trd, 258902.400, 123
Trd, 258902.867, 128
Trd, 258902.983, 127
Trd, 258903.000, 126
Trd, 258903.117, 128
Trd, 258903.250, 129
Trd, 258903.333, 128
Trd, 258903.400, 132
Trd, 258903.550, 134
Trd, 258903.567, 129
Trd, 258903.783, 131
Trd, 258903.917, 130
Trd, 258904.550, 133
Trd, 258905.000, 132
Trd, 258905.233, 129
Trd, 258905.400, 129
Trd, 258905.433, 127
Trd, 258905.483, 120
Trd, 258905.517, 134
Trd, 258905.650, 120
Trd, 258905.883, 139
Trd, 258906.000, 137
Trd, 258906.550, 121
Trd, 258906.983, 121
Trd, 258907.100, 120
Trd, 258907.883, 140
Trd, 258908.200, 140
Trd, 258908.383, 140
Trd, 258908.450, 140
Trd, 258908.617, 140
Trd, 258908.700, 140
Trd, 258908.833, 140
Trd, 258908.900, 140
Trd, 258909.150, 140
Trd, 258909.167, 140
Trd, 258909.267, 140
Trd, 258909.800, 140
Trd, 258910.050, 140
Trd, 258911.083, 140
Trd, 258911.550, 140
Trd, 258911.767, 140
Trd, 258911.917, 140
Trd, 258911.967, 140
Trd, 258912.167, 140
Trd, 258912.183, 140
Trd, 258912.200, 140
Trd, 258912.217, 140
Trd, 258912.300, 139
Trd, 258912.417, 139
Trd, 258912.900, 138
Trd, 258913.033, 138
Trd, 258913.117, 137
Trd, 258913.367, 138
Trd, 258913.533, 123
Trd, 258913.700, 134
Trd, 258913.717, 122
Trd, 258913.833, 124
Trd, 258913.950, 123
Trd, 258914.467, 133
Trd, 258914.483, 122
Trd, 258914.617, 122
Trd, 258914.800, 134
Trd, 258915.350, 128
Trd, 258915.783, 131
Trd, 258915.933, 131
Trd, 258916.167, 131
Trd, 258916.383, 130
Trd, 258916.500, 131
Trd, 258916.550, 132
Trd, 258916.600, 137
Trd, 258917.283, 134
Trd, 258917.300, 133
Trd, 258917.400, 132
Trd, 258917.617, 140
Trd, 258917.683, 140
Trd, 258917.800, 140
Trd, 258917.933, 140
Trd, 258918.067, 140
Trd, 258918.267, 140
Trd, 258918.283, 140
Trd, 258918.333, 138
Trd, 258918.583, 139
Trd, 258918.617, 121
Trd, 258918.817, 139
Trd, 258919.000, 134
Trd, 258919.150, 112
Trd, 258919.300, 136
Trd, 258920.433, 130
Trd, 258920.950, 131
Trd, 258921.417, 131
Trd, 258921.500, 130
Trd, 258921.633, 129
Trd, 258921.700, 129
Trd, 258921.833, 129
Trd, 258921.933, 128
Trd, 258922.000, 108
Trd, 258922.450, 127
Trd, 258923.017, 125
Trd, 258923.067, 126
Trd, 258923.200, 128
Trd, 258923.350, 130
Trd, 258923.933, 140
Trd, 258924.017, 140
Trd, 258924.117, 140
Trd, 258924.417, 140
Trd, 258924.517, 140
Trd, 258925.233, 140
Trd, 258925.367, 140
Trd, 258925.400, 140
Trd, 258925.433, 140
Trd, 258925.833, 140
Trd, 258925.950, 140
Trd, 258926.250, 140
Trd, 258926.267, 140
Trd, 258926.317, 140
Trd, 258926.350, 139
Trd, 258926.600, 110
Trd, 258926.617, 109
Trd, 258927.283, 133
Trd, 258927.517, 121
Trd, 258927.567, 100
Trd, 258927.650, 134
Trd, 258928.017, 78
Trd, 258928.217, 125
Trd, 258928.233, 126
Trd, 258928.267, 124
Trd, 258928.650, 60
Trd, 258928.867, 60
Trd, 258928.900, 60
Trd, 258929.383, 61
Trd, 258929.583, 61
Trd, 258929.983, 140
Trd, 258930.017, 139
Trd, 258930.800, 140
Trd, 258930.817, 139
Trd, 258930.900, 137
Trd, 258931.067, 121
Trd, 258931.383, 121
Trd, 258931.867, 138
Trd, 258931.900, 139
Trd, 258931.983, 137
Trd, 258932.333, 139
Trd, 258932.800, 139
Trd, 258932.817, 138
Trd, 258932.983, 136
Trd, 258933.067, 135
Trd, 258933.283, 125
Trd, 258933.350, 124
Trd, 258933.883, 138
Trd, 258934.100, 130
Trd, 258934.333, 134
Trd, 258934.367, 138
Trd, 258934.483, 137
Trd, 258934.550, 133
Trd, 258934.717, 132
Trd, 258934.917, 134
Trd, 258935.133, 134
Trd, 258935.433, 136
Trd, 258935.483, 137
Trd, 258935.617, 136
Trd, 258935.633, 137
Trd, 258935.867, 136
Trd, 258935.983, 137
Trd, 258936.117, 137
Trd, 258936.217, 137
Trd, 258936.333, 137
Trd, 258937.150, 139
Trd, 258937.183, 139
Trd, 258937.433, 139
Trd, 258937.867, 140
Trd, 258938.183, 140
Trd, 258938.533, 140
Trd, 258938.550, 139
Trd, 258939.767, 140
Trd, 258939.783, 140
Trd, 258939.867, 140
Trd, 258940.100, 140
Trd, 258940.167, 140
Trd, 258940.233, 140
Trd, 258940.250, 139
Trd, 258940.350, 127
Trd, 258941.167, 134
Trd, 258941.650, 133
Trd, 258941.800, 134
Trd, 258942.017, 132
Trd, 258942.083, 128
Trd, 258942.450, 132
Trd, 258942.733, 121
Trd, 258943.017, 122
Trd, 258943.300, 128
Trd, 258943.433, 125
Trd, 258943.500, 129
Trd, 258943.617, 124
Trd, 258943.633, 134
Trd, 258943.750, 124
Trd, 258943.983, 136
Trd, 258944.400, 127
Trd, 258944.583, 127
Trd, 258945.150, 128
Trd, 258945.450, 121
Trd, 258945.500, 127
Trd, 258945.783, 132
Trd, 258945.950, 133
Trd, 258946.083, 122
Trd, 258946.250, 136
Trd, 258946.483, 131
Trd, 258946.800, 130
Trd, 258946.950, 131
Trd, 258947.300, 126
Trd, 258947.417, 136
Trd, 258947.483, 126
Trd, 258947.500, 124
Trd, 258947.533, 137
Trd, 258947.700, 125
Trd, 258948.133, 138
Trd, 258948.550, 138
Trd, 258948.617, 138
Trd, 258948.900, 128
Trd, 258948.933, 127
Trd, 258949.083, 125
Trd, 258949.167, 125
Trd, 258949.217, 124
Trd, 258949.400, 128
Trd, 258950.033, 140
Trd, 258950.133, 108
Trd, 258950.500, 138
Trd, 258951.283, 139
Trd, 258951.500, 123
Trd, 258951.583, 136
Trd, 258951.650, 140
Trd, 258951.900, 124
Trd, 258952.083, 125
Trd, 258952.433, 125
Trd, 258952.517, 124
Trd, 258952.617, 124
Trd, 258952.833, 124
Trd, 258952.967, 125
Trd, 258953.133, 126
Trd, 258953.167, 124
Trd, 258953.267, 124
Trd, 258953.483, 123
Trd, 258953.633, 119
Trd, 258954.117, 120
Trd, 258954.233, 116
Trd, 258954.250, 117
Trd, 258954.733, 125
Trd, 258954.783, 104
Trd, 258955.167, 62
Trd, 258955.467, 60
Trd, 258955.550, 61
Trd, 258955.600, 62
Trd, 258955.950, 61
Trd, 258956.150, 62
Trd, 258956.183, 60
Trd, 258956.683, 62
Trd, 258956.933, 62
Trd, 258957.050, 63
Trd, 258957.350, 62
Trd, 258957.417, 63
Trd, 258957.500, 66
Trd, 258957.600, 70
Trd, 258957.767, 70
Trd, 258957.967, 71
Trd, 258958.250, 66
Trd, 258958.333, 83
Trd, 258958.617, 125
Trd, 258958.850, 125
Trd, 258959.033, 128
Trd, 258959.833, 103
Trd, 258959.900, 102
Trd, 258960.033, 124
Trd, 258960.233, 140
Trd, 258961.117, 140
Trd, 258961.250, 140
Trd, 258961.533, 140
Trd, 258961.950, 140
Trd, 258962.117, 140
Trd, 258962.300, 140
Trd, 258962.433, 140
Trd, 258962.600, 140
Trd, 258962.967, 140
Trd, 258963.117, 140
Trd, 258963.400, 140
Trd, 258963.450, 140
Trd, 258963.650, 140
Trd, 258963.900, 140
Trd, 258964.067, 140
Trd, 258964.150, 138
Trd, 258964.333, 140
Trd, 258964.500, 140
Trd, 258964.550, 139
Trd, 258964.783, 137
Trd, 258964.800, 126
Trd, 258964.833, 107
Trd, 258965.550, 138
Trd, 258965.633, 137
Trd, 258965.817, 136
Trd, 258965.833, 136
Trd, 258965.867, 138
Trd, 258966.017, 138
Trd, 258967.200, 140
Trd, 258967.433, 140
Trd, 258967.483, 140
Trd, 258967.900, 140
Trd, 258968.033, 140
Trd, 258968.150, 140
Trd, 258968.717, 140
Trd, 258968.733, 137
Trd, 258969.183, 135
Trd, 258969.250, 134
Trd, 258969.333, 139
Trd, 258969.667, 133
Trd, 258969.700, 139
Trd, 258969.967, 134
Trd, 258970.067, 133
Trd, 258970.167, 134
Trd, 258970.217, 135
Trd, 258970.350, 133
Trd, 258970.417, 133
Trd, 258970.517, 137
Trd, 258970.900, 135
Trd, 258971.017, 137
Trd, 258971.067, 136
Trd, 258971.467, 137
Trd, 258971.633, 136
Trd, 258971.900, 139
Trd, 258972.133, 137
Trd, 258972.367, 135
Trd, 258973.117, 135
Trd, 258973.167, 135
Trd, 258973.217, 135
Trd, 258973.500, 139
Trd, 258973.683, 138
Trd, 258973.967, 136
Trd, 258974.017, 135
Trd, 258974.050, 137
Trd, 258974.100, 134
Trd, 258974.283, 136
Trd, 258974.650, 124
Trd, 258974.833, 123
Trd, 258975.433, 124
Trd, 258975.517, 124
Trd, 258975.633, 130
Trd, 258975.867, 124
Trd, 258975.933, 124
Trd, 258976.200, 124
Trd, 258976.350, 123
Trd, 258976.533, 122
Trd, 258976.717, 121
Trd, 258976.833, 120
Trd, 258976.867, 122
Trd, 258977.000, 127
Trd, 258977.483, 127
Trd, 258977.567, 112
Trd, 258977.783, 128
Trd, 258977.883, 96
Trd, 258978.017, 135
Trd, 258978.433, 109
Trd, 258978.683, 94
Trd, 258978.767, 89
Trd, 258978.800, 95
Trd, 258979.017, 102
Trd, 258979.050, 101
Trd, 258979.333, 138
Trd, 258979.383, 102
Trd, 258979.800, 129
Trd, 258980.333, 138
Trd, 258980.750, 119
Trd, 258981.750, 140
Trd, 258982.000, 140
Trd, 258982.533, 140
Trd, 258982.650, 140
Trd, 258982.767, 140
Trd, 258982.800, 140
Trd, 258982.817, 140
Trd, 258982.850, 140
Trd, 258982.917, 136
Trd, 258982.967, 111
Trd, 258983.017, 78
Trd, 258983.400, 137
Trd, 258983.483, 119
Trd, 258984.033, 137
Trd, 258984.067, 136
Trd, 258984.100, 128
Trd, 258984.150, 138
Trd, 258984.250, 120
Trd, 258984.300, 118
Trd, 258984.633, 137
Trd, 258984.650, 136
Trd, 258984.950, 136
Trd, 258985.367, 135
Trd, 258985.417, 135
Trd, 258985.500, 136
Trd, 258985.517, 135
Trd, 258985.850, 135
Trd, 258986.617, 60
Trd, 258986.800, 60
Trd, 258986.850, 60
Trd, 258987.183, 60
Trd, 258987.283, 63
Trd, 258987.783, 60
Trd, 258987.950, 60
Trd, 258988.017, 60
Trd, 258988.233, 60
Trd, 258988.733, 60
Trd, 258988.867, 61
Trd, 258989.000, 60
Trd, 258989.167, 61
Trd, 258989.283, 61
Trd, 258989.450, 62
Trd, 258989.517, 62
Trd, 258989.633, 63
Trd, 258989.700, 64
Trd, 258989.833, 61
Trd, 258990.200, 61
Trd, 258990.317, 62
Trd, 258990.433, 64
Trd, 258990.517, 62
Trd, 258990.833, 62
Trd, 258991.083, 76
Trd, 258991.133, 60
Trd, 258991.450, 74
Trd, 258991.550, 75
Trd, 258991.967, 61
Trd, 258992.250, 61
Trd, 258992.383, 63
Trd, 258992.433, 64
Trd, 258992.817, 64
Trd, 258993.133, 65
Trd, 258993.517, 63
Trd, 258993.950, 71
Trd, 258994.350, 73
Trd, 258994.650, 76
Trd, 258994.817, 77
Trd, 258995.267, 82
Trd, 258995.517, 82
Trd, 258995.567, 81
Trd, 258995.733, 82
Trd, 258995.883, 79
Trd, 258996.383, 85
Trd, 258996.533, 84
Trd, 258996.733, 92
Trd, 258996.783, 81
Trd, 258996.867, 82
Trd, 258996.917, 93
Trd, 258996.967, 100
Trd, 258997.067, 81
Trd, 258997.717, 90
Trd, 258997.917, 91
Trd, 258998.250, 85
Trd, 258998.267, 91
Trd, 258998.450, 92
Trd, 258998.550, 102
Trd, 258998.583, 84
Trd, 258999.033, 138
Trd, 258999.067, 137
Trd, 258999.450, 103
Trd, 258999.483, 135
Trd, 258999.517, 100
Trd, 258999.667, 137
Trd, 258999.817, 103
Trd, 258999.850, 82
Trd, 258999.933, 81
Trd, 259000.450, 133
Trd, 259000.500, 136
Trd, 259000.950, 140
Trd, 259001.050, 136
Trd, 259001.500, 130
Trd, 259001.700, 140
Trd, 259001.900, 140
Trd, 259002.183, 133
Trd, 259002.267, 133
Trd, 259002.283, 132
Trd, 259002.617, 132
Trd, 259002.633, 131
Trd, 259002.950, 132
Trd, 259003.017, 132
Trd, 259003.200, 132
Trd, 259003.283, 133
Trd, 259003.400, 131
Trd, 259003.450, 131
Trd, 259003.917, 131
Trd, 259004.050, 129
Trd, 259004.317, 130
Trd, 259004.600, 130
Trd, 259004.650, 131
Trd, 259004.967, 129
Trd, 259005.050, 132
Trd, 259005.233, 119
Trd, 259005.583, 125
Trd, 259005.800, 125
Trd, 259005.917, 123
Trd, 259006.033, 119
Trd, 259006.483, 109
Trd, 259007.083, 109
Trd, 259007.350, 109
Trd, 259007.500, 115
Trd, 259007.717, 107
Trd, 259007.733, 106
Trd, 259007.833, 108
Trd, 259007.900, 111
Trd, 259007.967, 85
Trd, 259008.000, 84
Trd, 259008.033, 112
Trd, 259008.583, 115
Trd, 259008.617, 71
Trd, 259009.250, 121
Trd, 259009.283, 128
Trd, 259009.833, 116
Trd, 259010.433, 118
Trd, 259010.483, 118
Trd, 259010.500, 132
Trd, 259010.883, 134
Trd, 259010.950, 134
Trd, 259011.183, 119
Trd, 259011.300, 115
Trd, 259011.467, 110
Trd, 259011.517, 109
Trd, 259011.917, 124
Trd, 259011.967, 127
Trd, 259012.617, 110
Trd, 259012.750, 109
Trd, 259012.783, 129
Trd, 259013.483, 116
Trd, 259013.683, 111
Trd, 259014.417, 90
Trd, 259014.500, 78
Trd, 259014.567, 89
Trd, 259014.650, 90
Trd, 259014.717, 74
Trd, 259014.833, 91
Trd, 259014.950, 92
Trd, 259014.983, 93
Trd, 259015.033, 83
Trd, 259015.300, 102
Trd, 259015.367, 118
Trd, 259015.433, 87
Trd, 259015.583, 86
Trd, 259016.183, 138
Trd, 259016.283, 137
Trd, 259016.350, 111
Trd, 259016.783, 116
Trd, 259016.817, 115
Trd, 259016.833, 118
Trd, 259017.200, 114
Trd, 259017.250, 117
Trd, 259017.633, 116
Trd, 259017.900, 115
Trd, 259017.967, 114
Trd, 259018.017, 116
Trd, 259018.217, 98
Trd, 259018.283, 131
Trd, 259019.233, 140
Trd, 259019.767, 140
Trd, 259019.883, 140
Trd, 259019.917, 140
Trd, 259020.050, 140
Trd, 259020.217, 140
Trd, 259020.433, 140
Trd, 259020.517, 140
Trd, 259020.683, 140
Trd, 259020.900, 140
Trd, 259022.033, 140
Trd, 259022.100, 140
Trd, 259022.150, 139
Trd, 259022.233, 137
Trd, 259022.350, 125
Trd, 259023.233, 140
Trd, 259023.517, 140
Trd, 259023.533, 140
Trd, 259023.650, 140
Trd, 259024.067, 140
Trd, 259024.333, 140
Trd, 259024.917, 140
Trd, 259024.967, 140
Trd, 259025.200, 140
Trd, 259025.283, 140
Trd, 259025.300, 140
Trd, 259025.367, 123
Trd, 259025.400, 112
Trd, 259025.550, 140
Trd, 259025.667, 140
Trd, 259025.683, 139
Trd, 259025.917, 140
Trd, 259026.200, 140
Trd, 259026.267, 139
Trd, 259026.533, 136
Trd, 259026.767, 136
Trd, 259026.933, 137
Trd, 259027.333, 138
Trd, 259027.567, 137
Trd, 259027.683, 136
Trd, 259027.817, 137
Trd, 259028.067, 137
Trd, 259028.450, 138
Trd, 259029.017, 138
Trd, 259029.083, 135
Trd, 259029.567, 135
Trd, 259029.633, 138
Trd, 259029.667, 137
Trd, 259029.717, 139
Trd, 259029.883, 134
Trd, 259029.900, 119
Trd, 259030.400, 137
Trd, 259030.617, 103
Trd, 259030.633, 135
Trd, 259030.733, 139
Trd, 259031.100, 131
Trd, 259031.183, 117
Trd, 259031.667, 120
Trd, 259031.700, 105
Trd, 259032.167, 129
Trd, 259032.533, 108
Trd, 259032.567, 126
Trd, 259032.950, 110
Trd, 259033.033, 126
Trd, 259033.150, 128
Trd, 259033.400, 125
Trd, 259033.467, 123
Trd, 259033.633, 111
Trd, 259033.967, 127
Trd, 259034.033, 112
Trd, 259034.117, 112
Trd, 259034.133, 128
Trd, 259034.167, 131
Trd, 259034.600, 114
Trd, 259034.867, 108
Trd, 259035.483, 110
Trd, 259035.633, 119
Trd, 259035.950, 109
Trd, 259036.133, 126
Trd, 259036.417, 111
Trd, 259036.450, 121
Trd, 259036.533, 125
Trd, 259037.133, 115
Trd, 259037.583, 118
Trd, 259037.650, 114
Trd, 259037.700, 113
Trd, 259037.733, 112
Trd, 259038.000, 117
Trd, 259038.017, 118
Trd, 259038.150, 119
Trd, 259038.250, 119
Trd, 259038.283, 117
Trd, 259038.300, 122
Trd, 259038.350, 113
Trd, 259038.417, 125
Trd, 259038.500, 127
Trd, 259038.633, 111
Trd, 259038.667, 111
Trd, 259038.700, 110
Trd, 259038.950, 132
Trd, 259039.183, 138
Trd, 259039.283, 137
Trd, 259040.300, 140
Trd, 259040.650, 140
Trd, 259040.833, 140
Trd, 259040.900, 130
Trd, 259042.033, 133
Trd, 259042.133, 131
Trd, 259042.250, 128
Trd, 259042.333, 127
Trd, 259042.700, 123
Trd, 259042.950, 109
Trd, 259043.267, 138
Trd, 259043.767, 140
Trd, 259044.467, 140
Trd, 259044.883, 140
Trd, 259044.917, 140
Trd, 259045.033, 140
Trd, 259045.183, 140
Trd, 259045.267, 140
Trd, 259045.317, 140
Trd, 259045.450, 140
Trd, 259045.583, 140
Trd, 259045.783, 140
Trd, 259045.833, 140
Trd, 259045.850, 140
Trd, 259045.983, 138
Trd, 259046.433, 138
Trd, 259046.450, 137
Trd, 259046.867, 139
Trd, 259046.900, 139
Trd, 259046.933, 138
Trd, 259047.017, 138
Trd, 259047.967, 140
Trd, 259047.983, 139
Trd, 259048.467, 139
Trd, 259048.967, 140
Trd, 259049.517, 140
Trd, 259049.983, 140
Trd, 259050.017, 140
Trd, 259050.617, 140
Trd, 259050.667, 140
Trd, 259050.817, 140
Trd, 259051.233, 140
Trd, 259051.350, 140
Trd, 259051.383, 140
Trd, 259051.700, 140
Trd, 259051.867, 140
Trd, 259051.950, 140
Trd, 259052.167, 140
Trd, 259052.267, 140
Trd, 259052.433, 140
Trd, 259052.567, 138
Trd, 259052.583, 137
Trd, 259052.833, 125
Trd, 259052.950, 115
Trd, 259053.383, 140
Trd, 259053.550, 116
Trd, 259053.567, 114
Trd, 259054.733, 125
Trd, 259054.767, 123
Trd, 259055.100, 119
Trd, 259055.200, 121
Trd, 259055.300, 121
Trd, 259055.383, 118
Trd, 259055.500, 117
Trd, 259055.550, 120
Trd, 259055.567, 85
Trd, 259055.717, 120
Trd, 259055.767, 122
Trd, 259055.800, 76
Trd, 259056.717, 120
Trd, 259057.317, 119
Trd, 259057.550, 104
Trd, 259057.883, 117
Trd, 259058.017, 117
Trd, 259058.067, 118
Trd, 259058.267, 130
Trd, 259058.583, 133
Trd, 259058.617, 128
Trd, 259058.700, 140
Trd, 259059.233, 127
Trd, 259059.433, 127
Trd, 259059.917, 131
Trd, 259059.967, 131
Trd, 259060.083, 129
Trd, 259060.500, 125
Trd, 259060.533, 124
Trd, 259060.567, 123
Trd, 259061.033, 140
Trd, 259061.267, 140
Trd, 259061.283, 140
Trd, 259061.350, 139
Trd, 259061.567, 140
Trd, 259062.483, 140
Trd, 259062.517, 140
Trd, 259062.600, 140
Trd, 259062.667, 139
Trd, 259062.717, 113
Trd, 259063.067, 140
Trd, 259063.083, 140
Trd, 259063.217, 139
Trd, 259063.283, 136
Trd, 259063.550, 132
Trd, 259064.033, 132
Trd, 259064.133, 131
Trd, 259064.683, 134
Trd, 259064.717, 133
Trd, 259064.833, 136
Trd, 259064.917, 121
Trd, 259065.067, 137
Trd, 259065.167, 120
Trd, 259065.267, 135
Trd, 259065.683, 108
Trd, 259066.250, 133
Trd, 259066.283, 120
Trd, 259066.617, 111
Trd, 259066.833, 139
Trd, 259067.183, 137
Trd, 259067.267, 136
Trd, 259067.583, 113
Trd, 259068.117, 115
Trd, 259068.433, 116
Trd, 259068.650, 140
Trd, 259069.050, 140
Trd, 259069.100, 140
Trd, 259069.450, 121
Trd, 259069.533, 120
Trd, 259069.583, 119
Trd, 259069.617, 116
Trd, 259070.100, 137
Trd, 259070.167, 136
Trd, 259070.417, 135
Trd, 259070.450, 126
Trd, 259070.500, 115
Trd, 259070.650, 136
Trd, 259070.750, 138
Trd, 259070.917, 139
Trd, 259071.267, 138
Trd, 259071.500, 136
Trd, 259071.717, 129
Trd, 259071.850, 123
Trd, 259072.417, 108
Trd, 259072.500, 130
Trd, 259072.567, 108
Trd, 259072.883, 94
Trd, 259073.033, 92
Trd, 259073.117, 90
Trd, 259073.183, 84
Trd, 259073.467, 121
Trd, 259073.617, 81
Trd, 259073.767, 121
Trd, 259073.967, 62
Trd, 259074.050, 121
Trd, 259074.400, 63
Trd, 259074.917, 117
Trd, 259074.967, 117
Trd, 259075.317, 112
Trd, 259075.867, 114
Trd, 259075.900, 114
Trd, 259076.083, 117
Trd, 259076.850, 124
Trd, 259077.017, 123
Trd, 259077.117, 123
Trd, 259077.150, 127
Trd, 259077.533, 137
Trd, 259077.750, 126
Trd, 259077.867, 125
Trd, 259077.883, 122
Trd, 259078.067, 138
Trd, 259078.433, 122
Trd, 259078.733, 138
Trd, 259078.767, 121
Trd, 259078.867, 139
Trd, 259078.967, 132
Trd, 259079.683, 126
Trd, 259079.783, 140
Trd, 259080.050, 124
Trd, 259080.400, 125
Trd, 259080.867, 127
Trd, 259081.100, 126
Trd, 259081.133, 130
Trd, 259081.400, 131
Trd, 259081.433, 127
Trd, 259081.467, 126
Trd, 259081.567, 133
Trd, 259081.667, 125
Trd, 259081.850, 113
Trd, 259082.533, 125
Trd, 259082.700, 138
Trd, 259082.983, 117
Trd, 259083.300, 117
Trd, 259083.317, 115
Trd, 259083.467, 135
Trd, 259083.550, 137
Trd, 259083.667, 114
Trd, 259083.933, 114
Trd, 259084.033, 113
Trd, 259084.267, 94
Trd, 259084.417, 100
Trd, 259084.817, 124
Trd, 259084.917, 123
Trd, 259084.983, 123
Trd, 259085.083, 124
Trd, 259085.117, 125
Trd, 259085.417, 136
Trd, 259085.850, 140
Trd, 259086.233, 140
Trd, 259086.933, 140
Trd, 259087.200, 140
Trd, 259087.433, 140
Trd, 259087.600, 140
Trd, 259087.933, 140
Trd, 259087.983, 140
Trd, 259088.067, 140
Trd, 259088.200, 140
Trd, 259088.217, 140
Trd, 259088.333, 140
Trd, 259088.617, 112
Trd, 259089.250, 140
Trd, 259089.450, 140
Trd, 259089.733, 140
Trd, 259089.833, 140
Trd, 259089.917, 140
Trd, 259090.250, 140
Trd, 259090.283, 140
Trd, 259090.300, 139
Trd, 259090.517, 121
Trd, 259090.683, 115
Trd, 259091.433, 123
Trd, 259091.683, 118
Trd, 259091.750, 117
Trd, 259091.800, 116
Trd, 259091.867, 116
Trd, 259091.983, 112
Trd, 259092.083, 104
Trd, 259092.350, 95
Trd, 259092.383, 95
Trd, 259092.467, 94
Trd, 259092.933, 95
Trd, 259092.967, 96
Trd, 259093.283, 97
Trd, 259093.317, 96
Trd, 259093.367, 104
Trd, 259093.450, 114
Trd, 259094.300, 97
Trd, 259094.367, 113
Trd, 259094.567, 97
Trd, 259094.583, 96
Trd, 259094.817, 112
Trd, 259095.583, 140
Trd, 259095.817, 140
Trd, 259095.917, 140
Trd, 259096.267, 140
Trd, 259097.017, 140
Trd, 259097.683, 140
Trd, 259098.033, 140
Trd, 259098.517, 140
Trd, 259098.933, 140
Trd, 259099.167, 140
Trd, 259099.467, 140
Trd, 259099.600, 140
Trd, 259099.650, 140
Trd, 259099.683, 140
Trd, 259099.750, 140
Trd, 259099.767, 140
Trd, 259099.867, 140
Trd, 259100.050, 139
Trd, 259100.167, 136
Trd, 259100.283, 130
Trd, 259100.633, 136
Trd, 259101.017, 130
Trd, 259101.033, 129
Trd, 259101.100, 131
Trd, 259101.150, 133
Trd, 259101.167, 112
Trd, 259101.700, 135
Trd, 259101.817, 136
Trd, 259102.217, 137
Trd, 259102.567, 137
Trd, 259102.717, 137
Trd, 259102.733, 138
Trd, 259102.900, 137
Trd, 259102.933, 136
Trd, 259103.400, 137
Trd, 259103.650, 137
Trd, 259103.883, 138
Trd, 259104.150, 138
Trd, 259104.200, 137
Trd, 259104.483, 135
Trd, 259104.750, 136
Trd, 259104.867, 140
Trd, 259105.267, 137
Trd, 259106.017, 138
Trd, 259106.150, 137
Trd, 259106.383, 136
Trd, 259106.650, 114
Trd, 259106.700, 137
Trd, 259106.733, 114
Trd, 259107.150, 136
Trd, 259107.233, 110
Trd, 259108.133, 113
Trd, 259108.417, 113
Trd, 259108.517, 111
Trd, 259108.750, 112
Trd, 259108.900, 113
Trd, 259109.017, 112
Trd, 259109.050, 114
Trd, 259109.167, 111
Trd, 259109.233, 110
Trd, 259109.267, 101
Trd, 259109.633, 92
Trd, 259109.700, 117
Trd, 259109.733, 119
Trd, 259109.833, 73
Trd, 259109.867, 119
Trd, 259109.917, 72
Trd, 259110.683, 135
Trd, 259110.833, 77
Trd, 259111.233, 138
Trd, 259111.550, 140
Trd, 259111.567, 139
Trd, 259112.617, 140
Trd, 259112.967, 140
Trd, 259113.417, 140
Trd, 259113.433, 140
Trd, 259113.567, 140
Trd, 259113.767, 140
Trd, 259113.800, 140
Trd, 259113.850, 140
Trd, 259114.083, 139
Trd, 259114.167, 140
Trd, 259114.200, 138
Trd, 259114.317, 125
Trd, 259114.550, 136
Trd, 259115.067, 123
Trd, 259115.083, 122
Trd, 259115.100, 119
Trd, 259115.150, 140
Trd, 259115.400, 138
Trd, 259115.550, 134
Trd, 259115.867, 119
Trd, 259116.367, 120
Trd, 259116.483, 135
Trd, 259116.850, 124
Trd, 259117.200, 123
Trd, 259117.750, 122
Trd, 259117.867, 121
Trd, 259117.950, 107
Trd, 259117.983, 124
Trd, 259118.300, 79
Trd, 259118.400, 78
Trd, 259118.633, 80
Trd, 259118.700, 122
Trd, 259118.783, 123
Trd, 259119.650, 89
Trd, 259119.917, 115
Trd, 259119.983, 90
Trd, 259120.000, 89
Trd, 259120.317, 114
Trd, 259120.333, 116
Trd, 259120.350, 117
Trd, 259120.433, 93
Trd, 259120.517, 115
Trd, 259120.783, 96
Trd, 259120.817, 114
Trd, 259120.883, 96
Trd, 259120.917, 115
Trd, 259121.150, 116
Trd, 259121.333, 101
Trd, 259121.533, 116
Trd, 259121.783, 119
Trd, 259122.133, 117
Trd, 259122.250, 118
Trd, 259122.283, 119
Trd, 259122.517, 105
Trd, 259122.567, 118
Trd, 259122.800, 105
Trd, 259123.317, 114
Trd, 259123.500, 110
Trd, 259123.617, 110
Trd, 259123.750, 110
Trd, 259123.917, 111
Trd, 259123.967, 110
Trd, 259124.017, 127
Trd, 259124.367, 139
Trd, 259124.767, 139
Trd, 259124.900, 140
Trd, 259124.983, 139
Trd, 259125.267, 116
Trd, 259125.483, 115
Trd, 259126.117, 107
Trd, 259126.167, 106
Trd, 259126.250, 104
Trd, 259126.900, 111
Trd, 259127.017, 126
Trd, 259127.767, 119
Trd, 259128.033, 112
Trd, 259128.233, 122
Trd, 259128.317, 123
Trd, 259128.633, 119
Trd, 259128.683, 117
Trd, 259128.883, 116
Trd, 259128.900, 130
Trd, 259129.133, 125
Trd, 259129.450, 118
Trd, 259129.683, 130
Trd, 259130.000, 130
Trd, 259130.133, 131
Trd, 259130.183, 129
Trd, 259130.233, 127
Trd, 259130.533, 129
Trd, 259130.567, 132
Trd, 259130.750, 133
Trd, 259131.217, 140
Trd, 259131.733, 140
Trd, 259132.150, 140
Trd, 259132.233, 140
Trd, 259132.250, 140
Trd, 259132.633, 140
Trd, 259132.717, 140
Trd, 259132.800, 140
Trd, 259133.083, 137
Trd, 259133.183, 135
Trd, 259133.550, 134
Trd, 259133.833, 135
Trd, 259133.900, 125
Trd, 259134.117, 125
Trd, 259134.183, 124
Trd, 259134.200, 119
Trd, 259134.233, 138
Trd, 259134.367, 109
Trd, 259134.517, 106
Trd, 259134.917, 110
Trd, 259135.050, 108
Trd, 259135.283, 133
Trd, 259135.367, 139
Trd, 259136.067, 139
Trd, 259136.083, 138
Trd, 259136.217, 138
Trd, 259136.550, 139
Trd, 259136.617, 138
Trd, 259136.667, 137
Trd, 259136.700, 118
Trd, 259136.933, 137
Trd, 259136.950, 113
Trd, 259137.617, 112
Trd, 259137.633, 135
Trd, 259138.267, 113
Trd, 259138.300, 111
Trd, 259138.483, 79
Trd, 259138.617, 65
Trd, 259138.983, 129
Trd, 259139.300, 127
Trd, 259139.367, 100
Trd, 259140.100, 109
Trd, 259140.200, 107
Trd, 259140.350, 113
Trd, 259140.800, 123
Trd, 259141.100, 115
Trd, 259141.400, 119
Trd, 259141.633, 119
Trd, 259141.650, 118
Trd, 259141.750, 120
Trd, 259141.967, 120
Trd, 259142.033, 120
Trd, 259142.050, 121
Trd, 259142.167, 125
Trd, 259142.183, 119
Trd, 259142.417, 133
Trd, 259142.700, 117
Trd, 259142.883, 106
Trd, 259143.100, 107
Trd, 259143.133, 120
Trd, 259143.767, 133
Trd, 259143.833, 110
Trd, 259144.083, 109
Trd, 259144.183, 131
Trd, 259144.383, 111
Trd, 259144.617, 112
Trd, 259145.033, 123
Trd, 259145.083, 127
Trd, 259145.450, 128
Trd, 259145.550, 128
Trd, 259145.600, 128
Trd, 259145.833, 139
Trd, 259145.883, 139
Trd, 259146.067, 135
Trd, 259146.550, 140
Trd, 259146.583, 140
Trd, 259147.017, 136
Trd, 259147.283, 140
Trd, 259147.567, 140
Trd, 259147.950, 140
Trd, 259147.967, 139
Trd, 259148.350, 138
Trd, 259148.600, 138
Trd, 259148.650, 137
Trd, 259148.750, 136
Trd, 259148.833, 138
Trd, 259149.367, 137
Trd, 259149.517, 136
Trd, 259149.600, 135
Trd, 259150.400, 140
Trd, 259150.667, 140
Trd, 259150.700, 140
Trd, 259150.733, 140
Trd, 259150.800, 139
Trd, 259150.950, 139
Trd, 259151.017, 140
Trd, 259151.317, 138
Trd, 259151.800, 140
Trd, 259151.950, 140
Trd, 259152.067, 140
Trd, 259152.117, 140
Trd, 259152.250, 140
Trd, 259152.633, 139
Trd, 259152.850, 138
Trd, 259153.033, 138
Trd, 259153.117, 137
Trd, 259153.183, 138
Trd, 259153.267, 140
Trd, 259153.400, 123
Trd, 259153.833, 128
Trd, 259153.917, 127
Trd, 259154.067, 130
Trd, 259154.350, 127
Trd, 259154.500, 140
Trd, 259155.033, 140
Trd, 259155.567, 140
Trd, 259155.583, 133
Trd, 259156.067, 140
Trd, 259156.083, 140
Trd, 259156.517, 139
Trd, 259157.050, 129
Trd, 259157.500, 136
Trd, 259157.817, 140
Trd, 259157.883, 140
Trd, 259157.917, 139
Trd, 259157.967, 140
Trd, 259158.317, 140
Trd, 259158.367, 140
Trd, 259158.550, 139
Trd, 259159.000, 139
Trd, 259159.067, 116
Trd, 259159.100, 134
Trd, 259159.200, 110
Trd, 259159.267, 100
Trd, 259159.367, 95
Trd, 259159.767, 107
Trd, 259159.833, 107
Trd, 259159.867, 106
Trd, 259160.250, 133
Trd, 259160.367, 114
Trd, 259160.433, 134
Trd, 259160.867, 136
Trd, 259161.650, 123
Trd, 259161.783, 123
Trd, 259161.950, 117
Trd, 259162.133, 122
Trd, 259162.367, 122
Trd, 259162.383, 117
Trd, 259162.867, 124
Trd, 259163.083, 130
Trd, 259163.183, 119
Trd, 259163.250, 124
Trd, 259163.517, 131
Trd, 259163.650, 117
Trd, 259163.900, 136
Trd, 259164.000, 97
Trd, 259164.200, 95
Trd, 259164.833, 134
Trd, 259164.933, 133
Trd, 259165.033, 135
Trd, 259165.117, 130
Trd, 259165.483, 136
Trd, 259165.617, 133
Trd, 259165.700, 133
Trd, 259165.833, 135
Trd, 259166.367, 140
Trd, 259166.750, 140
Trd, 259166.917, 140
Trd, 259166.933, 140
Trd, 259167.067, 136
Trd, 259167.117, 134
Trd, 259167.350, 136
Trd, 259167.467, 134
Trd, 259167.583, 135
Trd, 259167.833, 134
Trd, 259168.017, 135
Trd, 259168.333, 136
Trd, 259168.400, 138
Trd, 259168.433, 139
Trd, 259168.567, 134
Trd, 259169.150, 133
Trd, 259169.400, 132
Trd, 259169.600, 132
Trd, 259169.950, 130
Trd, 259170.333, 140
Trd, 259170.783, 140
Trd, 259170.867, 140
Trd, 259171.033, 140
Trd, 259171.067, 140
Trd, 259171.367, 138
Trd, 259171.667, 138
Trd, 259171.700, 139
Trd, 259171.867, 124
Trd, 259173.333, 140
Trd, 259173.467, 140
Trd, 259173.517, 140
Trd, 259173.750, 140
Trd, 259173.800, 140
Trd, 259173.883, 140
Trd, 259173.933, 140
Trd, 259174.000, 140
Trd, 259174.083, 140
Trd, 259174.117, 140
Trd, 259174.150, 138
Trd, 259174.650, 138
Trd, 259174.667, 137
Trd, 259174.917, 132
Trd, 259175.067, 120
Trd, 259175.533, 135
Trd, 259175.633, 120
Trd, 259175.700, 136
Trd, 259175.917, 113
Trd, 259176.250, 138
Trd, 259176.800, 130
Trd, 259176.933, 130
Trd, 259177.017, 129
Trd, 259177.933, 140
Trd, 259177.950, 140
Trd, 259178.233, 140
Trd, 259178.300, 138
Trd, 259178.867, 140
Trd, 259178.967, 140
Trd, 259179.117, 140
Trd, 259179.567, 140
Trd, 259179.617, 140
Trd, 259179.883, 140
Trd, 259179.967, 140
Trd, 259180.033, 140
Trd, 259180.217, 140
Trd, 259180.500, 140
Trd, 259180.567, 140
Trd, 259180.783, 140
Trd, 259180.967, 140
Trd, 259181.033, 140
Trd, 259181.717, 125
Trd, 259182.183, 136
Trd, 259182.667, 129
Trd, 259182.783, 136
Trd, 259183.117, 136
Trd, 259183.633, 137
Trd, 259183.700, 135
Trd, 259183.750, 135
Trd, 259184.167, 134
Trd, 259184.333, 132
Trd, 259184.400, 131
Trd, 259184.500, 134
Trd, 259184.833, 128
Trd, 259185.250, 128
Trd, 259185.317, 124
Trd, 259185.400, 127
Trd, 259185.417, 128
Trd, 259185.567, 124
Trd, 259185.583, 123
Trd, 259185.900, 130
Trd, 259185.917, 117
Trd, 259186.100, 127
Trd, 259186.200, 130
Trd, 259186.217, 131
Trd, 259186.383, 117
Trd, 259186.650, 137
Trd, 259186.883, 117
Trd, 259187.683, 118
Trd, 259188.700, 140
Trd, 259188.733, 140
Trd, 259189.417, 140
Trd, 259189.600, 140
Trd, 259189.967, 140
Trd, 259190.533, 140
Trd, 259190.967, 140
Trd, 259191.117, 140
Trd, 259191.233, 140
Trd, 259191.650, 140
Trd, 259191.717, 140
Trd, 259191.733, 140
Trd, 259191.767, 139
Trd, 259191.967, 139
Trd, 259192.067, 137
Trd, 259192.200, 136
Trd, 259192.483, 127
Trd, 259192.700, 118
Trd, 259193.017, 117
Trd, 259193.050, 116
Trd, 259193.117, 134
Trd, 259193.250, 134
Trd, 259193.450, 134
Trd, 259193.717, 119
Trd, 259193.833, 120
Trd, 259193.900, 118
Trd, 259194.133, 130
Trd, 259194.433, 127
Trd, 259194.500, 117
Trd, 259194.600, 118
Trd, 259194.633, 117
Trd, 259194.867, 127
Trd, 259195.033, 126
Trd, 259195.117, 117
Trd, 259195.433, 127
Trd, 259196.150, 128
Trd, 259196.217, 128
Trd, 259196.317, 122
Trd, 259196.533, 119
Trd, 259196.667, 117
Trd, 259196.817, 122
Trd, 259197.267, 106
Trd, 259197.350, 115
Trd, 259197.383, 120
Trd, 259197.483, 96
Trd, 259198.250, 61
Trd, 259198.267, 62
Trd, 259198.500, 119
Trd, 259198.583, 103
Trd, 259198.667, 97
Trd, 259198.883, 64
Trd, 259198.933, 118
Trd, 259199.167, 119
Trd, 259199.233, 122
Trd, 259199.317, 128
Trd, 259199.683, 124
Trd, 259199.783, 126
Trd, 259199.850, 126
