Trd, 258575.233, 112
Trd, 258575.817, 108
Trd, 258575.883, 115
Trd, 258576.267, 137
Trd, 258576.283, 124
Trd, 258576.317, 122
Trd, 258577.117, 136
Trd, 258577.333, 138
Trd, 258577.483, 140
Trd, 258577.850, 139
Trd, 258578.817, 137
Trd, 258579.550, 139
Trd, 258579.567, 131
Trd, 258579.600, 127
Trd, 258579.900, 133
Trd, 258580.033, 122
Trd, 258580.283, 113
Trd, 258580.433, 112
Trd, 258580.583, 119
Trd, 258580.767, 130
Trd, 258581.133, 134
Trd, 258581.333, 130
Trd, 258581.433, 128
Trd, 258581.650, 102
Trd, 258581.783, 97
Trd, 258581.817, 108
Trd, 258582.050, 96
Trd, 258582.267, 91
Trd, 258582.533, 107
Trd, 258582.817, 90
Trd, 258582.917, 109
Trd, 258583.017, 115
Trd, 258583.267, 115
Trd, 258583.283, 120
Trd, 258584.217, 131
Trd, 258584.383, 129
Trd, 258584.500, 130
Trd, 258584.817, 120
Trd, 258584.900, 94
Trd, 258584.933, 109
Trd, 258585.117, 84
Trd, 258585.400, 140
Trd, 258586.800, 130
Trd, 258586.917, 127
Trd, 258587.100, 124
Trd, 258587.167, 131
Trd, 258587.200, 121
Trd, 258587.250, 120
Trd, 258587.900, 136
Trd, 258588.250, 135
Trd, 258588.600, 124
Trd, 258589.650, 138
Trd, 258590.300, 130
Trd, 258590.350, 132
Trd, 258590.467, 127
Trd, 258590.533, 120
Trd, 258591.000, 133
Trd, 258591.067, 127
Trd, 258591.483, 126
Trd, 258591.783, 128
Trd, 258592.067, 125
Trd, 258592.233, 119
Trd, 258592.267, 118
Trd, 258592.350, 117
Trd, 258592.383, 115
Trd, 258592.417, 95
Trd, 258592.583, 91
Trd, 258592.733, 87
Trd, 258592.817, 110
Trd, 258592.983, 130
Trd, 258593.067, 78
Trd, 258593.533, 106
Trd, 258593.567, 107
Trd, 258593.617, 112
Trd, 258593.650, 126
Trd, 258593.800, 128
Trd, 258594.917, 118
Trd, 258595.300, 119
Trd, 258595.333, 118
Trd, 258595.600, 132
Trd, 258595.733, 127
Trd, 258595.767, 116
Trd, 258595.917, 135
Trd, 258596.267, 129
Trd, 258596.750, 120
Trd, 258596.833, 117
Trd, 258596.867, 106
Trd, 258597.117, 128
Trd, 258597.650, 115
Trd, 258597.667, 137
Trd, 258597.717, 103
Trd, 258599.067, 131
Trd, 258599.383, 117
Trd, 258599.683, 107
Trd, 258600.183, 101
Trd, 258600.200, 104
Trd, 258600.450, 108
Trd, 258600.467, 100
Trd, 258601.317, 107
Trd, 258601.433, 115
Trd, 258601.483, 109
Trd, 258601.550, 124
Trd, 258601.617, 104
Trd, 258601.783, 119
Trd, 258601.900, 125
Trd, 258601.917, 122
Trd, 258602.017, 128
Trd, 258602.100, 112
Trd, 258602.333, 134
Trd, 258603.083, 106
Trd, 258603.183, 106
Trd, 258603.450, 111
Trd, 258603.567, 101
Trd, 258603.600, 113
Trd, 258603.900, 133
Trd, 258604.200, 128
Trd, 258604.283, 111
Trd, 258604.400, 105
Trd, 258604.667, 108
Trd, 258604.700, 97
Trd, 258605.000, 117
Trd, 258605.250, 126
Trd, 258605.600, 125
Trd, 258606.167, 125
Trd, 258606.717, 131
Trd, 258606.867, 116
Trd, 258607.067, 119
Trd, 258607.167, 106
Trd, 258607.617, 128
Trd, 258608.017, 121
Trd, 258608.200, 122
Trd, 258608.267, 126
Trd, 258608.583, 119
Trd, 258608.750, 121
Trd, 258608.800, 137
Trd, 258609.217, 127
Trd, 258609.383, 132
Trd, 258609.867, 139
Trd, 258610.517, 136
Trd, 258610.917, 138
Trd, 258611.250, 139
Trd, 258611.333, 131
Trd, 258611.867, 132
Trd, 258612.083, 127
Trd, 258612.100, 127
Trd, 258612.167, 125
Trd, 258612.317, 124
Trd, 258612.433, 113
Trd, 258613.350, 140
Trd, 258613.533, 126
Trd, 258613.917, 122
Trd, 258613.950, 121
Trd, 258614.050, 116
Trd, 258614.300, 136
Trd, 258614.517, 111
Trd, 258614.583, 111
Trd, 258614.683, 111
Trd, 258614.700, 100
Trd, 258614.950, 130
Trd, 258615.033, 126
Trd, 258615.100, 117
Trd, 258615.267, 116
Trd, 258615.500, 138
Trd, 258615.783, 140
Trd, 258615.967, 120
Trd, 258616.117, 126
Trd, 258616.317, 117
Trd, 258616.650, 131
Trd, 258616.767, 129
Trd, 258616.967, 128
Trd, 258617.700, 128
Trd, 258617.850, 126
Trd, 258618.000, 134
Trd, 258618.217, 124
Trd, 258618.733, 139
Trd, 258619.133, 125
Trd, 258619.167, 121
Trd, 258619.317, 120
Trd, 258619.333, 114
Trd, 258619.683, 130
Trd, 258620.083, 114
Trd, 258620.117, 116
Trd, 258620.450, 139
Trd, 258620.733, 111
Trd, 258621.200, 123
Trd, 258621.483, 128
Trd, 258621.867, 138
Trd, 258622.200, 139
Trd, 258622.717, 138
Trd, 258622.967, 139
Trd, 258623.067, 138
Trd, 258623.083, 134
Trd, 258623.167, 129
Trd, 258623.517, 129
Trd, 258623.650, 127
Trd, 258623.933, 110
Trd, 258624.067, 108
Trd, 258624.267, 113
Trd, 258624.367, 115
Trd, 258624.650, 131
Trd, 258625.067, 124
Trd, 258625.333, 121
Trd, 258625.433, 109
Trd, 258625.650, 128
Trd, 258625.933, 118
Trd, 258625.983, 128
Trd, 258626.050, 117
Trd, 258626.267, 131
Trd, 258626.583, 132
Trd, 258627.000, 136
Trd, 258627.050, 134
Trd, 258627.100, 131
Trd, 258627.417, 130
Trd, 258627.450, 130
Trd, 258628.217, 128
Trd, 258628.400, 126
Trd, 258628.900, 123
Trd, 258629.300, 127
Trd, 258629.683, 120
Trd, 258629.733, 119
Trd, 258629.767, 121
Trd, 258630.183, 131
Trd, 258630.750, 118
Trd, 258630.817, 131
Trd, 258630.967, 118
Trd, 258631.033, 117
Trd, 258631.233, 133
Trd, 258631.483, 128
Trd, 258631.617, 114
Trd, 258631.700, 112
Trd, 258631.850, 122
Trd, 258632.267, 139
Trd, 258632.350, 117
Trd, 258632.400, 116
Trd, 258632.583, 124
Trd, 258632.650, 120
Trd, 258632.733, 115
Trd, 258632.767, 113
Trd, 258633.067, 105
Trd, 258634.067, 139
Trd, 258634.300, 126
Trd, 258634.567, 127
Trd, 258634.583, 126
Trd, 258634.817, 137
Trd, 258634.917, 126
Trd, 258635.267, 126
Trd, 258635.483, 92
Trd, 258635.650, 129
Trd, 258635.833, 116
Trd, 258635.883, 111
Trd, 258636.017, 110
Trd, 258636.100, 109
Trd, 258636.517, 73
Trd, 258636.717, 106
Trd, 258636.950, 130
Trd, 258637.000, 77
Trd, 258637.283, 78
Trd, 258637.383, 107
Trd, 258637.483, 110
Trd, 258637.650, 93
Trd, 258637.950, 103
Trd, 258638.633, 133
Trd, 258639.067, 123
Trd, 258639.317, 122
Trd, 258639.333, 122
Trd, 258639.467, 123
Trd, 258639.833, 134
Trd, 258640.017, 135
Trd, 258640.183, 124
Trd, 258640.233, 122
Trd, 258640.467, 121
Trd, 258641.183, 139
Trd, 258641.200, 125
Trd, 258641.867, 126
Trd, 258642.083, 122
Trd, 258642.350, 123
Trd, 258642.517, 122
Trd, 258642.600, 130
Trd, 258642.700, 122
Trd, 258642.750, 121
Trd, 258643.083, 133
Trd, 258643.150, 119
Trd, 258643.167, 110
Trd, 258643.600, 116
Trd, 258644.200, 130
Trd, 258644.300, 124
Trd, 258644.600, 137
Trd, 258644.683, 136
Trd, 258644.767, 131
Trd, 258645.400, 123
Trd, 258645.467, 131
Trd, 258646.067, 114
Trd, 258646.300, 118
Trd, 258646.517, 109
Trd, 258646.567, 113
Trd, 258646.883, 103
Trd, 258646.967, 103
Trd, 258647.600, 134
Trd, 258647.650, 128
Trd, 258647.950, 134
Trd, 258648.433, 123
Trd, 258648.867, 135
Trd, 258648.933, 128
Trd, 258648.983, 116
Trd, 258649.017, 113
Trd, 258649.250, 135
Trd, 258649.533, 130
Trd, 258649.750, 139
Trd, 258649.917, 135
Trd, 258649.933, 129
Trd, 258650.133, 121
Trd, 258650.283, 118
Trd, 258650.633, 120
Trd, 258650.883, 134
Trd, 258650.917, 118
Trd, 258651.017, 137
Trd, 258651.167, 117
Trd, 258651.583, 140
Trd, 258652.117, 131
Trd, 258653.100, 140
Trd, 258653.217, 139
Trd, 258653.367, 113
Trd, 258653.867, 131
Trd, 258654.150, 113
Trd, 258654.217, 108
Trd, 258654.983, 134
Trd, 258655.233, 140
Trd, 258655.617, 134
Trd, 258655.967, 115
Trd, 258656.033, 123
Trd, 258656.383, 106
Trd, 258656.517, 135
Trd, 258656.667, 114
Trd, 258656.950, 138
Trd, 258657.100, 104
Trd, 258657.333, 103
Trd, 258657.417, 102
Trd, 258657.433, 101
Trd, 258658.083, 131
Trd, 258658.633, 135
Trd, 258658.917, 133
Trd, 258658.933, 123
Trd, 258659.050, 128
Trd, 258659.250, 126
Trd, 258659.350, 121
Trd, 258659.450, 115
Trd, 258659.650, 113
Trd, 258659.983, 109
Trd, 258660.000, 102
Trd, 258660.033, 100
Trd, 258660.067, 99
Trd, 258660.083, 95
Trd, 258660.483, 120
Trd, 258660.667, 119
Trd, 258660.867, 112
Trd, 258661.100, 127
Trd, 258661.750, 126
Trd, 258661.850, 102
Trd, 258662.150, 101
Trd, 258662.317, 134
Trd, 258662.850, 100
Trd, 258663.367, 100
Trd, 258663.417, 99
Trd, 258663.467, 118
Trd, 258663.733, 88
Trd, 258663.817, 116
Trd, 258663.900, 118
Trd, 258663.933, 121
Trd, 258664.150, 140
Trd, 258664.383, 89
Trd, 258664.933, 116
Trd, 258665.083, 131
Trd, 258665.100, 126
Trd, 258665.133, 87
Trd, 258665.750, 136
Trd, 258665.867, 139
Trd, 258665.883, 135
Trd, 258666.133, 133
Trd, 258666.950, 128
Trd, 258667.017, 127
Trd, 258667.167, 125
Trd, 258667.750, 134
Trd, 258667.900, 117
Trd, 258667.917, 114
Trd, 258668.150, 106
Trd, 258668.267, 117
Trd, 258668.333, 93
Trd, 258668.367, 116
Trd, 258668.717, 127
Trd, 258668.850, 125
Trd, 258669.000, 106
Trd, 258669.417, 125
Trd, 258669.767, 135
Trd, 258670.367, 124
Trd, 258670.567, 123
Trd, 258670.683, 118
Trd, 258671.083, 131
Trd, 258671.233, 126
Trd, 258671.483, 123
Trd, 258672.300, 133
Trd, 258672.467, 117
Trd, 258672.550, 115
Trd, 258672.900, 121
Trd, 258672.983, 113
Trd, 258673.000, 109
Trd, 258673.183, 134
Trd, 258673.283, 124
Trd, 258673.333, 111
Trd, 258673.533, 104
Trd, 258673.850, 99
Trd, 258674.550, 118
Trd, 258674.783, 117
Trd, 258674.800, 94
Trd, 258674.917, 92
Trd, 258675.383, 131
Trd, 258675.750, 112
Trd, 258675.967, 116
Trd, 258676.000, 103
Trd, 258676.133, 133
Trd, 258676.300, 124
Trd, 258676.350, 123
Trd, 258676.417, 122
Trd, 258676.767, 129
Trd, 258676.817, 129
Trd, 258677.117, 108
Trd, 258677.233, 107
Trd, 258677.600, 109
Trd, 258677.633, 103
Trd, 258677.750, 133
Trd, 258677.817, 92
Trd, 258677.983, 117
Trd, 258678.100, 87
Trd, 258678.517, 126
Trd, 258679.250, 131
Trd, 258679.333, 130
Trd, 258679.367, 124
Trd, 258679.750, 123
Trd, 258679.767, 122
Trd, 258680.150, 121
Trd, 258680.267, 121
Trd, 258680.333, 124
Trd, 258680.383, 113
Trd, 258680.450, 109
Trd, 258680.467, 117
Trd, 258680.700, 114
Trd, 258681.267, 138
Trd, 258681.433, 120
Trd, 258681.967, 105
Trd, 258681.983, 106
Trd, 258682.650, 131
Trd, 258683.533, 132
Trd, 258683.583, 130
Trd, 258683.800, 131
Trd, 258683.833, 130
Trd, 258684.133, 133
Trd, 258684.467, 138
Trd, 258684.767, 136
Trd, 258685.017, 126
Trd, 258685.617, 123
Trd, 258685.767, 123
Trd, 258685.967, 123
Trd, 258686.150, 119
Trd, 258686.233, 117
Trd, 258686.800, 122
Trd, 258687.033, 115
Trd, 258687.083, 114
Trd, 258687.167, 111
Trd, 258687.200, 126
Trd, 258687.317, 133
Trd, 258687.517, 108
Trd, 258687.717, 133
Trd, 258688.567, 126
Trd, 258689.117, 131
Trd, 258689.183, 123
Trd, 258689.767, 126
Trd, 258689.900, 124
Trd, 258690.350, 116
Trd, 258690.783, 127
Trd, 258690.833, 121
Trd, 258691.067, 112
Trd, 258691.400, 127
Trd, 258691.417, 120
Trd, 258691.500, 131
Trd, 258691.617, 133
Trd, 258691.650, 111
Trd, 258691.833, 111
Trd, 258691.983, 106
Trd, 258692.183, 106
Trd, 258692.533, 136
Trd, 258692.733, 136
Trd, 258693.200, 129
Trd, 258693.983, 124
Trd, 258694.150, 119
Trd, 258694.300, 131
Trd, 258694.567, 132
Trd, 258694.583, 99
Trd, 258694.700, 133
Trd, 258694.767, 115
Trd, 258695.033, 127
Trd, 258695.767, 120
Trd, 258695.933, 125
Trd, 258695.967, 108
Trd, 258696.217, 89
Trd, 258696.350, 107
Trd, 258696.633, 131
Trd, 258697.650, 133
Trd, 258697.800, 129
Trd, 258697.833, 126
Trd, 258697.850, 140
Trd, 258697.967, 134
Trd, 258698.050, 118
Trd, 258698.117, 113
Trd, 258698.300, 133
Trd, 258698.417, 127
Trd, 258698.683, 111
Trd, 258699.133, 135
Trd, 258699.367, 129
Trd, 258699.433, 125
Trd, 258699.733, 120
Trd, 258699.850, 113
Trd, 258699.900, 97
Trd, 258700.233, 131
Trd, 258700.883, 96
Trd, 258700.917, 130
Trd, 258701.050, 111
Trd, 258701.150, 97
Trd, 258701.767, 120
Trd, 258701.850, 125
Trd, 258701.950, 136
Trd, 258702.100, 119
Trd, 258702.450, 136
Trd, 258702.717, 125
Trd, 258703.100, 128
Trd, 258703.300, 127
Trd, 258703.317, 123
Trd, 258703.783, 134
Trd, 258704.467, 140
Trd, 258704.583, 138
Trd, 258704.600, 130
Trd, 258704.883, 137
Trd, 258705.550, 132
Trd, 258705.683, 131
Trd, 258705.883, 128
Trd, 258706.083, 124
Trd, 258706.317, 123
Trd, 258706.750, 121
Trd, 258706.783, 120
Trd, 258707.133, 134
Trd, 258707.333, 140
Trd, 258707.517, 137
Trd, 258707.650, 127
Trd, 258707.817, 120
Trd, 258708.050, 112
Trd, 258708.117, 110
Trd, 258708.267, 137
Trd, 258708.567, 127
Trd, 258708.850, 126
Trd, 258709.033, 139
Trd, 258709.500, 111
Trd, 258709.883, 103
Trd, 258710.267, 120
Trd, 258710.417, 119
Trd, 258710.717, 118
Trd, 258711.017, 113
Trd, 258711.083, 105
Trd, 258711.317, 120
Trd, 258711.617, 115
Trd, 258711.783, 93
Trd, 258711.850, 112
Trd, 258711.917, 122
Trd, 258712.133, 130
Trd, 258712.317, 131
Trd, 258712.417, 102
Trd, 258712.817, 140
Trd, 258712.867, 140
Trd, 258713.217, 134
Trd, 258713.317, 129
Trd, 258713.917, 109
Trd, 258714.700, 103
Trd, 258714.817, 117
Trd, 258714.850, 97
Trd, 258715.067, 136
Trd, 258715.817, 117
Trd, 258715.933, 135
Trd, 258716.150, 132
Trd, 258716.467, 114
Trd, 258716.567, 112
Trd, 258716.767, 112
Trd, 258716.900, 111
Trd, 258716.983, 108
Trd, 258717.017, 99
Trd, 258717.067, 113
Trd, 258717.383, 118
Trd, 258717.750, 136
Trd, 258717.783, 122
Trd, 258718.283, 122
Trd, 258718.367, 121
Trd, 258719.000, 129
Trd, 258719.250, 129
Trd, 258719.533, 121
Trd, 258719.817, 138
Trd, 258719.950, 124
Trd, 258720.533, 127
Trd, 258720.717, 139
Trd, 258721.383, 112
Trd, 258721.767, 126
Trd, 258721.800, 126
Trd, 258722.167, 134
Trd, 258722.267, 125
Trd, 258722.367, 122
Trd, 258723.400, 135
Trd, 258723.783, 135
Trd, 258724.233, 140
Trd, 258724.467, 134
Trd, 258724.483, 119
Trd, 258724.683, 132
Trd, 258725.067, 136
Trd, 258725.283, 133
Trd, 258726.067, 138
Trd, 258726.217, 137
Trd, 258726.467, 137
Trd, 258726.717, 123
Trd, 258726.750, 122
Trd, 258727.050, 115
Trd, 258727.150, 106
Trd, 258727.250, 88
Trd, 258727.333, 91
Trd, 258727.467, 112
Trd, 258727.633, 98
Trd, 258727.983, 107
Trd, 258728.083, 86
Trd, 258728.333, 85
Trd, 258728.433, 89
Trd, 258728.917, 118
Trd, 258729.000, 121
Trd, 258729.067, 117
Trd, 258729.467, 116
Trd, 258729.633, 91
Trd, 258730.033, 83
Trd, 258730.150, 89
Trd, 258730.183, 114
Trd, 258730.200, 79
Trd, 258730.233, 120
Trd, 258731.133, 121
Trd, 258731.183, 123
Trd, 258731.250, 129
Trd, 258731.650, 122
Trd, 258731.700, 125
Trd, 258731.850, 118
Trd, 258731.950, 111
Trd, 258732.483, 112
Trd, 258732.517, 106
Trd, 258732.633, 103
Trd, 258732.733, 102
Trd, 258732.983, 121
Trd, 258733.150, 121
Trd, 258733.383, 93
Trd, 258733.800, 128
Trd, 258733.817, 127
Trd, 258734.150, 132
Trd, 258734.283, 125
Trd, 258734.467, 109
Trd, 258735.000, 135
Trd, 258735.050, 125
Trd, 258735.100, 117
Trd, 258735.267, 138
Trd, 258735.900, 130
Trd, 258736.233, 125
Trd, 258736.250, 137
Trd, 258736.350, 119
Trd, 258736.617, 113
Trd, 258737.300, 138
Trd, 258737.417, 118
Trd, 258737.733, 109
Trd, 258738.050, 137
Trd, 258738.167, 125
Trd, 258738.250, 140
Trd, 258738.300, 117
Trd, 258738.583, 126
Trd, 258738.900, 128
Trd, 258739.317, 132
Trd, 258739.517, 118
Trd, 258739.567, 110
Trd, 258739.867, 111
Trd, 258739.900, 110
Trd, 258739.983, 138
Trd, 258740.167, 87
Trd, 258740.300, 110
Trd, 258740.500, 90
Trd, 258740.683, 105
Trd, 258740.717, 88
Trd, 258740.767, 108
Trd, 258740.883, 82
Trd, 258740.967, 103
Trd, 258741.800, 138
Trd, 258742.200, 133
Trd, 258742.333, 125
Trd, 258742.533, 130
Trd, 258742.717, 98
Trd, 258742.867, 102
Trd, 258743.033, 105
Trd, 258743.383, 86
Trd, 258743.700, 91
Trd, 258743.800, 116
Trd, 258743.950, 115
Trd, 258744.133, 99
Trd, 258744.317, 126
Trd, 258744.333, 117
Trd, 258744.567, 139
Trd, 258745.017, 134
Trd, 258745.517, 117
Trd, 258745.850, 134
Trd, 258746.117, 132
Trd, 258746.167, 137
Trd, 258747.017, 134
Trd, 258747.267, 132
Trd, 258747.283, 131
Trd, 258747.417, 128
Trd, 258747.683, 119
Trd, 258747.883, 120
Trd, 258748.000, 118
Trd, 258748.467, 135
Trd, 258748.567, 117
Trd, 258748.617, 114
Trd, 258748.817, 126
Trd, 258749.117, 123
Trd, 258749.483, 123
Trd, 258749.667, 111
Trd, 258750.033, 129
Trd, 258750.150, 109
Trd, 258750.400, 140
Trd, 258751.117, 137
Trd, 258751.217, 132
Trd, 258751.417, 130
Trd, 258751.550, 130
Trd, 258752.283, 132
Trd, 258752.300, 129
Trd, 258752.350, 134
Trd, 258752.650, 138
Trd, 258753.017, 129
Trd, 258753.283, 139
Trd, 258753.767, 121
Trd, 258753.783, 107
Trd, 258753.817, 98
Trd, 258753.917, 110
Trd, 258754.083, 112
Trd, 258754.533, 102
Trd, 258754.617, 109
Trd, 258755.083, 133
Trd, 258755.217, 128
Trd, 258755.333, 126
Trd, 258755.417, 124
Trd, 258756.350, 140
Trd, 258756.700, 140
Trd, 258757.200, 130
Trd, 258757.250, 128
Trd, 258757.383, 126
Trd, 258757.583, 137
Trd, 258757.733, 132
Trd, 258757.867, 122
Trd, 258758.067, 113
Trd, 258758.217, 99
Trd, 258758.567, 132
Trd, 258758.583, 123
Trd, 258758.717, 119
Trd, 258759.033, 140
Trd, 258759.600, 126
Trd, 258759.717, 134
Trd, 258759.950, 133
Trd, 258760.783, 121
Trd, 258760.800, 129
Trd, 258760.817, 102
Trd, 258761.333, 98
Trd, 258761.550, 100
Trd, 258761.600, 107
Trd, 258762.017, 131
Trd, 258762.050, 117
Trd, 258762.183, 110
Trd, 258762.667, 132
Trd, 258762.833, 120
Trd, 258763.250, 127
Trd, 258763.583, 140
Trd, 258763.817, 123
Trd, 258764.133, 115
Trd, 258764.433, 129
Trd, 258764.617, 128
Trd, 258765.150, 121
Trd, 258765.400, 137
Trd, 258765.683, 127
Trd, 258766.050, 138
Trd, 258766.333, 134
Trd, 258766.833, 140
Trd, 258766.933, 140
Trd, 258767.350, 134
Trd, 258767.800, 127
Trd, 258768.117, 133
Trd, 258768.150, 126
Trd, 258768.183, 124
Trd, 258768.200, 119
Trd, 258768.433, 120
Trd, 258768.983, 130
Trd, 258769.050, 112
Trd, 258769.150, 104
Trd, 258769.483, 113
Trd, 258769.517, 121
Trd, 258769.650, 108
Trd, 258769.833, 125
Trd, 258770.633, 138
Trd, 258770.667, 131
Trd, 258770.783, 119
Trd, 258770.900, 101
Trd, 258771.133, 111
Trd, 258771.350, 113
Trd, 258771.583, 110
Trd, 258771.833, 134
Trd, 258771.867, 103
Trd, 258772.000, 129
Trd, 258772.333, 112
Trd, 258772.367, 114
Trd, 258773.933, 128
Trd, 258774.400, 127
Trd, 258774.550, 130
Trd, 258774.800, 126
Trd, 258774.983, 125
Trd, 258775.500, 122
Trd, 258775.617, 118
Trd, 258775.633, 117
Trd, 258775.650, 135
Trd, 258775.800, 110
Trd, 258775.983, 136
Trd, 258776.417, 139
Trd, 258776.433, 138
Trd, 258776.583, 124
Trd, 258777.150, 116
Trd, 258777.383, 119
Trd, 258777.583, 127
Trd, 258777.800, 134
Trd, 258777.983, 139
Trd, 258778.183, 119
Trd, 258778.233, 112
Trd, 258778.500, 121
Trd, 258778.883, 134
Trd, 258778.917, 121
Trd, 258779.167, 113
Trd, 258779.550, 103
Trd, 258779.667, 117
Trd, 258780.100, 140
Trd, 258780.367, 118
Trd, 258780.500, 116
Trd, 258781.000, 131
Trd, 258781.800, 109
Trd, 258782.167, 126
Trd, 258782.317, 138
Trd, 258782.367, 125
Trd, 258782.783, 137
Trd, 258782.800, 113
Trd, 258782.850, 109
Trd, 258782.917, 100
Trd, 258783.550, 139
Trd, 258783.817, 133
Trd, 258784.083, 116
Trd, 258784.683, 133
Trd, 258784.800, 123
Trd, 258784.933, 118
Trd, 258785.300, 116
Trd, 258785.433, 116
Trd, 258785.517, 121
Trd, 258785.533, 124
Trd, 258785.600, 97
Trd, 258785.817, 125
Trd, 258785.883, 126
Trd, 258786.483, 119
Trd, 258786.500, 123
Trd, 258786.833, 114
Trd, 258787.067, 125
Trd, 258787.400, 128
Trd, 258787.483, 117
Trd, 258787.550, 126
Trd, 258787.750, 114
Trd, 258787.783, 112
Trd, 258788.000, 108
Trd, 258788.517, 128
Trd, 258788.933, 125
Trd, 258789.250, 123
Trd, 258789.367, 116
Trd, 258789.467, 123
Trd, 258789.633, 120
Trd, 258789.733, 113
Trd, 258790.350, 122
Trd, 258790.633, 131
Trd, 258790.783, 100
Trd, 258790.800, 119
Trd, 258790.850, 99
Trd, 258791.750, 128
Trd, 258791.800, 136
Trd, 258792.000, 123
Trd, 258792.017, 118
Trd, 258792.117, 107
Trd, 258792.233, 117
Trd, 258792.900, 124
Trd, 258792.983, 112
Trd, 258793.150, 136
Trd, 258793.250, 108
Trd, 258793.883, 115
Trd, 258794.317, 121
Trd, 258794.467, 133
Trd, 258795.117, 139
Trd, 258795.150, 131
Trd, 258795.767, 130
Trd, 258796.100, 135
Trd, 258796.500, 140
Trd, 258796.667, 140
Trd, 258796.817, 134
Trd, 258796.867, 123
Trd, 258796.967, 136
Trd, 258797.667, 135
Trd, 258797.983, 127
Trd, 258798.533, 132
Trd, 258798.617, 123
Trd, 258798.650, 111
Trd, 258798.667, 135
Trd, 258799.933, 131
Trd, 258800.083, 131
Trd, 258800.250, 132
Trd, 258800.400, 138
Trd, 258800.550, 137
Trd, 258800.750, 132
Trd, 258800.783, 124
Trd, 258800.900, 136
Trd, 258800.917, 125
Trd, 258801.133, 124
Trd, 258801.783, 109
Trd, 258802.117, 133
Trd, 258802.317, 117
Trd, 258802.433, 116
Trd, 258802.817, 123
Trd, 258803.017, 113
Trd, 258803.050, 99
Trd, 258803.250, 131
Trd, 258803.917, 121
Trd, 258804.067, 136
Trd, 258804.417, 87
Trd, 258804.567, 104
Trd, 258804.933, 83
Trd, 258805.083, 79
Trd, 258805.400, 110
Trd, 258805.567, 90
Trd, 258805.750, 115
Trd, 258805.950, 109
Trd, 258806.033, 126
Trd, 258806.200, 121
Trd, 258806.417, 101
Trd, 258806.450, 82
Trd, 258806.483, 68
Trd, 258807.150, 118
Trd, 258807.467, 78
Trd, 258807.533, 139
Trd, 258807.817, 84
Trd, 258807.883, 93
Trd, 258808.167, 80
Trd, 258808.200, 94
Trd, 258808.350, 113
Trd, 258809.350, 127
Trd, 258809.517, 133
Trd, 258809.583, 126
Trd, 258810.317, 140
Trd, 258810.783, 138
Trd, 258810.800, 138
Trd, 258811.350, 132
Trd, 258811.583, 123
Trd, 258811.817, 116
Trd, 258812.067, 137
Trd, 258812.417, 139
Trd, 258812.517, 123
Trd, 258812.883, 112
Trd, 258813.033, 113
Trd, 258813.600, 136
Trd, 258813.700, 110
Trd, 258813.717, 106
Trd, 258813.900, 115
Trd, 258814.017, 136
Trd, 258814.150, 105
Trd, 258814.283, 130
Trd, 258814.383, 136
Trd, 258815.100, 132
Trd, 258815.200, 124
Trd, 258815.267, 120
Trd, 258815.400, 115
Trd, 258815.483, 136
Trd, 258815.550, 96
Trd, 258815.717, 136
Trd, 258815.800, 101
Trd, 258815.850, 94
Trd, 258815.983, 131
Trd, 258816.167, 129
Trd, 258816.383, 97
Trd, 258816.417, 94
Trd, 258816.617, 102
Trd, 258816.917, 105
Trd, 258817.083, 120
Trd, 258817.333, 106
Trd, 258817.500, 138
Trd, 258817.867, 86
Trd, 258818.017, 116
Trd, 258818.783, 98
Trd, 258818.983, 96
Trd, 258819.083, 118
Trd, 258819.450, 115
Trd, 258819.733, 140
Trd, 258819.800, 129
Trd, 258819.983, 102
Trd, 258820.267, 109
Trd, 258820.783, 113
Trd, 258820.817, 104
Trd, 258820.833, 116
Trd, 258821.183, 98
Trd, 258821.283, 119
Trd, 258821.683, 116
Trd, 258821.917, 101
Trd, 258822.200, 106
Trd, 258822.533, 103
Trd, 258822.833, 91
Trd, 258822.850, 120
Trd, 258823.183, 123
Trd, 258823.350, 109
Trd, 258823.433, 98
Trd, 258824.450, 128
Trd, 258824.533, 130
Trd, 258824.567, 121
Trd, 258824.783, 125
Trd, 258824.867, 118
Trd, 258825.083, 136
Trd, 258825.400, 116
Trd, 258825.517, 114
Trd, 258825.683, 113
Trd, 258825.917, 105
Trd, 258825.933, 101
Trd, 258826.217, 100
Trd, 258826.533, 123
Trd, 258827.000, 134
Trd, 258827.567, 125
Trd, 258827.683, 124
Trd, 258828.200, 118
Trd, 258828.233, 125
Trd, 258828.350, 126
Trd, 258828.783, 140
Trd, 258828.950, 140
Trd, 258829.217, 134
Trd, 258829.450, 123
Trd, 258830.150, 118
Trd, 258830.200, 117
Trd, 258830.517, 136
Trd, 258830.767, 127
Trd, 258831.117, 140
Trd, 258831.367, 127
Trd, 258831.500, 127
Trd, 258831.700, 120
Trd, 258831.767, 135
Trd, 258832.050, 121
Trd, 258832.100, 122
Trd, 258832.217, 120
Trd, 258832.367, 119
Trd, 258832.417, 113
Trd, 258832.683, 124
Trd, 258833.033, 115
Trd, 258833.133, 112
Trd, 258833.500, 97
Trd, 258833.717, 131
Trd, 258833.933, 112
Trd, 258834.083, 133
Trd, 258834.150, 132
Trd, 258834.567, 129
Trd, 258834.733, 82
Trd, 258835.017, 118
Trd, 258835.367, 123
Trd, 258835.967, 114
Trd, 258836.317, 126
Trd, 258836.350, 122
Trd, 258836.533, 135
Trd, 258836.567, 134
Trd, 258836.683, 137
Trd, 258836.733, 116
Trd, 258836.917, 111
Trd, 258837.183, 126
Trd, 258837.500, 129
Trd, 258837.700, 126
Trd, 258837.800, 132
Trd, 258838.167, 136
Trd, 258838.333, 135
Trd, 258838.483, 135
Trd, 258838.783, 131
Trd, 258838.900, 138
Trd, 258839.150, 123
Trd, 258839.200, 108
Trd, 258839.467, 108
Trd, 258839.650, 104
Trd, 258840.350, 140
Trd, 258840.933, 117
Trd, 258841.083, 126
Trd, 258841.117, 122
Trd, 258841.217, 118
Trd, 258841.233, 127
Trd, 258841.533, 133
Trd, 258841.800, 128
Trd, 258841.950, 127
Trd, 258842.317, 116
Trd, 258842.417, 115
Trd, 258842.617, 133
Trd, 258842.783, 120
Trd, 258843.533, 113
Trd, 258843.550, 111
Trd, 258844.117, 122
Trd, 258844.383, 123
Trd, 258844.567, 110
Trd, 258844.583, 110
Trd, 258844.817, 107
Trd, 258845.167, 120
Trd, 258845.233, 111
Trd, 258845.317, 101
Trd, 258845.400, 117
Trd, 258845.533, 115
Trd, 258845.667, 96
Trd, 258846.383, 113
Trd, 258846.500, 106
Trd, 258846.517, 127
Trd, 258846.583, 130
Trd, 258846.950, 120
Trd, 258847.467, 136
Trd, 258847.800, 119
Trd, 258848.333, 134
Trd, 258848.467, 114
Trd, 258848.933, 126
Trd, 258849.000, 135
Trd, 258849.200, 115
Trd, 258849.550, 110
Trd, 258849.600, 106
Trd, 258849.633, 128
Trd, 258849.917, 107
Trd, 258850.150, 106
Trd, 258850.383, 109
Trd, 258850.800, 113
Trd, 258850.833, 108
Trd, 258850.850, 104
Trd, 258851.017, 99
Trd, 258851.650, 139
Trd, 258851.850, 137
Trd, 258852.000, 133
Trd, 258852.383, 134
Trd, 258852.900, 122
Trd, 258853.317, 135
Trd, 258853.550, 134
Trd, 258853.767, 132
Trd, 258853.800, 136
Trd, 258853.850, 130
Trd, 258853.867, 124
Trd, 258854.233, 120
Trd, 258854.650, 118
Trd, 258855.050, 109
Trd, 258855.150, 107
Trd, 258855.800, 137
Trd, 258856.350, 94
Trd, 258856.450, 117
Trd, 258856.733, 123
Trd, 258856.967, 131
Trd, 258857.533, 126
Trd, 258857.817, 126
Trd, 258858.583, 130
Trd, 258858.633, 132
Trd, 258858.717, 127
Trd, 258858.733, 126
Trd, 258858.750, 120
Trd, 258858.800, 115
Trd, 258859.167, 112
Trd, 258859.233, 125
Trd, 258859.517, 137
Trd, 258859.550, 136
Trd, 258859.583, 130
Trd, 258859.733, 120
Trd, 258859.800, 102
Trd, 258860.333, 133
Trd, 258860.350, 132
Trd, 258861.083, 137
Trd, 258861.333, 136
Trd, 258861.483, 132
Trd, 258861.617, 135
Trd, 258861.700, 128
Trd, 258861.900, 118
Trd, 258861.950, 108
Trd, 258861.983, 108
Trd, 258862.533, 108
Trd, 258862.833, 111
Trd, 258863.567, 96
Trd, 258863.617, 97
Trd, 258863.683, 120
Trd, 258863.883, 94
Trd, 258863.967, 122
Trd, 258864.500, 106
Trd, 258864.800, 118
Trd, 258864.833, 119
Trd, 258865.050, 119
Trd, 258865.083, 122
Trd, 258865.150, 119
Trd, 258865.283, 123
Trd, 258865.333, 102
Trd, 258865.567, 99
Trd, 258865.783, 127
Trd, 258865.917, 109
Trd, 258866.533, 89
Trd, 258866.683, 79
Trd, 258866.767, 77
Trd, 258866.967, 118
Trd, 258866.983, 115
Trd, 258867.517, 117
Trd, 258867.650, 119
Trd, 258868.083, 92
Trd, 258868.300, 93
Trd, 258868.400, 120
Trd, 258868.600, 121
Trd, 258868.700, 100
Trd, 258869.017, 126
Trd, 258869.033, 125
Trd, 258869.250, 117
Trd, 258869.300, 133
Trd, 258869.783, 126
Trd, 258869.883, 113
Trd, 258870.133, 115
Trd, 258870.550, 140
Trd, 258870.667, 134
Trd, 258870.783, 124
Trd, 258871.250, 140
Trd, 258871.500, 103
Trd, 258871.633, 132
Trd, 258872.083, 134
Trd, 258872.183, 115
Trd, 258873.017, 129
Trd, 258873.033, 128
Trd, 258873.717, 129
Trd, 258874.017, 127
Trd, 258874.133, 117
Trd, 258874.233, 108
Trd, 258874.267, 107
Trd, 258874.317, 106
Trd, 258874.500, 118
Trd, 258874.533, 132
Trd, 258875.267, 107
Trd, 258875.550, 131
Trd, 258875.617, 130
Trd, 258876.200, 123
Trd, 258876.700, 119
Trd, 258876.900, 125
Trd, 258877.150, 131
Trd, 258877.300, 130
Trd, 258878.467, 140
Trd, 258878.517, 140
Trd, 258878.617, 125
Trd, 258878.667, 115
Trd, 258878.933, 120
Trd, 258879.167, 118
Trd, 258879.383, 126
Trd, 258879.400, 122
Trd, 258880.017, 129
Trd, 258880.183, 129
Trd, 258880.500, 115
Trd, 258880.800, 129
Trd, 258881.267, 132
Trd, 258881.400, 128
Trd, 258881.517, 125
Trd, 258881.733, 126
Trd, 258882.017, 131
Trd, 258882.767, 133
Trd, 258882.833, 133
Trd, 258882.867, 128
Trd, 258883.267, 136
Trd, 258883.333, 132
Trd, 258883.467, 126
Trd, 258883.483, 138
Trd, 258883.617, 114
Trd, 258883.750, 133
Trd, 258883.767, 133
Trd, 258883.850, 136
Trd, 258883.967, 114
Trd, 258884.017, 111
Trd, 258884.083, 108
Trd, 258884.517, 131
Trd, 258884.717, 127
Trd, 258884.733, 122
Trd, 258885.283, 124
Trd, 258885.417, 122
Trd, 258885.600, 135
Trd, 258885.783, 89
Trd, 258885.900, 88
Trd, 258886.317, 140
Trd, 258886.817, 101
Trd, 258886.867, 117
Trd, 258887.167, 108
Trd, 258887.250, 99
Trd, 258887.317, 133
Trd, 258887.800, 103
Trd, 258888.550, 139
Trd, 258888.700, 140
Trd, 258888.933, 139
Trd, 258889.183, 134
Trd, 258889.283, 127
Trd, 258890.033, 116
Trd, 258890.317, 130
Trd, 258890.533, 110
Trd, 258890.650, 128
Trd, 258890.850, 140
Trd, 258890.883, 125
Trd, 258891.017, 126
Trd, 258891.167, 123
Trd, 258891.400, 111
Trd, 258891.550, 135
Trd, 258892.067, 135
Trd, 258892.083, 131
Trd, 258893.267, 133
Trd, 258893.400, 127
Trd, 258893.767, 126
Trd, 258894.350, 129
Trd, 258894.583, 121
Trd, 258894.667, 118
Trd, 258894.850, 134
Trd, 258895.600, 134
Trd, 258895.617, 132
Trd, 258895.833, 139
Trd, 258896.167, 124
Trd, 258896.300, 123
Trd, 258896.683, 130
Trd, 258896.750, 119
Trd, 258897.017, 126
Trd, 258897.483, 121
Trd, 258897.500, 119
Trd, 258897.700, 125
Trd, 258897.750, 118
Trd, 258898.317, 119
Trd, 258898.633, 133
Trd, 258898.883, 119
Trd, 258899.417, 120
Trd, 258900.183, 130
Trd, 258900.233, 126
Trd, 258900.517, 123
Trd, 258901.433, 130
Trd, 258901.467, 132
Trd, 258901.683, 123
Trd, 258901.850, 118
Trd, 258901.883, 121
Trd, 258902.967, 137
Trd, 258903.033, 136
Trd, 258903.450, 132
Trd, 258903.617, 130
Trd, 258903.633, 129
Trd, 258903.767, 125
Trd, 258903.783, 123
Trd, 258903.900, 114
Trd, 258904.283, 109
Trd, 258904.300, 108
Trd, 258904.417, 111
Trd, 258904.500, 122
Trd, 258904.617, 107
Trd, 258904.800, 89
Trd, 258904.883, 78
Trd, 258905.083, 118
Trd, 258905.367, 118
Trd, 258905.517, 135
Trd, 258906.017, 136
Trd, 258906.250, 138
Trd, 258906.383, 131
Trd, 258906.933, 123
Trd, 258907.167, 119
Trd, 258907.283, 117
Trd, 258907.433, 106
Trd, 258907.517, 112
Trd, 258907.617, 137
Trd, 258908.133, 115
Trd, 258908.217, 133
Trd, 258908.617, 111
Trd, 258908.683, 90
Trd, 258908.900, 115
Trd, 258909.267, 88
Trd, 258909.467, 113
Trd, 258909.733, 82
Trd, 258909.850, 116
Trd, 258910.017, 117
Trd, 258910.433, 91
Trd, 258910.950, 87
Trd, 258911.267, 83
Trd, 258911.483, 96
Trd, 258911.667, 107
Trd, 258912.083, 131
Trd, 258912.367, 120
Trd, 258912.733, 134
Trd, 258913.017, 126
Trd, 258913.250, 135
Trd, 258913.267, 119
Trd, 258913.367, 138
Trd, 258913.550, 133
Trd, 258913.600, 126
Trd, 258913.667, 123
Trd, 258914.483, 140
Trd, 258914.750, 139
Trd, 258914.783, 130
Trd, 258915.133, 124
Trd, 258915.550, 122
Trd, 258915.900, 129
Trd, 258915.967, 126
Trd, 258916.267, 124
Trd, 258916.417, 136
Trd, 258916.717, 118
Trd, 258916.750, 121
Trd, 258917.033, 103
Trd, 258917.250, 113
Trd, 258917.617, 112
Trd, 258917.633, 131
Trd, 258917.883, 131
Trd, 258918.183, 114
Trd, 258918.633, 135
Trd, 258918.900, 111
Trd, 258918.967, 136
Trd, 258919.167, 139
Trd, 258919.250, 117
Trd, 258919.700, 119
Trd, 258919.717, 94
Trd, 258919.767, 120
Trd, 258920.067, 112
Trd, 258920.800, 119
Trd, 258920.833, 116
Trd, 258920.850, 113
Trd, 258921.550, 120
Trd, 258921.567, 117
Trd, 258922.333, 130
Trd, 258922.450, 113
Trd, 258922.633, 110
Trd, 258922.650, 124
Trd, 258923.000, 97
Trd, 258923.333, 116
Trd, 258923.667, 111
Trd, 258923.783, 97
Trd, 258924.083, 128
Trd, 258924.100, 136
Trd, 258924.450, 119
Trd, 258924.700, 137
Trd, 258925.067, 134
Trd, 258925.183, 119
Trd, 258925.633, 128
Trd, 258925.850, 118
Trd, 258926.017, 105
Trd, 258926.417, 132
Trd, 258926.850, 126
Trd, 258927.133, 140
Trd, 258927.333, 139
Trd, 258927.433, 134
Trd, 258927.650, 138
Trd, 258927.767, 134
Trd, 258927.833, 122
Trd, 258927.950, 119
Trd, 258928.233, 118
Trd, 258928.367, 137
Trd, 258928.617, 119
Trd, 258928.733, 114
Trd, 258928.867, 111
Trd, 258929.567, 117
Trd, 258929.733, 103
Trd, 258929.750, 98
Trd, 258929.967, 116
Trd, 258930.017, 124
Trd, 258930.333, 117
Trd, 258930.450, 126
Trd, 258930.717, 102
Trd, 258930.833, 94
Trd, 258931.467, 115
Trd, 258931.767, 101
Trd, 258931.850, 97
Trd, 258932.733, 118
Trd, 258932.800, 109
Trd, 258933.000, 128
Trd, 258933.067, 129
Trd, 258933.233, 110
Trd, 258933.467, 120
Trd, 258934.033, 124
Trd, 258934.100, 123
Trd, 258934.167, 122
Trd, 258934.383, 125
Trd, 258934.600, 115
Trd, 258934.683, 114
Trd, 258934.950, 131
Trd, 258935.133, 109
Trd, 258935.150, 109
Trd, 258935.417, 108
Trd, 258935.500, 102
Trd, 258935.567, 101
Trd, 258935.700, 103
Trd, 258936.317, 126
Trd, 258937.000, 140
Trd, 258937.083, 132
Trd, 258937.100, 124
Trd, 258937.250, 120
Trd, 258937.417, 131
Trd, 258937.750, 130
Trd, 258938.117, 137
Trd, 258938.200, 136
Trd, 258938.567, 116
Trd, 258938.617, 112
Trd, 258938.817, 131
Trd, 258938.850, 124
Trd, 258939.017, 133
Trd, 258939.083, 110
Trd, 258939.150, 104
Trd, 258939.283, 108
Trd, 258939.550, 125
Trd, 258940.433, 137
Trd, 258941.150, 133
Trd, 258941.250, 125
Trd, 258941.417, 100
Trd, 258941.500, 110
Trd, 258941.667, 121
Trd, 258942.367, 139
Trd, 258942.717, 135
Trd, 258942.850, 129
Trd, 258942.867, 125
Trd, 258942.983, 136
Trd, 258943.483, 122
Trd, 258943.950, 119
Trd, 258944.250, 126
Trd, 258944.267, 122
Trd, 258944.367, 140
Trd, 258944.500, 124
Trd, 258944.700, 120
Trd, 258945.017, 118
Trd, 258945.300, 114
Trd, 258945.367, 99
Trd, 258945.383, 99
Trd, 258945.633, 97
Trd, 258945.917, 96
Trd, 258945.933, 98
Trd, 258946.233, 101
Trd, 258946.500, 110
Trd, 258946.900, 113
Trd, 258947.633, 132
Trd, 258947.783, 130
Trd, 258948.267, 109
Trd, 258949.100, 140
Trd, 258949.350, 136
Trd, 258949.417, 140
Trd, 258949.583, 130
Trd, 258949.617, 127
Trd, 258949.883, 127
Trd, 258950.117, 138
Trd, 258950.200, 123
Trd, 258950.483, 135
Trd, 258950.717, 137
Trd, 258950.750, 131
Trd, 258951.200, 131
Trd, 258951.467, 139
Trd, 258951.583, 138
Trd, 258951.917, 131
Trd, 258951.967, 130
Trd, 258952.433, 127
Trd, 258952.750, 135
Trd, 258953.017, 127
Trd, 258953.183, 133
Trd, 258953.467, 125
Trd, 258953.500, 117
Trd, 258953.583, 116
Trd, 258953.900, 120
Trd, 258954.083, 132
Trd, 258954.250, 110
Trd, 258954.500, 120
Trd, 258954.767, 140
Trd, 258954.850, 113
Trd, 258955.267, 120
Trd, 258955.433, 115
Trd, 258955.467, 112
Trd, 258955.617, 131
Trd, 258956.583, 122
Trd, 258956.650, 119
Trd, 258956.933, 108
Trd, 258957.283, 113
Trd, 258957.317, 112
Trd, 258957.433, 130
Trd, 258957.517, 109
Trd, 258957.850, 106
Trd, 258958.050, 104
Trd, 258958.183, 111
Trd, 258958.317, 128
Trd, 258958.700, 127
Trd, 258959.083, 114
Trd, 258959.400, 96
Trd, 258959.500, 117
Trd, 258959.817, 131
Trd, 258960.333, 125
Trd, 258960.350, 122
Trd, 258960.433, 102
Trd, 258960.617, 97
Trd, 258961.050, 112
Trd, 258961.317, 99
Trd, 258961.400, 90
Trd, 258961.450, 107
Trd, 258961.750, 137
Trd, 258961.767, 117
Trd, 258962.200, 129
Trd, 258962.217, 123
Trd, 258962.267, 87
Trd, 258962.733, 83
Trd, 258962.817, 87
Trd, 258963.117, 93
Trd, 258963.233, 102
Trd, 258963.467, 130
Trd, 258963.517, 128
Trd, 258963.800, 131
Trd, 258964.500, 134
Trd, 258964.617, 129
Trd, 258964.733, 125
Trd, 258965.333, 139
Trd, 258965.433, 114
Trd, 258965.483, 96
Trd, 258965.850, 118
Trd, 258966.133, 131
Trd, 258966.167, 129
Trd, 258966.567, 132
Trd, 258966.800, 93
Trd, 258967.233, 134
Trd, 258967.317, 119
Trd, 258967.467, 136
Trd, 258967.867, 112
Trd, 258968.100, 110
Trd, 258968.383, 122
Trd, 258968.750, 112
Trd, 258968.950, 109
Trd, 258970.050, 122
Trd, 258970.083, 123
Trd, 258970.417, 126
Trd, 258970.483, 118
Trd, 258970.867, 118
Trd, 258971.217, 122
Trd, 258971.367, 130
Trd, 258971.417, 119
Trd, 258971.933, 131
Trd, 258971.950, 128
Trd, 258972.317, 133
Trd, 258972.733, 118
Trd, 258972.850, 116
Trd, 258972.950, 134
Trd, 258973.183, 130
Trd, 258973.450, 129
Trd, 258973.667, 125
Trd, 258973.883, 125
Trd, 258973.900, 124
Trd, 258974.267, 131
Trd, 258974.567, 123
Trd, 258974.767, 126
Trd, 258974.800, 126
Trd, 258975.350, 113
Trd, 258975.683, 97
Trd, 258975.917, 110
Trd, 258975.983, 127
Trd, 258976.117, 130
Trd, 258976.167, 120
Trd, 258976.383, 100
Trd, 258977.367, 119
Trd, 258977.500, 102
Trd, 258977.833, 134
Trd, 258977.983, 130
Trd, 258978.167, 121
Trd, 258978.450, 123
Trd, 258978.767, 135
Trd, 258979.117, 111
Trd, 258979.700, 110
Trd, 258979.867, 125
Trd, 258979.933, 123
Trd, 258980.050, 108
Trd, 258980.067, 105
Trd, 258980.283, 117
Trd, 258980.350, 131
Trd, 258980.800, 139
Trd, 258981.050, 130
Trd, 258981.317, 107
Trd, 258981.583, 104
Trd, 258982.300, 136
Trd, 258982.417, 137
Trd, 258982.450, 128
Trd, 258982.700, 104
Trd, 258982.967, 104
Trd, 258983.000, 103
Trd, 258983.133, 88
Trd, 258983.433, 114
Trd, 258983.733, 109
Trd, 258984.133, 100
Trd, 258985.783, 140
Trd, 258985.800, 132
Trd, 258985.950, 124
Trd, 258986.000, 123
Trd, 258986.383, 137
Trd, 258986.933, 129
Trd, 258987.133, 123
Trd, 258987.317, 125
Trd, 258987.467, 128
Trd, 258987.933, 126
Trd, 258988.050, 132
Trd, 258988.183, 135
Trd, 258988.333, 132
Trd, 258988.450, 118
Trd, 258988.650, 132
Trd, 258989.517, 124
Trd, 258989.650, 123
Trd, 258989.750, 121
Trd, 258989.867, 120
Trd, 258989.900, 115
Trd, 258990.383, 114
Trd, 258990.400, 111
Trd, 258990.550, 117
Trd, 258990.833, 133
Trd, 258990.950, 113
Trd, 258991.233, 109
Trd, 258991.833, 121
Trd, 258991.850, 117
Trd, 258991.867, 108
Trd, 258992.717, 130
Trd, 258992.867, 126
Trd, 258993.100, 121
Trd, 258993.200, 117
Trd, 258993.467, 125
Trd, 258994.100, 119
Trd, 258994.450, 102
Trd, 258994.483, 96
Trd, 258994.683, 95
Trd, 258994.717, 96
Trd, 258995.083, 130
Trd, 258995.300, 131
Trd, 258995.383, 119
Trd, 258995.533, 127
Trd, 258995.583, 134
Trd, 258995.783, 138
Trd, 258995.817, 131
Trd, 258995.933, 137
Trd, 258996.550, 130
Trd, 258996.717, 139
Trd, 258996.733, 113
Trd, 258996.817, 127
Trd, 258997.217, 139
Trd, 258998.117, 129
Trd, 258998.450, 139
Trd, 258998.683, 135
Trd, 258999.800, 138
Trd, 259000.467, 137
Trd, 259000.617, 136
Trd, 259000.700, 133
Trd, 259000.717, 131
Trd, 259000.817, 123
Trd, 259000.900, 120
Trd, 259001.083, 134
Trd, 259001.467, 122
Trd, 259001.750, 131
Trd, 259002.317, 130
Trd, 259002.350, 117
Trd, 259002.667, 124
Trd, 259002.733, 121
Trd, 259003.000, 122
Trd, 259003.150, 135
Trd, 259003.283, 128
Trd, 259003.500, 119
Trd, 259003.550, 114
Trd, 259003.617, 109
Trd, 259003.833, 124
Trd, 259004.533, 119
Trd, 259004.767, 123
Trd, 259005.283, 137
Trd, 259005.350, 132
Trd, 259005.383, 125
Trd, 259005.500, 118
Trd, 259005.550, 113
Trd, 259005.950, 123
Trd, 259005.983, 104
Trd, 259006.600, 138
Trd, 259006.700, 133
Trd, 259007.117, 130
Trd, 259007.583, 140
Trd, 259007.817, 139
Trd, 259008.000, 124
Trd, 259008.533, 115
Trd, 259009.017, 139
Trd, 259009.050, 128
Trd, 259009.067, 88
Trd, 259009.100, 91
Trd, 259009.483, 129
Trd, 259009.850, 122
Trd, 259009.983, 118
Trd, 259010.933, 105
Trd, 259011.117, 122
Trd, 259011.200, 114
Trd, 259011.383, 132
Trd, 259011.650, 132
Trd, 259012.333, 105
Trd, 259012.400, 103
Trd, 259012.583, 94
Trd, 259013.067, 101
Trd, 259013.500, 115
Trd, 259013.633, 125
Trd, 259013.750, 118
Trd, 259014.183, 106
Trd, 259014.350, 134
Trd, 259014.483, 119
Trd, 259014.550, 101
Trd, 259014.783, 124
Trd, 259015.133, 132
Trd, 259015.200, 114
Trd, 259015.717, 128
Trd, 259016.067, 128
Trd, 259016.533, 127
Trd, 259016.750, 117
Trd, 259017.067, 122
Trd, 259017.533, 132
Trd, 259017.650, 136
Trd, 259018.033, 126
Trd, 259018.317, 132
Trd, 259018.383, 123
Trd, 259018.467, 120
Trd, 259018.550, 112
Trd, 259018.617, 112
Trd, 259018.800, 116
Trd, 259019.033, 109
Trd, 259019.433, 139
Trd, 259019.717, 137
Trd, 259020.117, 105
Trd, 259020.250, 102
Trd, 259020.683, 96
Trd, 259020.867, 108
Trd, 259020.950, 119
Trd, 259021.150, 129
Trd, 259021.817, 131
Trd, 259021.983, 120
Trd, 259022.133, 114
Trd, 259022.417, 107
Trd, 259022.600, 108
Trd, 259022.633, 116
Trd, 259022.667, 107
Trd, 259022.933, 95
Trd, 259022.950, 93
Trd, 259023.417, 113
Trd, 259024.000, 132
Trd, 259024.450, 131
Trd, 259024.533, 128
Trd, 259025.150, 127
Trd, 259025.233, 125
Trd, 259025.350, 123
Trd, 259025.617, 128
Trd, 259025.667, 121
Trd, 259026.167, 131
Trd, 259026.333, 115
Trd, 259026.400, 128
Trd, 259026.950, 133
Trd, 259027.000, 114
Trd, 259027.567, 113
Trd, 259028.267, 121
Trd, 259028.383, 124
Trd, 259028.500, 126
Trd, 259028.550, 116
Trd, 259028.600, 110
Trd, 259028.717, 103
Trd, 259029.033, 108
Trd, 259029.383, 118
Trd, 259029.500, 119
Trd, 259029.717, 133
Trd, 259029.883, 117
Trd, 259029.933, 111
Trd, 259030.167, 129
Trd, 259030.217, 127
Trd, 259030.533, 130
Trd, 259030.550, 126
Trd, 259031.283, 111
Trd, 259031.717, 133
Trd, 259032.200, 139
Trd, 259032.450, 120
Trd, 259032.533, 139
Trd, 259032.867, 136
Trd, 259033.617, 136
Trd, 259033.833, 137
Trd, 259033.967, 139
Trd, 259034.350, 129
Trd, 259034.850, 130
Trd, 259035.517, 134
Trd, 259035.550, 123
Trd, 259036.300, 128
Trd, 259036.433, 124
Trd, 259036.517, 122
Trd, 259036.833, 125
Trd, 259036.950, 104
Trd, 259037.267, 120
Trd, 259037.300, 89
Trd, 259037.383, 90
Trd, 259037.417, 94
Trd, 259037.550, 91
Trd, 259037.600, 125
Trd, 259037.733, 120
Trd, 259037.933, 90
Trd, 259038.300, 89
Trd, 259038.317, 99
Trd, 259038.333, 100
Trd, 259038.617, 106
Trd, 259038.800, 118
Trd, 259038.933, 120
Trd, 259038.950, 118
Trd, 259039.650, 128
Trd, 259039.800, 119
Trd, 259039.817, 129
Trd, 259040.083, 111
Trd, 259040.133, 125
Trd, 259040.433, 117
Trd, 259041.183, 112
Trd, 259041.700, 139
Trd, 259041.750, 119
Trd, 259042.400, 112
Trd, 259042.467, 104
Trd, 259042.500, 119
Trd, 259042.883, 131
Trd, 259043.017, 118
Trd, 259043.350, 140
Trd, 259043.717, 126
Trd, 259044.017, 135
Trd, 259044.383, 122
Trd, 259044.633, 119
Trd, 259044.867, 118
Trd, 259044.983, 125
Trd, 259045.133, 114
Trd, 259045.367, 106
Trd, 259045.667, 109
Trd, 259045.783, 138
Trd, 259045.800, 100
Trd, 259045.817, 91
Trd, 259046.117, 120
Trd, 259046.350, 133
Trd, 259047.017, 115
Trd, 259047.117, 107
Trd, 259047.250, 125
Trd, 259047.333, 105
Trd, 259047.800, 121
Trd, 259048.033, 113
Trd, 259048.050, 107
Trd, 259048.150, 127
Trd, 259048.183, 103
Trd, 259048.267, 127
Trd, 259048.433, 123
Trd, 259048.767, 125
Trd, 259048.967, 130
Trd, 259049.033, 132
Trd, 259049.200, 109
Trd, 259049.517, 136
Trd, 259049.867, 107
Trd, 259050.033, 111
Trd, 259050.517, 110
Trd, 259050.800, 116
Trd, 259050.933, 119
Trd, 259051.050, 102
Trd, 259051.150, 99
Trd, 259051.267, 111
Trd, 259051.750, 82
Trd, 259051.817, 86
Trd, 259052.283, 95
Trd, 259052.350, 88
Trd, 259052.500, 81
Trd, 259052.533, 91
Trd, 259052.567, 81
Trd, 259052.700, 113
Trd, 259052.833, 62
Trd, 259053.300, 112
Trd, 259053.317, 84
Trd, 259053.800, 133
Trd, 259054.017, 127
Trd, 259054.083, 117
Trd, 259054.517, 122
Trd, 259055.117, 115
Trd, 259055.417, 117
Trd, 259055.617, 133
Trd, 259055.700, 140
Trd, 259055.917, 118
Trd, 259056.383, 121
Trd, 259056.550, 122
Trd, 259056.667, 125
Trd, 259056.700, 129
Trd, 259057.050, 121
Trd, 259057.567, 120
Trd, 259057.683, 120
Trd, 259057.750, 122
Trd, 259057.967, 123
Trd, 259058.067, 125
Trd, 259058.150, 116
Trd, 259058.300, 120
Trd, 259058.533, 111
Trd, 259059.367, 113
Trd, 259059.483, 87
Trd, 259059.583, 128
Trd, 259059.767, 122
Trd, 259059.850, 129
Trd, 259060.617, 123
Trd, 259061.083, 136
Trd, 259061.317, 137
Trd, 259062.200, 125
Trd, 259062.400, 123
Trd, 259062.683, 122
Trd, 259062.933, 132
Trd, 259062.983, 122
Trd, 259063.367, 131
Trd, 259064.050, 130
Trd, 259064.167, 130
Trd, 259064.433, 124
Trd, 259064.517, 121
Trd, 259064.717, 135
Trd, 259065.417, 132
Trd, 259065.467, 132
Trd, 259065.483, 119
Trd, 259065.933, 125
Trd, 259066.083, 117
Trd, 259066.183, 113
Trd, 259066.433, 106
Trd, 259066.650, 125
Trd, 259067.183, 100
Trd, 259067.267, 107
Trd, 259067.767, 123
Trd, 259067.817, 122
Trd, 259067.850, 118
Trd, 259068.550, 130
Trd, 259068.733, 126
Trd, 259068.933, 113
Trd, 259069.150, 113
Trd, 259069.300, 118
Trd, 259069.467, 119
Trd, 259069.850, 103
Trd, 259070.000, 125
Trd, 259070.467, 132
Trd, 259071.283, 133
Trd, 259071.300, 132
Trd, 259071.917, 126
Trd, 259072.067, 131
Trd, 259072.200, 138
Trd, 259072.250, 110
Trd, 259072.683, 128
Trd, 259072.883, 128
Trd, 259073.467, 135
Trd, 259073.783, 139
Trd, 259073.950, 139
Trd, 259074.133, 136
Trd, 259074.167, 133
Trd, 259074.483, 136
Trd, 259074.550, 137
Trd, 259074.983, 131
Trd, 259075.083, 136
Trd, 259075.167, 107
Trd, 259075.267, 129
Trd, 259075.450, 119
Trd, 259075.683, 116
Trd, 259076.800, 124
Trd, 259077.233, 113
Trd, 259077.300, 126
Trd, 259077.517, 129
Trd, 259077.717, 127
Trd, 259077.817, 126
Trd, 259077.850, 109
Trd, 259077.900, 129
Trd, 259078.333, 129
Trd, 259078.383, 133
Trd, 259078.833, 133
Trd, 259078.933, 132
Trd, 259080.083, 134
Trd, 259080.133, 131
Trd, 259080.350, 127
Trd, 259080.483, 136
Trd, 259080.517, 115
Trd, 259080.600, 126
Trd, 259080.817, 131
Trd, 259081.200, 102
Trd, 259081.300, 106
Trd, 259081.350, 97
Trd, 259081.633, 118
Trd, 259081.800, 92
Trd, 259082.217, 91
Trd, 259082.233, 102
Trd, 259082.483, 89
Trd, 259082.900, 121
Trd, 259082.983, 117
Trd, 259083.300, 114
Trd, 259083.617, 112
Trd, 259083.633, 111
Trd, 259084.183, 124
Trd, 259084.800, 137
Trd, 259084.850, 132
Trd, 259084.917, 130
Trd, 259085.950, 133
Trd, 259086.183, 132
Trd, 259086.817, 125
Trd, 259087.367, 123
Trd, 259087.400, 114
Trd, 259087.600, 117
Trd, 259087.633, 109
Trd, 259087.983, 129
Trd, 259088.400, 136
Trd, 259088.417, 124
Trd, 259088.983, 114
Trd, 259089.067, 110
Trd, 259089.750, 127
Trd, 259090.033, 124
Trd, 259090.150, 121
Trd, 259090.283, 136
Trd, 259090.483, 134
Trd, 259090.550, 123
Trd, 259090.650, 114
Trd, 259090.850, 132
Trd, 259091.217, 121
Trd, 259091.517, 136
Trd, 259091.767, 127
Trd, 259092.050, 114
Trd, 259092.133, 113
Trd, 259092.333, 132
Trd, 259092.550, 133
Trd, 259092.583, 110
Trd, 259093.217, 139
Trd, 259093.233, 138
Trd, 259093.550, 125
Trd, 259093.683, 126
Trd, 259094.133, 121
Trd, 259094.200, 117
Trd, 259094.250, 117
Trd, 259094.333, 97
Trd, 259094.683, 95
Trd, 259094.917, 119
Trd, 259094.967, 126
Trd, 259095.100, 117
Trd, 259095.383, 122
Trd, 259095.583, 116
Trd, 259095.733, 122
Trd, 259096.283, 129
Trd, 259096.500, 126
Trd, 259096.550, 122
Trd, 259096.700, 125
Trd, 259096.883, 135
Trd, 259097.350, 114
Trd, 259097.717, 105
Trd, 259097.750, 122
Trd, 259098.000, 132
Trd, 259098.050, 101
Trd, 259098.433, 135
Trd, 259098.500, 125
Trd, 259098.750, 138
Trd, 259098.867, 113
Trd, 259099.050, 135
Trd, 259099.133, 118
Trd, 259099.633, 115
Trd, 259099.750, 114
Trd, 259100.350, 131
Trd, 259100.450, 133
Trd, 259100.867, 109
Trd, 259101.083, 105
Trd, 259101.133, 100
Trd, 259102.117, 114
Trd, 259102.167, 130
Trd, 259102.183, 109
Trd, 259103.017, 107
Trd, 259103.133, 101
Trd, 259103.300, 114
Trd, 259103.467, 98
Trd, 259103.817, 104
Trd, 259104.017, 84
Trd, 259104.183, 98
Trd, 259104.317, 112
Trd, 259104.683, 118
Trd, 259105.000, 122
Trd, 259105.017, 121
Trd, 259105.983, 123
Trd, 259106.267, 124
Trd, 259106.417, 120
Trd, 259106.433, 126
Trd, 259106.483, 117
Trd, 259106.533, 113
Trd, 259106.950, 119
Trd, 259107.117, 109
Trd, 259107.633, 137
Trd, 259107.800, 125
Trd, 259108.033, 139
Trd, 259108.200, 114
Trd, 259108.350, 112
Trd, 259108.483, 119
Trd, 259108.550, 109
Trd, 259108.633, 119
Trd, 259108.667, 129
Trd, 259108.683, 116
Trd, 259108.700, 115
Trd, 259109.050, 134
Trd, 259109.250, 106
Trd, 259109.733, 140
Trd, 259109.800, 133
Trd, 259110.033, 123
Trd, 259110.133, 106
Trd, 259110.200, 138
Trd, 259110.617, 125
Trd, 259110.967, 140
Trd, 259111.333, 99
Trd, 259112.400, 113
Trd, 259112.450, 123
Trd, 259112.917, 115
Trd, 259113.017, 96
Trd, 259113.133, 85
Trd, 259113.217, 97
Trd, 259113.650, 106
Trd, 259113.750, 117
Trd, 259114.183, 83
Trd, 259114.400, 129
Trd, 259114.600, 91
Trd, 259114.767, 109
Trd, 259115.133, 107
Trd, 259115.400, 115
Trd, 259115.633, 113
Trd, 259116.200, 127
Trd, 259116.667, 136
Trd, 259116.917, 135
Trd, 259117.300, 135
Trd, 259117.333, 134
Trd, 259117.517, 130
Trd, 259117.983, 138
Trd, 259118.150, 128
Trd, 259118.567, 134
Trd, 259118.867, 139
Trd, 259118.933, 134
Trd, 259119.000, 118
Trd, 259119.183, 129
Trd, 259119.867, 118
Trd, 259120.067, 136
Trd, 259120.217, 132
Trd, 259120.233, 110
Trd, 259120.350, 106
Trd, 259120.450, 132
Trd, 259120.783, 124
Trd, 259120.917, 123
Trd, 259121.083, 120
Trd, 259121.983, 132
Trd, 259122.250, 132
Trd, 259122.300, 121
Trd, 259122.350, 120
Trd, 259122.817, 115
Trd, 259122.900, 132
Trd, 259123.033, 107
Trd, 259123.083, 134
Trd, 259123.283, 104
Trd, 259123.317, 107
Trd, 259123.417, 135
Trd, 259123.733, 127
Trd, 259123.900, 106
Trd, 259123.967, 99
Trd, 259124.300, 122
Trd, 259124.500, 97
Trd, 259124.600, 74
Trd, 259124.883, 106
Trd, 259125.150, 111
Trd, 259125.350, 114
Trd, 259125.733, 122
Trd, 259125.850, 106
Trd, 259126.083, 127
Trd, 259126.267, 126
Trd, 259126.983, 98
Trd, 259127.067, 121
Trd, 259127.183, 95
Trd, 259127.533, 111
Trd, 259127.650, 123
Trd, 259127.817, 119
Trd, 259128.083, 125
Trd, 259128.300, 124
Trd, 259128.400, 132
Trd, 259128.783, 96
Trd, 259129.017, 125
Trd, 259129.133, 124
Trd, 259129.800, 128
Trd, 259130.217, 133
Trd, 259130.317, 126
Trd, 259131.250, 130
Trd, 259131.267, 117
Trd, 259131.633, 115
Trd, 259131.850, 107
Trd, 259132.017, 107
Trd, 259132.150, 109
Trd, 259132.367, 133
Trd, 259132.417, 103
Trd, 259132.683, 120
Trd, 259132.833, 129
Trd, 259133.050, 117
Trd, 259133.200, 106
Trd, 259133.500, 118
Trd, 259133.833, 131
Trd, 259134.167, 125
Trd, 259135.433, 121
Trd, 259135.850, 135
Trd, 259136.250, 114
Trd, 259136.350, 104
Trd, 259136.500, 114
Trd, 259136.550, 128
Trd, 259136.667, 120
Trd, 259136.900, 105
Trd, 259136.917, 130
Trd, 259137.267, 101
Trd, 259137.583, 140
Trd, 259138.100, 137
Trd, 259138.133, 123
Trd, 259138.717, 135
Trd, 259139.350, 135
Trd, 259139.467, 132
Trd, 259139.833, 126
Trd, 259140.183, 119
Trd, 259140.317, 116
Trd, 259140.833, 127
Trd, 259140.983, 121
Trd, 259141.300, 114
Trd, 259141.633, 116
Trd, 259141.750, 106
Trd, 259141.833, 119
Trd, 259141.933, 98
Trd, 259141.983, 103
Trd, 259142.017, 97
Trd, 259142.267, 117
Trd, 259142.683, 101
Trd, 259142.833, 118
Trd, 259142.883, 98
Trd, 259143.300, 84
Trd, 259143.433, 89
Trd, 259143.850, 85
Trd, 259143.867, 82
Trd, 259144.350, 77
Trd, 259144.500, 94
Trd, 259145.167, 114
Trd, 259145.233, 119
Trd, 259145.717, 99
Trd, 259145.933, 120
Trd, 259145.950, 98
Trd, 259145.983, 125
Trd, 259146.117, 111
Trd, 259146.167, 95
Trd, 259146.533, 120
Trd, 259146.600, 85
Trd, 259147.083, 120
Trd, 259147.117, 123
Trd, 259147.367, 133
Trd, 259147.550, 125
Trd, 259147.700, 119
Trd, 259148.183, 134
Trd, 259148.667, 123
Trd, 259148.783, 137
Trd, 259148.983, 121
Trd, 259149.017, 106
Trd, 259149.067, 133
Trd, 259149.133, 104
Trd, 259149.233, 94
Trd, 259149.483, 96
Trd, 259149.550, 105
Trd, 259149.767, 127
Trd, 259150.183, 138
Trd, 259150.367, 126
Trd, 259150.967, 124
Trd, 259151.117, 123
Trd, 259151.683, 140
Trd, 259151.800, 126
Trd, 259151.900, 125
Trd, 259152.100, 125
Trd, 259152.567, 137
Trd, 259153.150, 131
Trd, 259153.350, 137
Trd, 259153.583, 139
Trd, 259153.917, 135
Trd, 259153.950, 135
Trd, 259154.083, 125
Trd, 259154.433, 134
Trd, 259155.083, 124
Trd, 259155.250, 118
Trd, 259155.483, 128
Trd, 259156.217, 124
Trd, 259156.267, 119
Trd, 259156.417, 137
Trd, 259156.783, 137
Trd, 259157.450, 133
Trd, 259157.550, 130
Trd, 259157.617, 127
Trd, 259157.633, 125
Trd, 259157.717, 122
Trd, 259158.433, 135
Trd, 259158.567, 124
Trd, 259158.767, 117
Trd, 259158.900, 135
Trd, 259159.700, 124
Trd, 259159.800, 125
Trd, 259159.917, 127
Trd, 259160.150, 130
Trd, 259160.483, 123
Trd, 259160.550, 134
Trd, 259160.567, 122
Trd, 259160.617, 137
Trd, 259160.700, 117
Trd, 259160.767, 123
Trd, 259161.317, 139
Trd, 259161.383, 134
Trd, 259161.567, 130
Trd, 259161.900, 128
Trd, 259161.983, 132
Trd, 259162.633, 131
Trd, 259162.717, 127
Trd, 259162.833, 126
Trd, 259162.867, 133
Trd, 259162.900, 121
Trd, 259163.467, 138
Trd, 259163.633, 120
Trd, 259163.883, 114
Trd, 259164.417, 127
Trd, 259165.067, 124
Trd, 259165.133, 122
Trd, 259165.267, 120
Trd, 259165.283, 117
Trd, 259165.400, 115
Trd, 259165.583, 132
Trd, 259165.700, 106
Trd, 259165.817, 132
Trd, 259166.317, 116
Trd, 259166.717, 132
Trd, 259166.933, 129
Trd, 259167.200, 123
Trd, 259167.317, 129
Trd, 259167.750, 128
Trd, 259167.900, 116
Trd, 259168.033, 138
Trd, 259168.300, 130
Trd, 259168.700, 136
Trd, 259169.200, 139
Trd, 259169.717, 135
Trd, 259169.750, 120
Trd, 259169.917, 119
Trd, 259170.067, 114
Trd, 259170.233, 113
Trd, 259170.467, 113
Trd, 259170.767, 137
Trd, 259170.817, 138
Trd, 259170.867, 124
Trd, 259170.883, 110
Trd, 259171.133, 135
Trd, 259171.433, 120
Trd, 259172.083, 139
Trd, 259172.767, 130
Trd, 259173.017, 125
Trd, 259173.250, 137
Trd, 259173.567, 133
Trd, 259173.833, 134
Trd, 259173.933, 117
Trd, 259174.183, 125
Trd, 259174.583, 120
Trd, 259174.600, 116
Trd, 259174.717, 130
Trd, 259174.933, 90
Trd, 259175.317, 102
Trd, 259175.650, 95
Trd, 259175.683, 105
Trd, 259175.950, 117
Trd, 259176.267, 115
Trd, 259176.333, 117
Trd, 259176.567, 124
Trd, 259176.633, 103
Trd, 259176.867, 95
Trd, 259177.233, 86
Trd, 259177.783, 85
Trd, 259177.900, 78
Trd, 259178.017, 100
Trd, 259178.083, 78
Trd, 259178.183, 97
Trd, 259178.400, 82
Trd, 259178.450, 102
Trd, 259178.733, 112
Trd, 259178.950, 115
Trd, 259179.033, 114
Trd, 259179.067, 116
Trd, 259179.433, 125
Trd, 259179.567, 125
Trd, 259180.200, 140
Trd, 259181.033, 140
Trd, 259181.150, 134
Trd, 259181.483, 130
Trd, 259181.583, 129
Trd, 259182.283, 127
Trd, 259182.333, 129
Trd, 259182.367, 126
Trd, 259182.650, 127
Trd, 259183.067, 133
Trd, 259183.133, 121
Trd, 259183.433, 137
Trd, 259183.783, 137
Trd, 259184.083, 124
Trd, 259185.083, 140
Trd, 259185.167, 138
Trd, 259185.383, 136
Trd, 259185.633, 130
Trd, 259185.750, 127
Trd, 259186.067, 128
Trd, 259186.450, 123
Trd, 259186.533, 118
Trd, 259186.783, 108
Trd, 259186.967, 111
Trd, 259187.617, 129
Trd, 259187.733, 120
Trd, 259188.117, 116
Trd, 259188.217, 120
Trd, 259188.233, 105
Trd, 259188.417, 113
Trd, 259188.450, 129
Trd, 259188.683, 103
Trd, 259188.800, 108
Trd, 259188.933, 122
Trd, 259189.033, 101
Trd, 259189.117, 100
Trd, 259189.700, 94
Trd, 259189.767, 100
Trd, 259190.200, 108
Trd, 259190.300, 105
Trd, 259190.517, 129
Trd, 259190.917, 132
Trd, 259190.950, 131
Trd, 259191.083, 129
Trd, 259191.250, 139
Trd, 259191.667, 138
Trd, 259191.800, 127
Trd, 259191.967, 123
Trd, 259193.033, 134
Trd, 259193.117, 128
Trd, 259193.217, 112
Trd, 259193.800, 122
Trd, 259193.950, 117
Trd, 259194.367, 114
Trd, 259194.617, 129
Trd, 259194.700, 127
Trd, 259194.800, 102
Trd, 259195.167, 131
Trd, 259195.783, 137
Trd, 259195.933, 122
Trd, 259196.200, 120
Trd, 259196.383, 137
Trd, 259196.583, 140
Trd, 259196.683, 135
Trd, 259196.800, 133
Trd, 259196.967, 128
Trd, 259197.083, 115
Trd, 259197.533, 133
Trd, 259197.667, 107
Trd, 259197.683, 100
Trd, 259197.733, 123
Trd, 259198.150, 131
Trd, 259198.817, 120
Trd, 259199.200, 137
Trd, 259199.583, 126
Trd, 259199.650, 114
