Trd, 258595.750, 104
Trd, 258596.000, 125
Trd, 258596.317, 93
Trd, 258596.467, 91
Trd, 258597.083, 104
Trd, 258597.150, 92
Trd, 258598.033, 104
Trd, 258598.067, 103
Trd, 258598.283, 104
Trd, 258598.500, 110
Trd, 258598.517, 103
Trd, 258598.767, 109
Trd, 258599.200, 107
Trd, 258599.283, 105
Trd, 258599.433, 107
Trd, 258599.533, 103
Trd, 258599.550, 100
Trd, 258600.000, 104
Trd, 258600.067, 98
Trd, 258600.433, 106
Trd, 258600.450, 107
Trd, 258601.233, 116
Trd, 258601.417, 138
Trd, 258601.700, 118
Trd, 258601.883, 121
Trd, 258602.550, 125
Trd, 258602.633, 124
Trd, 258602.750, 123
Trd, 258603.017, 139
Trd, 258603.367, 138
Trd, 258603.500, 120
Trd, 258603.517, 118
Trd, 258603.650, 115
Trd, 258604.283, 117
Trd, 258604.517, 117
Trd, 258604.650, 130
Trd, 258604.683, 116
Trd, 258604.700, 114
Trd, 258605.083, 100
Trd, 258605.300, 100
Trd, 258605.450, 83
Trd, 258605.650, 94
Trd, 258605.917, 83
Trd, 258605.950, 94
Trd, 258606.083, 92
Trd, 258606.167, 92
Trd, 258606.283, 85
Trd, 258606.700, 89
Trd, 258606.733, 90
Trd, 258607.150, 92
Trd, 258607.267, 118
Trd, 258607.283, 88
Trd, 258607.517, 102
Trd, 258608.050, 101
Trd, 258608.400, 133
Trd, 258608.433, 132
Trd, 258608.533, 131
Trd, 258608.667, 88
Trd, 258609.583, 140
Trd, 258609.650, 140
Trd, 258610.100, 140
Trd, 258610.183, 138
Trd, 258610.533, 140
Trd, 258610.583, 139
Trd, 258611.267, 140
Trd, 258611.300, 140
Trd, 258611.350, 135
Trd, 258612.217, 140
Trd, 258612.500, 140
Trd, 258613.783, 140
Trd, 258614.283, 140
Trd, 258614.417, 140
Trd, 258614.700, 140
Trd, 258614.817, 140
Trd, 258614.983, 140
Trd, 258615.200, 139
Trd, 258615.300, 138
Trd, 258615.533, 137
Trd, 258615.650, 132
Trd, 258616.017, 132
Trd, 258616.317, 131
Trd, 258616.333, 127
Trd, 258616.417, 135
Trd, 258616.667, 131
Trd, 258616.833, 97
Trd, 258616.900, 97
Trd, 258617.167, 107
Trd, 258617.350, 105
Trd, 258617.400, 94
Trd, 258617.617, 73
Trd, 258617.683, 72
Trd, 258617.700, 71
Trd, 258617.883, 69
Trd, 258618.517, 69
Trd, 258618.617, 71
Trd, 258618.650, 73
Trd, 258618.767, 128
Trd, 258619.283, 124
Trd, 258619.450, 127
Trd, 258619.783, 128
Trd, 258619.833, 127
Trd, 258619.950, 129
Trd, 258620.283, 130
Trd, 258620.883, 136
Trd, 258620.933, 134
Trd, 258620.967, 133
Trd, 258621.600, 133
Trd, 258621.983, 131
Trd, 258622.200, 125
Trd, 258622.217, 98
Trd, 258622.250, 97
Trd, 258622.267, 83
Trd, 258622.433, 138
Trd, 258622.550, 120
Trd, 258623.683, 120
Trd, 258623.900, 119
Trd, 258623.917, 118
Trd, 258624.150, 106
Trd, 258624.217, 103
Trd, 258624.250, 120
Trd, 258624.450, 104
Trd, 258624.867, 99
Trd, 258625.167, 99
Trd, 258625.250, 111
Trd, 258625.333, 98
Trd, 258625.367, 94
Trd, 258625.600, 120
Trd, 258625.717, 120
Trd, 258625.850, 87
Trd, 258626.050, 95
Trd, 258626.250, 134
Trd, 258626.533, 96
Trd, 258627.133, 118
Trd, 258627.150, 91
Trd, 258627.167, 119
Trd, 258627.300, 124
Trd, 258627.350, 92
Trd, 258627.383, 126
Trd, 258627.467, 91
Trd, 258627.500, 90
Trd, 258627.683, 94
Trd, 258628.650, 138
Trd, 258629.000, 102
Trd, 258629.100, 102
Trd, 258629.667, 104
Trd, 258629.683, 103
Trd, 258629.700, 102
Trd, 258629.750, 111
Trd, 258629.917, 112
Trd, 258630.133, 111
Trd, 258630.167, 110
Trd, 258630.750, 95
Trd, 258630.900, 109
Trd, 258630.933, 108
Trd, 258631.100, 106
Trd, 258631.200, 107
Trd, 258631.450, 99
Trd, 258631.733, 103
Trd, 258631.783, 93
Trd, 258631.817, 104
Trd, 258631.833, 108
Trd, 258632.133, 83
Trd, 258632.517, 83
Trd, 258632.800, 82
Trd, 258632.867, 104
Trd, 258633.450, 101
Trd, 258633.517, 100
Trd, 258633.800, 101
Trd, 258633.900, 105
Trd, 258634.300, 102
Trd, 258634.367, 106
Trd, 258634.467, 107
Trd, 258634.717, 108
Trd, 258634.783, 106
Trd, 258634.883, 105
Trd, 258635.367, 108
Trd, 258635.383, 104
Trd, 258635.500, 102
Trd, 258635.567, 100
Trd, 258635.733, 109
Trd, 258636.067, 90
Trd, 258636.083, 88
Trd, 258636.300, 82
Trd, 258636.567, 61
Trd, 258636.817, 61
Trd, 258636.967, 62
Trd, 258637.250, 61
Trd, 258637.383, 62
Trd, 258637.567, 62
Trd, 258637.800, 63
Trd, 258638.417, 61
Trd, 258638.567, 68
Trd, 258638.883, 72
Trd, 258639.117, 60
Trd, 258639.600, 60
Trd, 258639.883, 60
Trd, 258640.317, 61
Trd, 258640.583, 61
Trd, 258640.717, 62
Trd, 258640.783, 63
Trd, 258640.817, 69
Trd, 258640.917, 63
Trd, 258641.067, 70
Trd, 258641.100, 71
Trd, 258641.250, 72
Trd, 258641.367, 80
Trd, 258641.417, 62
Trd, 258641.450, 61
Trd, 258641.883, 72
Trd, 258642.033, 100
Trd, 258642.067, 66
Trd, 258642.283, 100
Trd, 258642.483, 100
Trd, 258642.983, 104
Trd, 258643.117, 102
Trd, 258643.950, 140
Trd, 258644.133, 115
Trd, 258644.150, 101
Trd, 258644.317, 123
Trd, 258644.350, 124
Trd, 258644.750, 116
Trd, 258644.783, 115
Trd, 258644.833, 114
Trd, 258645.500, 133
Trd, 258645.683, 134
Trd, 258646.017, 134
Trd, 258646.117, 133
Trd, 258646.500, 133
Trd, 258646.633, 132
Trd, 258646.867, 133
Trd, 258647.000, 121
Trd, 258647.167, 119
Trd, 258647.233, 130
Trd, 258647.650, 118
Trd, 258647.817, 117
Trd, 258648.000, 112
Trd, 258648.133, 111
Trd, 258648.383, 127
Trd, 258648.567, 101
Trd, 258649.283, 114
Trd, 258649.533, 115
Trd, 258649.683, 116
Trd, 258649.950, 115
Trd, 258650.000, 114
Trd, 258650.467, 109
Trd, 258650.683, 105
Trd, 258650.817, 106
Trd, 258650.850, 112
Trd, 258651.317, 101
Trd, 258651.383, 112
Trd, 258651.667, 100
Trd, 258651.767, 99
Trd, 258651.900, 90
Trd, 258652.033, 110
Trd, 258652.400, 110
Trd, 258652.733, 109
Trd, 258652.950, 110
Trd, 258653.117, 110
Trd, 258653.233, 112
Trd, 258653.317, 109
Trd, 258653.800, 108
Trd, 258654.150, 122
Trd, 258654.467, 139
Trd, 258654.900, 140
Trd, 258654.950, 120
Trd, 258655.100, 114
Trd, 258655.250, 133
Trd, 258655.467, 103
Trd, 258655.717, 114
Trd, 258655.933, 140
Trd, 258656.283, 134
Trd, 258656.500, 133
Trd, 258656.533, 132
Trd, 258656.650, 133
Trd, 258656.783, 132
Trd, 258656.950, 131
Trd, 258657.400, 129
Trd, 258657.550, 124
Trd, 258657.767, 121
Trd, 258657.917, 122
Trd, 258657.967, 121
Trd, 258658.133, 128
Trd, 258658.517, 121
Trd, 258658.933, 118
Trd, 258658.983, 124
Trd, 258659.400, 124
Trd, 258659.617, 122
Trd, 258659.783, 121
Trd, 258659.850, 118
Trd, 258659.983, 117
Trd, 258660.250, 113
Trd, 258660.633, 115
Trd, 258660.650, 116
Trd, 258660.800, 116
Trd, 258660.817, 115
Trd, 258661.083, 116
Trd, 258661.233, 115
Trd, 258661.317, 114
Trd, 258661.450, 112
Trd, 258661.667, 111
Trd, 258661.867, 112
Trd, 258661.883, 111
Trd, 258661.900, 110
Trd, 258662.217, 110
Trd, 258662.383, 89
Trd, 258662.700, 92
Trd, 258662.717, 108
Trd, 258662.733, 112
Trd, 258662.900, 92
Trd, 258662.967, 113
Trd, 258663.200, 114
Trd, 258663.217, 84
Trd, 258664.033, 140
Trd, 258664.050, 140
Trd, 258664.167, 80
Trd, 258664.183, 78
Trd, 258664.567, 73
Trd, 258665.167, 127
Trd, 258666.383, 140
Trd, 258666.433, 140
Trd, 258666.583, 140
Trd, 258666.983, 138
Trd, 258667.100, 135
Trd, 258667.217, 135
Trd, 258667.383, 135
Trd, 258667.550, 135
Trd, 258667.917, 129
Trd, 258668.050, 127
Trd, 258668.483, 126
Trd, 258668.650, 126
Trd, 258668.850, 115
Trd, 258668.867, 129
Trd, 258668.933, 113
Trd, 258669.817, 111
Trd, 258670.300, 119
Trd, 258670.600, 117
Trd, 258670.667, 119
Trd, 258670.683, 115
Trd, 258670.733, 120
Trd, 258671.367, 134
Trd, 258671.533, 140
Trd, 258671.633, 140
Trd, 258671.683, 140
Trd, 258671.933, 134
Trd, 258672.617, 137
Trd, 258672.750, 134
Trd, 258672.850, 140
Trd, 258672.983, 116
Trd, 258673.600, 128
Trd, 258673.833, 128
Trd, 258673.900, 127
Trd, 258674.533, 139
Trd, 258674.800, 127
Trd, 258675.200, 140
Trd, 258675.867, 140
Trd, 258675.900, 140
Trd, 258676.150, 140
Trd, 258676.850, 140
Trd, 258677.017, 140
Trd, 258677.233, 140
Trd, 258677.350, 140
Trd, 258677.367, 140
Trd, 258677.433, 140
Trd, 258677.483, 138
Trd, 258677.533, 137
Trd, 258677.550, 116
Trd, 258677.733, 125
Trd, 258677.850, 137
Trd, 258677.883, 130
Trd, 258678.100, 136
Trd, 258678.500, 121
Trd, 258678.567, 119
Trd, 258678.883, 118
Trd, 258679.150, 106
Trd, 258679.250, 96
Trd, 258679.317, 95
Trd, 258679.750, 93
Trd, 258679.767, 116
Trd, 258679.817, 92
Trd, 258680.083, 94
Trd, 258680.367, 113
Trd, 258680.700, 112
Trd, 258680.750, 115
Trd, 258680.983, 110
Trd, 258681.333, 115
Trd, 258681.350, 116
Trd, 258681.600, 100
Trd, 258681.967, 112
Trd, 258682.550, 101
Trd, 258682.883, 109
Trd, 258683.000, 107
Trd, 258683.100, 108
Trd, 258683.167, 105
Trd, 258683.467, 108
Trd, 258683.533, 101
Trd, 258683.733, 117
Trd, 258684.000, 140
Trd, 258684.217, 140
Trd, 258684.600, 140
Trd, 258684.867, 138
Trd, 258684.933, 110
Trd, 258685.033, 88
Trd, 258685.517, 115
Trd, 258685.600, 89
Trd, 258685.633, 90
Trd, 258685.733, 140
Trd, 258686.100, 123
Trd, 258686.683, 140
Trd, 258687.050, 137
Trd, 258687.550, 134
Trd, 258687.733, 134
Trd, 258688.250, 140
Trd, 258688.350, 140
Trd, 258688.567, 136
Trd, 258688.800, 138
Trd, 258689.167, 139
Trd, 258689.417, 139
Trd, 258689.433, 138
Trd, 258689.600, 139
Trd, 258689.767, 140
Trd, 258689.917, 140
Trd, 258690.033, 139
Trd, 258690.117, 136
Trd, 258690.267, 140
Trd, 258690.650, 137
Trd, 258690.700, 137
Trd, 258690.717, 135
Trd, 258691.000, 136
Trd, 258691.300, 132
Trd, 258691.683, 136
Trd, 258692.250, 106
Trd, 258692.267, 104
Trd, 258692.600, 128
Trd, 258692.850, 129
Trd, 258693.083, 111
Trd, 258693.317, 131
Trd, 258693.500, 131
Trd, 258693.533, 131
Trd, 258693.767, 108
Trd, 258693.833, 91
Trd, 258694.217, 87
Trd, 258694.650, 125
Trd, 258694.983, 124
Trd, 258695.050, 125
Trd, 258695.233, 126
Trd, 258695.450, 111
Trd, 258695.500, 88
Trd, 258695.617, 126
Trd, 258695.817, 127
Trd, 258695.967, 119
Trd, 258696.317, 60
Trd, 258696.400, 61
Trd, 258696.417, 110
Trd, 258697.133, 61
Trd, 258697.467, 83
Trd, 258697.483, 85
Trd, 258697.533, 75
Trd, 258697.550, 85
Trd, 258697.667, 101
Trd, 258697.800, 74
Trd, 258698.383, 139
Trd, 258698.650, 138
Trd, 258699.133, 114
Trd, 258699.350, 109
Trd, 258699.433, 76
Trd, 258699.517, 71
Trd, 258699.733, 61
Trd, 258699.800, 61
Trd, 258700.400, 102
Trd, 258700.433, 103
Trd, 258700.483, 97
Trd, 258700.983, 96
Trd, 258701.350, 115
Trd, 258701.367, 114
Trd, 258701.583, 114
Trd, 258701.600, 115
Trd, 258701.700, 95
Trd, 258701.833, 112
Trd, 258702.000, 92
Trd, 258702.083, 91
Trd, 258702.183, 87
Trd, 258702.533, 111
Trd, 258702.650, 83
Trd, 258702.783, 113
Trd, 258703.000, 85
Trd, 258703.133, 138
Trd, 258703.367, 140
Trd, 258703.383, 138
Trd, 258703.883, 116
Trd, 258704.567, 140
Trd, 258704.733, 140
Trd, 258704.817, 140
Trd, 258705.017, 140
Trd, 258705.583, 140
Trd, 258706.133, 140
Trd, 258706.967, 140
Trd, 258707.000, 140
Trd, 258707.183, 140
Trd, 258707.250, 140
Trd, 258707.317, 140
Trd, 258707.333, 140
Trd, 258707.583, 140
Trd, 258707.633, 140
Trd, 258707.900, 140
Trd, 258708.133, 139
Trd, 258708.150, 138
Trd, 258708.283, 137
Trd, 258708.333, 137
Trd, 258708.367, 120
Trd, 258708.950, 117
Trd, 258709.317, 126
Trd, 258709.500, 125
Trd, 258709.750, 107
Trd, 258709.917, 123
Trd, 258709.950, 112
Trd, 258709.983, 124
Trd, 258710.050, 111
Trd, 258710.200, 135
Trd, 258710.467, 104
Trd, 258710.567, 104
Trd, 258710.833, 134
Trd, 258710.883, 137
Trd, 258711.167, 140
Trd, 258711.183, 140
Trd, 258711.317, 128
Trd, 258711.583, 129
Trd, 258711.883, 128
Trd, 258712.083, 126
Trd, 258712.133, 125
Trd, 258712.950, 129
Trd, 258713.183, 132
Trd, 258713.617, 130
Trd, 258714.267, 140
Trd, 258714.450, 140
Trd, 258714.767, 140
Trd, 258714.833, 140
Trd, 258714.883, 140
Trd, 258715.050, 140
Trd, 258715.183, 139
Trd, 258715.383, 139
Trd, 258715.417, 138
Trd, 258715.433, 134
Trd, 258715.800, 130
Trd, 258715.917, 119
Trd, 258715.983, 134
Trd, 258716.267, 119
Trd, 258716.583, 130
Trd, 258717.033, 128
Trd, 258717.300, 109
Trd, 258717.650, 109
Trd, 258718.217, 120
Trd, 258718.267, 108
Trd, 258718.300, 107
Trd, 258718.350, 120
Trd, 258718.433, 97
Trd, 258718.467, 96
Trd, 258718.533, 93
Trd, 258718.717, 99
Trd, 258719.150, 94
Trd, 258719.400, 102
Trd, 258719.517, 86
Trd, 258719.850, 95
Trd, 258719.900, 68
Trd, 258719.967, 67
Trd, 258720.150, 60
Trd, 258720.450, 97
Trd, 258721.667, 68
Trd, 258721.933, 69
Trd, 258722.333, 85
Trd, 258722.600, 78
Trd, 258722.883, 78
Trd, 258722.933, 81
Trd, 258723.017, 77
Trd, 258723.450, 78
Trd, 258723.483, 77
Trd, 258723.567, 77
Trd, 258723.617, 76
Trd, 258723.733, 74
Trd, 258723.967, 75
Trd, 258724.150, 75
Trd, 258724.167, 76
Trd, 258724.183, 87
Trd, 258724.417, 70
Trd, 258725.000, 95
Trd, 258725.083, 95
Trd, 258725.117, 122
Trd, 258725.300, 122
Trd, 258725.367, 123
Trd, 258725.550, 104
Trd, 258726.000, 95
Trd, 258726.150, 93
Trd, 258726.933, 116
Trd, 258727.000, 128
Trd, 258727.083, 115
Trd, 258727.333, 95
Trd, 258727.750, 100
Trd, 258728.250, 140
Trd, 258728.367, 140
Trd, 258728.583, 140
Trd, 258729.017, 140
Trd, 258729.150, 140
Trd, 258729.183, 131
Trd, 258729.483, 139
Trd, 258729.883, 140
Trd, 258729.950, 131
Trd, 258730.433, 126
Trd, 258730.550, 125
Trd, 258731.217, 125
Trd, 258731.483, 119
Trd, 258731.550, 126
Trd, 258731.700, 125
Trd, 258731.833, 126
Trd, 258731.867, 99
Trd, 258731.933, 95
Trd, 258731.950, 89
Trd, 258732.450, 109
Trd, 258732.467, 108
Trd, 258732.900, 132
Trd, 258733.067, 133
Trd, 258733.083, 131
Trd, 258733.650, 132
Trd, 258733.783, 132
Trd, 258733.983, 132
Trd, 258734.083, 131
Trd, 258734.233, 131
Trd, 258734.250, 138
Trd, 258734.300, 122
Trd, 258734.717, 116
Trd, 258734.783, 114
Trd, 258735.017, 101
Trd, 258735.033, 98
Trd, 258735.333, 88
Trd, 258735.533, 80
Trd, 258735.717, 101
Trd, 258735.783, 102
Trd, 258735.833, 86
Trd, 258736.167, 102
Trd, 258736.183, 104
Trd, 258736.250, 108
Trd, 258736.350, 131
Trd, 258736.667, 89
Trd, 258737.833, 126
Trd, 258738.250, 108
Trd, 258738.383, 109
Trd, 258738.617, 109
Trd, 258738.750, 108
Trd, 258738.833, 106
Trd, 258739.133, 107
Trd, 258739.417, 107
Trd, 258739.633, 113
Trd, 258739.733, 113
Trd, 258739.833, 114
Trd, 258739.983, 114
Trd, 258740.067, 115
Trd, 258740.200, 114
Trd, 258740.317, 117
Trd, 258741.033, 140
Trd, 258741.067, 140
Trd, 258741.083, 124
Trd, 258741.200, 112
Trd, 258741.317, 75
Trd, 258741.733, 80
Trd, 258742.033, 112
Trd, 258742.567, 133
Trd, 258742.767, 127
Trd, 258742.800, 125
Trd, 258743.050, 128
Trd, 258743.583, 133
Trd, 258743.833, 133
Trd, 258744.233, 131
Trd, 258744.817, 131
Trd, 258745.033, 118
Trd, 258745.050, 113
Trd, 258745.483, 115
Trd, 258745.633, 104
Trd, 258745.717, 108
Trd, 258745.917, 88
Trd, 258745.983, 87
Trd, 258746.150, 124
Trd, 258746.317, 87
Trd, 258746.333, 125
Trd, 258747.050, 111
Trd, 258747.100, 112
Trd, 258747.200, 93
Trd, 258747.250, 113
Trd, 258747.300, 91
Trd, 258747.317, 85
Trd, 258747.367, 114
Trd, 258747.417, 86
Trd, 258747.483, 117
Trd, 258747.533, 84
Trd, 258748.383, 140
Trd, 258748.683, 140
Trd, 258748.783, 140
Trd, 258748.917, 138
Trd, 258748.967, 139
Trd, 258749.417, 132
Trd, 258749.567, 131
Trd, 258749.583, 130
Trd, 258749.783, 121
Trd, 258749.800, 131
Trd, 258750.033, 131
Trd, 258750.150, 118
Trd, 258750.300, 129
Trd, 258750.400, 117
Trd, 258750.417, 108
Trd, 258750.683, 130
Trd, 258750.767, 124
Trd, 258751.567, 132
Trd, 258751.617, 132
Trd, 258751.833, 117
Trd, 258752.000, 117
Trd, 258752.150, 117
Trd, 258752.367, 133
Trd, 258752.717, 136
Trd, 258752.833, 121
Trd, 258753.050, 122
Trd, 258753.233, 121
Trd, 258753.250, 119
Trd, 258753.417, 118
Trd, 258753.433, 117
Trd, 258753.817, 115
Trd, 258754.000, 117
Trd, 258754.217, 112
Trd, 258754.883, 107
Trd, 258755.050, 117
Trd, 258755.150, 108
Trd, 258755.250, 117
Trd, 258755.800, 106
Trd, 258755.950, 105
Trd, 258755.983, 113
Trd, 258756.183, 103
Trd, 258756.250, 93
Trd, 258756.667, 109
Trd, 258756.917, 103
Trd, 258757.267, 107
Trd, 258757.617, 108
Trd, 258757.650, 107
Trd, 258757.767, 107
Trd, 258758.000, 105
Trd, 258758.083, 103
Trd, 258758.100, 102
Trd, 258758.367, 106
Trd, 258758.450, 107
Trd, 258758.517, 109
Trd, 258758.667, 117
Trd, 258759.167, 135
Trd, 258759.450, 135
Trd, 258759.700, 136
Trd, 258760.183, 140
Trd, 258760.883, 140
Trd, 258761.117, 139
Trd, 258761.250, 140
Trd, 258761.283, 140
Trd, 258761.767, 140
Trd, 258761.950, 140
Trd, 258762.033, 140
Trd, 258762.733, 140
Trd, 258762.817, 140
Trd, 258762.933, 140
Trd, 258763.117, 140
Trd, 258763.150, 138
Trd, 258763.283, 140
Trd, 258763.367, 138
Trd, 258763.550, 138
Trd, 258763.650, 137
Trd, 258763.750, 136
Trd, 258764.133, 132
Trd, 258764.700, 133
Trd, 258764.933, 108
Trd, 258765.100, 107
Trd, 258765.300, 88
Trd, 258765.333, 125
Trd, 258765.517, 126
Trd, 258765.533, 125
Trd, 258765.783, 116
Trd, 258765.900, 105
Trd, 258766.133, 117
Trd, 258766.450, 122
Trd, 258766.833, 123
Trd, 258766.950, 118
Trd, 258767.183, 119
Trd, 258767.583, 119
Trd, 258767.617, 122
Trd, 258767.883, 118
Trd, 258767.983, 122
Trd, 258768.083, 123
Trd, 258768.433, 123
Trd, 258768.683, 121
Trd, 258768.767, 120
Trd, 258768.867, 118
Trd, 258769.050, 107
Trd, 258769.217, 119
Trd, 258769.500, 67
Trd, 258769.567, 66
Trd, 258769.900, 76
Trd, 258770.067, 76
Trd, 258770.500, 98
Trd, 258770.517, 114
Trd, 258770.650, 74
Trd, 258770.917, 82
Trd, 258770.933, 83
Trd, 258771.100, 82
Trd, 258771.167, 67
Trd, 258771.250, 80
Trd, 258771.350, 81
Trd, 258771.867, 72
Trd, 258772.100, 80
Trd, 258772.283, 74
Trd, 258772.433, 71
Trd, 258772.533, 81
Trd, 258772.683, 66
Trd, 258772.850, 60
Trd, 258773.183, 63
Trd, 258773.483, 64
Trd, 258773.667, 63
Trd, 258773.967, 67
Trd, 258775.033, 110
Trd, 258775.050, 111
Trd, 258775.150, 110
Trd, 258775.200, 108
Trd, 258775.217, 112
Trd, 258775.483, 107
Trd, 258775.650, 101
Trd, 258775.733, 115
Trd, 258775.967, 100
Trd, 258776.267, 125
Trd, 258776.333, 127
Trd, 258776.450, 101
Trd, 258776.700, 101
Trd, 258776.717, 99
Trd, 258776.783, 88
Trd, 258777.017, 73
Trd, 258777.067, 124
Trd, 258777.567, 125
Trd, 258777.733, 61
Trd, 258778.400, 134
Trd, 258779.067, 140
Trd, 258779.100, 138
Trd, 258779.800, 140
Trd, 258779.867, 139
Trd, 258779.950, 139
Trd, 258780.033, 139
Trd, 258780.350, 138
Trd, 258780.383, 134
Trd, 258781.450, 138
Trd, 258781.567, 137
Trd, 258781.700, 122
Trd, 258782.433, 131
Trd, 258782.750, 132
Trd, 258782.967, 131
Trd, 258782.983, 130
Trd, 258783.000, 125
Trd, 258783.033, 120
Trd, 258783.433, 116
Trd, 258783.617, 120
Trd, 258783.867, 115
Trd, 258783.883, 116
Trd, 258784.233, 115
Trd, 258784.467, 113
Trd, 258784.517, 111
Trd, 258784.583, 114
Trd, 258784.700, 112
Trd, 258784.800, 113
Trd, 258784.883, 112
Trd, 258784.933, 108
Trd, 258785.133, 89
Trd, 258785.267, 84
Trd, 258785.500, 113
Trd, 258785.750, 106
Trd, 258785.783, 113
Trd, 258786.017, 131
Trd, 258786.300, 98
Trd, 258786.333, 97
Trd, 258786.817, 98
Trd, 258786.833, 96
Trd, 258787.317, 109
Trd, 258787.583, 108
Trd, 258787.667, 96
Trd, 258788.233, 100
Trd, 258788.933, 105
Trd, 258789.250, 109
Trd, 258789.450, 120
Trd, 258789.850, 119
Trd, 258790.017, 110
Trd, 258790.267, 120
Trd, 258790.300, 121
Trd, 258790.483, 122
Trd, 258790.583, 114
Trd, 258790.733, 114
Trd, 258791.133, 121
Trd, 258791.250, 114
Trd, 258791.383, 124
Trd, 258792.467, 140
Trd, 258792.483, 140
Trd, 258792.600, 140
Trd, 258792.800, 140
Trd, 258793.400, 140
Trd, 258793.450, 140
Trd, 258793.783, 140
Trd, 258793.950, 140
Trd, 258794.200, 140
Trd, 258794.217, 140
Trd, 258794.367, 140
Trd, 258794.600, 140
Trd, 258794.750, 140
Trd, 258794.833, 140
Trd, 258794.900, 140
Trd, 258795.033, 140
Trd, 258795.117, 140
Trd, 258795.333, 139
Trd, 258795.400, 140
Trd, 258795.467, 138
Trd, 258795.983, 140
Trd, 258796.167, 110
Trd, 258796.267, 127
Trd, 258796.300, 106
Trd, 258796.367, 95
Trd, 258796.700, 96
Trd, 258797.233, 104
Trd, 258797.417, 120
Trd, 258797.467, 123
Trd, 258798.150, 129
Trd, 258798.467, 134
Trd, 258798.533, 128
Trd, 258798.633, 113
Trd, 258798.733, 108
Trd, 258799.200, 103
Trd, 258799.233, 102
Trd, 258800.400, 140
Trd, 258800.533, 140
Trd, 258801.033, 140
Trd, 258801.200, 140
Trd, 258801.317, 140
Trd, 258801.700, 140
Trd, 258801.767, 140
Trd, 258802.317, 140
Trd, 258802.517, 139
Trd, 258802.600, 134
Trd, 258802.733, 122
Trd, 258802.750, 105
Trd, 258802.783, 105
Trd, 258802.883, 96
Trd, 258803.000, 92
Trd, 258803.417, 131
Trd, 258803.467, 132
Trd, 258803.833, 140
Trd, 258803.900, 140
Trd, 258804.000, 130
Trd, 258804.283, 140
Trd, 258804.367, 139
Trd, 258804.567, 135
Trd, 258804.700, 136
Trd, 258804.867, 137
Trd, 258805.017, 138
Trd, 258805.100, 138
Trd, 258805.150, 137
Trd, 258805.450, 137
Trd, 258805.517, 136
Trd, 258805.700, 134
Trd, 258806.200, 132
Trd, 258806.283, 131
Trd, 258806.500, 127
Trd, 258806.533, 130
Trd, 258806.600, 115
Trd, 258806.700, 130
Trd, 258807.683, 125
Trd, 258807.783, 126
Trd, 258807.800, 130
Trd, 258807.883, 116
Trd, 258807.983, 115
Trd, 258808.100, 108
Trd, 258808.233, 105
Trd, 258808.433, 95
Trd, 258808.633, 80
Trd, 258808.717, 77
Trd, 258809.850, 132
Trd, 258810.050, 134
Trd, 258810.217, 132
Trd, 258810.633, 139
Trd, 258810.783, 128
Trd, 258811.300, 131
Trd, 258811.667, 132
Trd, 258811.767, 132
Trd, 258811.967, 132
Trd, 258812.133, 132
Trd, 258812.217, 132
Trd, 258812.233, 131
Trd, 258812.400, 132
Trd, 258812.817, 106
Trd, 258813.150, 111
Trd, 258813.367, 103
Trd, 258813.400, 126
Trd, 258813.650, 127
Trd, 258813.783, 104
Trd, 258814.167, 103
Trd, 258814.300, 108
Trd, 258814.467, 87
Trd, 258814.500, 83
Trd, 258814.533, 109
Trd, 258814.550, 83
Trd, 258814.817, 107
Trd, 258815.000, 81
Trd, 258815.083, 105
Trd, 258815.150, 73
Trd, 258815.233, 106
Trd, 258815.533, 78
Trd, 258815.600, 105
Trd, 258815.950, 106
Trd, 258816.000, 78
Trd, 258816.117, 77
Trd, 258816.200, 75
Trd, 258816.333, 107
Trd, 258816.767, 73
Trd, 258817.200, 102
Trd, 258817.283, 60
Trd, 258817.817, 62
Trd, 258817.983, 62
Trd, 258818.033, 70
Trd, 258818.450, 70
Trd, 258818.617, 65
Trd, 258818.817, 71
Trd, 258819.000, 96
Trd, 258819.067, 72
Trd, 258820.000, 140
Trd, 258820.050, 140
Trd, 258820.117, 140
Trd, 258820.433, 126
Trd, 258820.767, 126
Trd, 258821.100, 125
Trd, 258821.200, 136
Trd, 258821.233, 109
Trd, 258821.317, 108
Trd, 258821.500, 135
Trd, 258821.633, 103
Trd, 258822.017, 111
Trd, 258822.033, 110
Trd, 258822.250, 127
Trd, 258822.317, 123
Trd, 258822.750, 125
Trd, 258822.867, 127
Trd, 258822.967, 127
Trd, 258823.183, 127
Trd, 258823.200, 129
Trd, 258823.600, 130
Trd, 258823.750, 131
Trd, 258823.867, 130
Trd, 258824.067, 127
Trd, 258824.167, 125
Trd, 258824.300, 127
Trd, 258824.433, 131
Trd, 258824.467, 130
Trd, 258824.617, 124
Trd, 258824.750, 107
Trd, 258825.250, 120
Trd, 258825.267, 112
Trd, 258825.317, 99
Trd, 258825.367, 73
Trd, 258825.483, 65
Trd, 258825.900, 63
Trd, 258826.017, 63
Trd, 258826.283, 67
Trd, 258826.850, 60
Trd, 258826.967, 61
Trd, 258826.983, 61
Trd, 258827.117, 60
Trd, 258827.617, 61
Trd, 258827.633, 66
Trd, 258827.683, 69
Trd, 258827.833, 74
Trd, 258827.900, 76
Trd, 258828.033, 65
Trd, 258828.450, 76
Trd, 258828.533, 76
Trd, 258828.583, 77
Trd, 258828.683, 77
Trd, 258828.700, 79
Trd, 258829.083, 80
Trd, 258829.500, 122
Trd, 258829.517, 121
Trd, 258829.633, 120
Trd, 258830.033, 124
Trd, 258830.283, 111
Trd, 258830.650, 123
Trd, 258830.767, 81
Trd, 258831.200, 121
Trd, 258831.433, 111
Trd, 258831.717, 113
Trd, 258831.783, 112
Trd, 258832.250, 115
Trd, 258832.417, 112
Trd, 258832.483, 113
Trd, 258832.500, 111
Trd, 258832.600, 110
Trd, 258832.817, 107
Trd, 258832.850, 103
Trd, 258832.867, 94
Trd, 258832.950, 90
Trd, 258833.017, 113
Trd, 258833.467, 119
Trd, 258833.500, 70
Trd, 258833.717, 139
Trd, 258834.367, 92
Trd, 258834.750, 111
Trd, 258834.800, 91
Trd, 258835.150, 120
Trd, 258835.733, 140
Trd, 258835.950, 140
Trd, 258836.133, 140
Trd, 258836.533, 140
Trd, 258836.950, 140
Trd, 258837.000, 140
Trd, 258837.150, 126
Trd, 258837.183, 112
Trd, 258837.233, 111
Trd, 258837.550, 108
Trd, 258837.933, 134
Trd, 258838.467, 107
Trd, 258838.483, 133
Trd, 258838.550, 133
Trd, 258838.583, 134
Trd, 258838.800, 108
Trd, 258838.933, 108
Trd, 258839.233, 130
Trd, 258839.500, 129
Trd, 258840.633, 123
Trd, 258840.683, 123
Trd, 258840.750, 125
Trd, 258840.767, 122
Trd, 258840.983, 120
Trd, 258841.250, 123
Trd, 258841.333, 122
Trd, 258841.700, 123
Trd, 258841.783, 121
Trd, 258842.083, 120
Trd, 258842.383, 118
Trd, 258842.433, 122
Trd, 258842.467, 124
Trd, 258842.767, 117
Trd, 258842.817, 116
Trd, 258842.917, 115
Trd, 258843.033, 127
Trd, 258843.217, 121
Trd, 258843.267, 128
Trd, 258843.717, 120
Trd, 258844.533, 140
Trd, 258845.583, 140
Trd, 258845.833, 140
Trd, 258846.150, 140
Trd, 258846.500, 140
Trd, 258846.550, 123
Trd, 258846.567, 122
Trd, 258846.917, 140
Trd, 258847.117, 127
Trd, 258848.250, 131
Trd, 258848.267, 132
Trd, 258848.367, 132
Trd, 258848.483, 131
Trd, 258848.500, 130
Trd, 258848.533, 128
Trd, 258848.550, 126
Trd, 258848.917, 130
Trd, 258849.000, 127
Trd, 258849.100, 126
Trd, 258849.467, 123
Trd, 258849.583, 117
Trd, 258849.767, 120
Trd, 258849.900, 119
Trd, 258849.983, 124
Trd, 258850.050, 115
Trd, 258850.217, 102
Trd, 258850.617, 120
Trd, 258850.633, 108
Trd, 258850.767, 101
Trd, 258850.933, 102
Trd, 258851.083, 115
Trd, 258851.300, 101
Trd, 258851.750, 105
Trd, 258852.000, 104
Trd, 258852.517, 105
Trd, 258852.583, 116
Trd, 258852.650, 118
Trd, 258852.817, 104
Trd, 258852.867, 115
Trd, 258852.917, 104
Trd, 258853.050, 103
Trd, 258853.133, 115
Trd, 258853.567, 112
Trd, 258853.600, 111
Trd, 258853.633, 110
Trd, 258853.717, 115
Trd, 258853.750, 116
Trd, 258853.783, 117
Trd, 258854.617, 90
Trd, 258854.700, 119
Trd, 258855.533, 140
Trd, 258855.633, 140
Trd, 258855.717, 132
Trd, 258855.733, 128
Trd, 258857.250, 140
Trd, 258857.367, 140
Trd, 258858.067, 140
Trd, 258858.117, 140
Trd, 258858.233, 140
Trd, 258858.483, 140
Trd, 258858.867, 140
Trd, 258859.133, 140
Trd, 258859.183, 140
Trd, 258859.233, 140
Trd, 258859.267, 140
Trd, 258859.383, 140
Trd, 258859.800, 137
Trd, 258860.017, 136
Trd, 258860.100, 132
Trd, 258860.183, 132
Trd, 258860.300, 139
Trd, 258860.517, 117
Trd, 258860.783, 111
Trd, 258861.300, 112
Trd, 258861.500, 121
Trd, 258862.200, 122
Trd, 258862.217, 112
Trd, 258862.250, 110
Trd, 258862.567, 112
Trd, 258862.650, 111
Trd, 258863.083, 115
Trd, 258863.167, 116
Trd, 258863.283, 117
Trd, 258863.450, 117
Trd, 258863.717, 115
Trd, 258863.750, 113
Trd, 258863.800, 111
Trd, 258864.000, 102
Trd, 258864.200, 115
Trd, 258864.567, 110
Trd, 258864.783, 112
Trd, 258864.917, 114
Trd, 258865.017, 110
Trd, 258865.267, 134
Trd, 258865.283, 121
Trd, 258865.367, 120
Trd, 258865.667, 112
Trd, 258866.200, 114
Trd, 258866.700, 132
Trd, 258866.967, 133
Trd, 258867.667, 138
Trd, 258867.700, 137
Trd, 258867.733, 136
Trd, 258867.883, 131
Trd, 258867.950, 138
Trd, 258867.967, 117
Trd, 258868.333, 116
Trd, 258868.433, 110
Trd, 258868.900, 109
Trd, 258868.967, 135
Trd, 258869.200, 132
Trd, 258869.283, 133
Trd, 258869.383, 132
Trd, 258869.483, 132
Trd, 258869.533, 93
Trd, 258869.633, 86
Trd, 258869.700, 85
Trd, 258870.083, 106
Trd, 258870.717, 94
Trd, 258870.983, 93
Trd, 258871.333, 101
Trd, 258871.467, 102
Trd, 258871.883, 93
Trd, 258872.233, 94
Trd, 258872.400, 95
Trd, 258872.500, 96
Trd, 258872.567, 96
Trd, 258872.617, 95
Trd, 258872.783, 94
Trd, 258872.950, 91
Trd, 258873.067, 99
Trd, 258873.350, 90
Trd, 258873.717, 60
Trd, 258874.033, 60
Trd, 258874.050, 60
Trd, 258874.133, 60
Trd, 258874.283, 60
Trd, 258874.500, 60
Trd, 258874.517, 61
Trd, 258874.700, 61
Trd, 258874.967, 60
Trd, 258875.167, 61
Trd, 258875.517, 60
Trd, 258875.667, 61
Trd, 258876.450, 60
Trd, 258876.500, 60
Trd, 258876.517, 60
Trd, 258876.633, 63
Trd, 258876.733, 63
Trd, 258876.983, 63
Trd, 258877.083, 61
Trd, 258877.483, 63
Trd, 258877.683, 65
Trd, 258877.983, 65
Trd, 258878.117, 66
Trd, 258878.450, 66
Trd, 258878.633, 67
Trd, 258879.083, 64
Trd, 258879.367, 64
Trd, 258879.433, 67
Trd, 258879.450, 64
Trd, 258879.483, 101
Trd, 258879.917, 67
Trd, 258880.067, 64
Trd, 258880.550, 135
Trd, 258881.183, 136
Trd, 258881.350, 135
Trd, 258881.383, 134
Trd, 258881.483, 113
Trd, 258882.167, 108
Trd, 258882.567, 122
Trd, 258882.750, 139
Trd, 258882.833, 125
Trd, 258883.217, 108
Trd, 258883.233, 128
Trd, 258883.267, 132
Trd, 258883.300, 135
Trd, 258883.650, 109
Trd, 258883.833, 109
Trd, 258883.883, 108
Trd, 258884.050, 107
Trd, 258884.167, 102
Trd, 258884.183, 129
Trd, 258884.333, 102
Trd, 258884.383, 130
Trd, 258884.900, 116
Trd, 258885.117, 128
Trd, 258885.433, 124
Trd, 258885.600, 120
Trd, 258885.733, 124
Trd, 258885.950, 122
Trd, 258886.000, 120
Trd, 258886.200, 121
Trd, 258886.250, 122
Trd, 258886.300, 119
Trd, 258886.783, 122
Trd, 258887.217, 122
Trd, 258887.433, 122
Trd, 258887.667, 140
Trd, 258888.117, 140
Trd, 258888.500, 140
Trd, 258888.650, 140
Trd, 258889.000, 131
Trd, 258889.133, 129
Trd, 258889.433, 119
Trd, 258889.467, 120
Trd, 258889.633, 134
Trd, 258890.133, 133
Trd, 258890.967, 138
Trd, 258891.050, 135
Trd, 258891.200, 138
Trd, 258891.217, 137
Trd, 258891.567, 137
Trd, 258891.767, 137
Trd, 258891.800, 136
Trd, 258891.867, 135
Trd, 258892.050, 130
Trd, 258892.117, 129
Trd, 258892.367, 140
Trd, 258892.533, 123
Trd, 258892.683, 136
Trd, 258892.783, 122
Trd, 258893.000, 104
Trd, 258893.083, 90
Trd, 258893.583, 131
Trd, 258894.117, 132
Trd, 258894.200, 131
Trd, 258894.233, 129
Trd, 258894.467, 122
Trd, 258894.733, 120
Trd, 258895.050, 120
Trd, 258895.200, 120
Trd, 258895.250, 139
Trd, 258895.850, 125
Trd, 258895.967, 109
Trd, 258896.133, 89
Trd, 258896.300, 66
Trd, 258896.600, 60
Trd, 258896.750, 65
Trd, 258896.767, 66
Trd, 258896.900, 86
Trd, 258897.283, 75
Trd, 258897.317, 76
Trd, 258897.750, 80
Trd, 258897.983, 80
Trd, 258898.067, 81
Trd, 258898.150, 77
Trd, 258898.283, 65
Trd, 258898.417, 81
Trd, 258898.750, 74
Trd, 258899.100, 81
Trd, 258899.167, 80
Trd, 258899.300, 79
Trd, 258899.417, 80
Trd, 258899.633, 81
Trd, 258899.817, 79
Trd, 258900.183, 84
Trd, 258900.217, 85
Trd, 258900.250, 134
Trd, 258900.400, 73
Trd, 258900.533, 71
Trd, 258900.683, 60
Trd, 258901.183, 60
Trd, 258901.200, 60
Trd, 258901.600, 60
Trd, 258901.650, 60
Trd, 258901.683, 63
Trd, 258902.200, 66
Trd, 258902.317, 67
Trd, 258902.333, 69
Trd, 258902.600, 67
Trd, 258902.650, 97
Trd, 258902.667, 98
Trd, 258903.350, 99
Trd, 258903.600, 98
Trd, 258903.750, 115
Trd, 258903.817, 90
Trd, 258904.867, 112
Trd, 258904.967, 103
Trd, 258905.500, 110
Trd, 258905.567, 110
Trd, 258905.817, 114
Trd, 258905.950, 114
Trd, 258906.317, 133
Trd, 258906.583, 114
Trd, 258906.617, 133
Trd, 258906.750, 112
Trd, 258906.833, 111
Trd, 258907.133, 111
Trd, 258907.250, 127
Trd, 258907.883, 128
Trd, 258908.050, 127
Trd, 258908.150, 126
Trd, 258908.600, 126
Trd, 258908.700, 126
Trd, 258908.717, 127
Trd, 258908.833, 128
Trd, 258909.000, 125
Trd, 258909.200, 124
Trd, 258909.267, 125
Trd, 258909.633, 119
Trd, 258909.667, 126
Trd, 258910.083, 101
Trd, 258910.483, 129
Trd, 258910.717, 128
Trd, 258910.733, 129
Trd, 258910.900, 127
Trd, 258910.917, 118
Trd, 258910.950, 130
Trd, 258911.067, 96
Trd, 258911.550, 69
Trd, 258911.633, 69
Trd, 258911.733, 137
Trd, 258912.400, 86
Trd, 258912.433, 85
Trd, 258912.550, 83
Trd, 258912.917, 84
Trd, 258913.017, 129
Trd, 258913.567, 119
Trd, 258913.583, 124
Trd, 258913.733, 124
Trd, 258913.833, 116
Trd, 258913.933, 116
Trd, 258914.000, 105
Trd, 258914.233, 124
Trd, 258914.650, 122
Trd, 258914.900, 115
Trd, 258915.017, 123
Trd, 258915.617, 121
Trd, 258915.633, 120
Trd, 258915.717, 119
Trd, 258915.733, 118
Trd, 258915.817, 117
Trd, 258916.050, 123
Trd, 258916.917, 133
Trd, 258916.950, 120
Trd, 258917.433, 140
Trd, 258917.450, 119
Trd, 258917.733, 108
Trd, 258918.200, 108
Trd, 258918.217, 123
Trd, 258918.283, 107
Trd, 258918.417, 125
Trd, 258918.550, 77
Trd, 258918.583, 127
Trd, 258918.817, 75
Trd, 258919.167, 60
Trd, 258919.267, 60
Trd, 258919.317, 60
Trd, 258919.617, 61
Trd, 258919.700, 61
Trd, 258919.717, 62
Trd, 258919.783, 63
Trd, 258920.117, 118
Trd, 258920.250, 109
Trd, 258920.467, 140
Trd, 258920.483, 140
Trd, 258920.567, 140
Trd, 258920.900, 105
Trd, 258921.183, 106
Trd, 258922.300, 138
Trd, 258922.983, 123
Trd, 258923.217, 140
Trd, 258923.767, 139
Trd, 258923.833, 126
Trd, 258924.250, 127
Trd, 258924.267, 126
Trd, 258924.383, 126
Trd, 258924.600, 126
Trd, 258924.683, 122
Trd, 258924.717, 114
Trd, 258925.100, 112
Trd, 258925.150, 111
Trd, 258925.283, 128
Trd, 258925.967, 122
Trd, 258926.200, 119
Trd, 258926.283, 118
Trd, 258926.400, 116
Trd, 258926.483, 119
Trd, 258926.500, 116
Trd, 258926.633, 115
Trd, 258926.850, 119
Trd, 258926.967, 117
Trd, 258927.167, 105
Trd, 258927.533, 114
Trd, 258927.617, 116
Trd, 258927.850, 118
Trd, 258928.033, 100
Trd, 258928.217, 118
Trd, 258928.250, 119
Trd, 258928.967, 140
Trd, 258929.033, 140
Trd, 258929.150, 140
Trd, 258929.167, 140
Trd, 258929.333, 106
Trd, 258929.500, 105
Trd, 258929.850, 107
Trd, 258930.100, 124
Trd, 258930.767, 108
Trd, 258930.900, 122
Trd, 258931.067, 105
Trd, 258932.067, 122
Trd, 258932.250, 100
Trd, 258932.733, 129
Trd, 258932.983, 130
Trd, 258933.333, 140
Trd, 258933.400, 140
Trd, 258933.483, 140
Trd, 258933.617, 139
Trd, 258933.800, 140
Trd, 258933.933, 139
Trd, 258934.217, 139
Trd, 258934.533, 140
Trd, 258935.133, 140
Trd, 258935.217, 140
Trd, 258935.417, 138
Trd, 258935.683, 137
Trd, 258935.850, 136
Trd, 258935.983, 138
Trd, 258936.700, 126
Trd, 258937.233, 127
Trd, 258937.367, 128
Trd, 258937.600, 129
Trd, 258937.733, 131
Trd, 258937.917, 131
Trd, 258937.983, 132
Trd, 258938.083, 132
Trd, 258938.133, 137
Trd, 258938.217, 136
Trd, 258938.350, 130
Trd, 258938.583, 124
Trd, 258938.600, 121
Trd, 258938.633, 104
Trd, 258938.883, 101
Trd, 258938.950, 72
Trd, 258939.217, 64
Trd, 258939.533, 65
Trd, 258939.567, 66
Trd, 258939.700, 69
Trd, 258940.317, 140
Trd, 258941.267, 140
Trd, 258941.467, 140
Trd, 258941.750, 140
Trd, 258941.967, 140
Trd, 258942.033, 140
Trd, 258942.067, 140
Trd, 258942.150, 140
Trd, 258942.367, 140
Trd, 258942.683, 133
Trd, 258942.867, 132
Trd, 258942.983, 126
Trd, 258943.533, 140
Trd, 258943.750, 139
Trd, 258943.817, 139
Trd, 258943.967, 128
Trd, 258943.983, 113
Trd, 258944.033, 105
Trd, 258944.233, 107
Trd, 258944.533, 139
Trd, 258944.750, 139
Trd, 258944.867, 124
Trd, 258945.100, 136
Trd, 258945.517, 125
Trd, 258945.683, 133
Trd, 258945.733, 123
Trd, 258946.617, 130
Trd, 258946.650, 121
Trd, 258946.683, 119
Trd, 258947.100, 118
Trd, 258947.183, 116
Trd, 258947.267, 115
Trd, 258947.450, 128
Trd, 258948.100, 124
Trd, 258948.233, 116
Trd, 258948.333, 119
Trd, 258948.350, 115
Trd, 258948.767, 121
Trd, 258948.950, 112
Trd, 258948.983, 110
Trd, 258949.183, 111
Trd, 258949.717, 116
Trd, 258949.850, 117
Trd, 258950.183, 119
Trd, 258950.417, 119
Trd, 258950.500, 118
Trd, 258950.533, 117
Trd, 258950.567, 112
Trd, 258950.650, 119
Trd, 258950.733, 121
Trd, 258950.817, 117
Trd, 258951.067, 115
Trd, 258951.283, 106
Trd, 258951.367, 136
Trd, 258951.450, 130
Trd, 258951.517, 106
Trd, 258951.867, 106
Trd, 258952.283, 130
Trd, 258952.500, 126
Trd, 258952.883, 119
Trd, 258952.950, 118
Trd, 258953.283, 110
Trd, 258953.600, 138
Trd, 258953.817, 109
Trd, 258954.000, 108
Trd, 258954.050, 98
Trd, 258954.450, 97
Trd, 258955.200, 123
Trd, 258955.433, 119
Trd, 258955.467, 112
Trd, 258955.667, 116
Trd, 258955.700, 118
Trd, 258955.933, 119
Trd, 258956.017, 112
Trd, 258956.067, 111
Trd, 258956.867, 113
Trd, 258956.917, 112
Trd, 258956.933, 115
Trd, 258956.983, 99
Trd, 258957.000, 76
Trd, 258957.283, 116
Trd, 258957.917, 79
Trd, 258957.967, 78
Trd, 258958.133, 76
Trd, 258958.350, 75
Trd, 258958.400, 74
Trd, 258958.583, 91
Trd, 258958.667, 106
Trd, 258958.750, 67
Trd, 258959.133, 86
Trd, 258959.600, 75
Trd, 258960.167, 78
Trd, 258960.217, 77
Trd, 258960.317, 71
Trd, 258960.650, 66
Trd, 258960.667, 88
Trd, 258960.683, 102
Trd, 258960.950, 76
Trd, 258961.050, 66
Trd, 258961.400, 90
Trd, 258962.150, 140
Trd, 258962.167, 140
Trd, 258962.800, 140
Trd, 258964.217, 140
Trd, 258964.450, 140
Trd, 258964.533, 140
Trd, 258964.550, 140
Trd, 258964.900, 140
Trd, 258965.233, 140
Trd, 258965.283, 140
Trd, 258965.433, 140
Trd, 258965.450, 140
Trd, 258965.650, 140
Trd, 258965.900, 140
Trd, 258966.000, 140
Trd, 258966.067, 139
Trd, 258966.117, 138
Trd, 258966.433, 138
Trd, 258966.450, 137
Trd, 258966.517, 129
Trd, 258967.433, 124
Trd, 258967.733, 122
Trd, 258967.817, 99
Trd, 258968.100, 140
Trd, 258968.183, 139
Trd, 258968.250, 139
Trd, 258968.500, 139
Trd, 258968.667, 140
Trd, 258968.883, 139
Trd, 258968.933, 138
Trd, 258969.350, 126
Trd, 258969.783, 127
Trd, 258970.167, 126
Trd, 258970.400, 125
Trd, 258970.450, 116
Trd, 258970.467, 105
Trd, 258970.633, 104
Trd, 258970.650, 103
Trd, 258970.967, 102
Trd, 258971.050, 91
Trd, 258971.167, 121
Trd, 258971.383, 121
Trd, 258971.617, 110
Trd, 258971.733, 92
Trd, 258971.800, 123
Trd, 258972.367, 95
Trd, 258972.483, 94
Trd, 258972.550, 93
Trd, 258972.583, 93
Trd, 258972.650, 92
Trd, 258973.000, 117
Trd, 258973.367, 116
Trd, 258973.417, 117
Trd, 258973.500, 108
Trd, 258973.717, 106
Trd, 258974.050, 104
Trd, 258974.300, 113
Trd, 258974.317, 109
Trd, 258974.367, 94
Trd, 258974.583, 112
Trd, 258974.650, 93
Trd, 258974.767, 113
Trd, 258975.033, 116
Trd, 258975.667, 139
Trd, 258976.100, 135
Trd, 258976.300, 119
Trd, 258976.817, 128
Trd, 258977.417, 130
Trd, 258977.450, 129
Trd, 258978.250, 140
Trd, 258978.333, 139
Trd, 258978.967, 139
Trd, 258979.000, 138
Trd, 258979.067, 136
Trd, 258979.117, 135
Trd, 258979.283, 135
Trd, 258979.433, 117
Trd, 258979.450, 114
Trd, 258979.583, 112
Trd, 258979.617, 140
Trd, 258979.800, 139
Trd, 258979.900, 120
Trd, 258980.083, 111
Trd, 258980.133, 107
Trd, 258980.267, 114
Trd, 258980.600, 112
Trd, 258980.650, 111
Trd, 258980.783, 107
Trd, 258981.167, 107
Trd, 258981.200, 104
Trd, 258981.333, 109
Trd, 258981.350, 90
Trd, 258981.650, 103
Trd, 258981.683, 110
Trd, 258981.900, 85
Trd, 258982.250, 112
Trd, 258982.400, 113
Trd, 258982.600, 114
Trd, 258982.633, 88
Trd, 258982.817, 88
Trd, 258982.850, 87
Trd, 258983.017, 74
Trd, 258984.250, 92
Trd, 258984.300, 106
Trd, 258984.367, 92
Trd, 258984.517, 90
Trd, 258985.233, 89
Trd, 258985.250, 101
Trd, 258985.483, 99
Trd, 258985.567, 100
Trd, 258985.983, 90
Trd, 258986.100, 98
Trd, 258986.267, 97
Trd, 258986.367, 98
Trd, 258986.383, 84
Trd, 258986.450, 98
Trd, 258986.900, 92
Trd, 258987.133, 108
Trd, 258987.600, 104
Trd, 258987.700, 103
Trd, 258988.167, 104
Trd, 258988.400, 102
Trd, 258988.417, 97
Trd, 258988.467, 95
Trd, 258988.883, 112
Trd, 258988.967, 113
Trd, 258989.183, 100
Trd, 258989.200, 99
Trd, 258989.217, 91
Trd, 258989.333, 118
Trd, 258989.650, 103
Trd, 258989.733, 122
Trd, 258989.983, 103
Trd, 258990.300, 102
Trd, 258990.417, 119
Trd, 258990.550, 119
Trd, 258990.567, 102
Trd, 258990.733, 101
Trd, 258990.817, 114
Trd, 258991.050, 123
Trd, 258991.233, 60
Trd, 258991.650, 62
Trd, 258991.683, 64
Trd, 258992.400, 61
Trd, 258992.467, 61
Trd, 258992.683, 60
Trd, 258992.783, 62
Trd, 258992.883, 62
Trd, 258992.950, 63
Trd, 258993.050, 64
Trd, 258993.417, 64
Trd, 258993.500, 63
Trd, 258993.633, 69
Trd, 258993.883, 61
Trd, 258993.983, 61
Trd, 258994.417, 62
Trd, 258994.500, 75
Trd, 258994.567, 62
Trd, 258994.750, 102
Trd, 258994.917, 120
Trd, 258995.650, 79
Trd, 258995.750, 116
Trd, 258996.050, 117
Trd, 258996.233, 103
Trd, 258996.517, 103
Trd, 258997.117, 108
Trd, 258997.367, 108
Trd, 258997.400, 112
Trd, 258997.550, 113
Trd, 258997.633, 112
Trd, 258997.783, 114
Trd, 258997.833, 107
Trd, 258997.867, 114
Trd, 258998.067, 107
Trd, 258998.100, 106
Trd, 258998.333, 138
Trd, 258998.467, 105
Trd, 258999.250, 138
Trd, 258999.483, 118
Trd, 258999.850, 119
Trd, 258999.950, 119
Trd, 259000.050, 107
Trd, 259000.200, 106
Trd, 259000.333, 102
Trd, 259000.783, 116
Trd, 259001.167, 119
Trd, 259001.200, 114
Trd, 259001.450, 99
Trd, 259001.700, 109
Trd, 259002.150, 107
Trd, 259002.683, 140
Trd, 259002.900, 140
Trd, 259003.033, 132
Trd, 259003.067, 131
Trd, 259003.117, 109
Trd, 259003.467, 139
Trd, 259004.467, 140
Trd, 259004.967, 140
Trd, 259005.967, 140
Trd, 259006.050, 140
Trd, 259006.150, 140
Trd, 259006.183, 140
Trd, 259006.517, 140
Trd, 259006.583, 140
Trd, 259006.700, 140
Trd, 259006.817, 140
Trd, 259006.950, 134
Trd, 259007.300, 128
Trd, 259007.333, 133
Trd, 259007.400, 134
Trd, 259007.617, 121
Trd, 259007.967, 123
Trd, 259008.067, 119
Trd, 259008.317, 117
Trd, 259008.367, 83
Trd, 259008.500, 122
Trd, 259008.550, 128
Trd, 259008.650, 79
Trd, 259009.183, 109
Trd, 259009.283, 117
Trd, 259009.683, 98
Trd, 259009.817, 102
Trd, 259009.883, 98
Trd, 259010.483, 106
Trd, 259010.650, 109
Trd, 259010.883, 109
Trd, 259010.933, 105
Trd, 259010.983, 110
Trd, 259011.217, 108
Trd, 259011.267, 106
Trd, 259011.550, 108
Trd, 259011.683, 109
Trd, 259011.950, 107
Trd, 259011.967, 105
Trd, 259012.100, 113
Trd, 259012.217, 96
Trd, 259012.317, 74
Trd, 259012.600, 118
Trd, 259012.783, 124
Trd, 259013.317, 110
Trd, 259013.517, 112
Trd, 259013.850, 111
Trd, 259013.933, 109
Trd, 259014.000, 118
Trd, 259014.117, 118
Trd, 259014.200, 119
Trd, 259014.350, 86
Trd, 259014.900, 111
Trd, 259014.933, 85
Trd, 259015.117, 110
Trd, 259015.450, 119
Trd, 259015.600, 139
Trd, 259015.833, 138
Trd, 259016.217, 140
Trd, 259016.417, 140
Trd, 259016.550, 140
Trd, 259016.583, 140
Trd, 259016.800, 140
Trd, 259017.333, 140
Trd, 259017.550, 140
Trd, 259017.750, 140
Trd, 259018.217, 140
Trd, 259018.733, 133
Trd, 259019.150, 133
Trd, 259019.333, 140
Trd, 259019.550, 122
Trd, 259019.750, 109
Trd, 259020.033, 136
Trd, 259020.400, 112
Trd, 259020.433, 131
Trd, 259021.050, 123
Trd, 259021.117, 118
Trd, 259021.167, 124
Trd, 259021.400, 88
Trd, 259021.617, 121
Trd, 259021.800, 88
Trd, 259021.833, 121
Trd, 259021.867, 88
Trd, 259021.883, 122
Trd, 259021.950, 122
Trd, 259022.050, 134
Trd, 259022.083, 87
Trd, 259022.183, 66
Trd, 259022.383, 61
Trd, 259022.883, 83
Trd, 259022.983, 79
Trd, 259023.433, 69
Trd, 259023.617, 76
Trd, 259023.867, 77
Trd, 259023.900, 76
Trd, 259023.983, 76
Trd, 259024.050, 74
Trd, 259024.167, 72
Trd, 259024.267, 73
Trd, 259024.450, 75
Trd, 259024.500, 73
Trd, 259024.633, 77
Trd, 259025.267, 80
Trd, 259025.467, 81
Trd, 259025.950, 77
Trd, 259026.067, 76
Trd, 259026.167, 77
Trd, 259026.433, 80
Trd, 259026.833, 76
Trd, 259027.000, 81
Trd, 259027.667, 97
Trd, 259028.050, 67
Trd, 259028.100, 68
Trd, 259028.483, 62
Trd, 259028.817, 63
Trd, 259028.900, 62
Trd, 259028.983, 61
Trd, 259029.167, 64
Trd, 259029.433, 63
Trd, 259029.533, 61
Trd, 259029.550, 62
Trd, 259029.600, 65
Trd, 259029.667, 66
Trd, 259030.200, 60
Trd, 259030.333, 60
Trd, 259030.433, 61
Trd, 259030.483, 67
Trd, 259030.500, 73
Trd, 259031.217, 82
Trd, 259031.417, 119
Trd, 259031.483, 119
Trd, 259031.500, 118
Trd, 259031.633, 138
Trd, 259031.767, 118
Trd, 259031.967, 140
Trd, 259032.750, 121
Trd, 259033.083, 126
Trd, 259033.317, 125
Trd, 259034.083, 140
Trd, 259034.233, 139
Trd, 259034.400, 138
Trd, 259034.700, 137
Trd, 259034.900, 137
Trd, 259034.950, 135
Trd, 259035.033, 137
Trd, 259035.083, 126
Trd, 259035.300, 126
Trd, 259035.417, 133
Trd, 259035.583, 134
Trd, 259035.700, 135
Trd, 259035.983, 126
Trd, 259036.183, 125
Trd, 259036.550, 133
Trd, 259036.583, 134
Trd, 259036.767, 125
Trd, 259036.917, 125
Trd, 259037.083, 114
Trd, 259037.500, 130
Trd, 259037.850, 122
Trd, 259037.867, 121
Trd, 259037.883, 118
Trd, 259038.117, 116
Trd, 259038.783, 117
Trd, 259038.817, 115
Trd, 259038.833, 121
Trd, 259038.967, 120
Trd, 259039.000, 113
Trd, 259039.133, 122
Trd, 259039.233, 113
Trd, 259039.333, 126
Trd, 259039.383, 98
Trd, 259039.600, 105
Trd, 259039.733, 93
Trd, 259040.000, 91
Trd, 259040.733, 119
Trd, 259040.767, 115
Trd, 259040.783, 113
Trd, 259041.100, 112
Trd, 259041.183, 120
Trd, 259041.250, 95
Trd, 259041.383, 121
Trd, 259042.367, 98
Trd, 259042.767, 112
Trd, 259043.000, 120
Trd, 259043.050, 112
Trd, 259043.350, 123
Trd, 259043.517, 121
Trd, 259043.833, 115
Trd, 259044.283, 116
Trd, 259044.483, 115
Trd, 259044.567, 113
Trd, 259044.800, 112
Trd, 259044.817, 112
Trd, 259045.067, 138
Trd, 259045.617, 136
Trd, 259045.633, 105
Trd, 259045.733, 104
Trd, 259045.767, 103
Trd, 259046.050, 134
Trd, 259046.250, 120
Trd, 259046.333, 112
Trd, 259046.417, 121
Trd, 259046.917, 93
Trd, 259047.017, 108
Trd, 259047.250, 89
Trd, 259047.583, 127
Trd, 259047.800, 128
Trd, 259047.817, 129
Trd, 259047.933, 93
Trd, 259047.983, 128
Trd, 259048.333, 97
Trd, 259048.383, 97
Trd, 259048.417, 96
Trd, 259048.800, 106
Trd, 259049.417, 123
Trd, 259049.433, 114
Trd, 259049.717, 112
Trd, 259049.767, 120
Trd, 259050.033, 98
Trd, 259050.167, 119
Trd, 259050.200, 120
Trd, 259050.317, 97
Trd, 259050.600, 120
Trd, 259050.633, 114
Trd, 259050.750, 112
Trd, 259051.083, 120
Trd, 259051.133, 112
Trd, 259051.217, 121
Trd, 259051.433, 113
Trd, 259052.067, 140
Trd, 259052.333, 140
Trd, 259052.367, 139
Trd, 259052.517, 108
Trd, 259053.483, 140
Trd, 259053.667, 137
Trd, 259053.867, 119
Trd, 259054.133, 116
Trd, 259054.167, 136
Trd, 259054.467, 117
Trd, 259054.600, 134
Trd, 259054.883, 130
Trd, 259055.167, 129
Trd, 259055.317, 128
Trd, 259055.400, 127
Trd, 259055.450, 127
Trd, 259055.583, 126
Trd, 259055.850, 116
Trd, 259055.900, 127
Trd, 259056.000, 115
Trd, 259056.233, 117
Trd, 259056.383, 116
Trd, 259056.517, 119
Trd, 259056.717, 119
Trd, 259056.783, 133
Trd, 259056.950, 115
Trd, 259058.167, 116
Trd, 259058.233, 115
Trd, 259058.383, 114
Trd, 259058.517, 115
Trd, 259058.567, 111
Trd, 259058.950, 93
Trd, 259059.217, 140
Trd, 259059.300, 107
Trd, 259059.350, 89
Trd, 259059.950, 140
Trd, 259060.000, 124
Trd, 259060.533, 140
Trd, 259060.750, 140
Trd, 259061.167, 140
Trd, 259061.250, 140
Trd, 259061.283, 139
Trd, 259061.450, 139
Trd, 259061.567, 140
Trd, 259061.833, 139
Trd, 259062.000, 138
Trd, 259062.450, 123
Trd, 259062.467, 133
Trd, 259062.483, 122
Trd, 259062.550, 121
Trd, 259063.000, 133
Trd, 259063.617, 124
Trd, 259063.750, 125
Trd, 259064.200, 125
Trd, 259064.367, 124
Trd, 259064.583, 123
Trd, 259064.617, 125
Trd, 259064.783, 122
Trd, 259065.333, 121
Trd, 259065.350, 112
Trd, 259065.533, 112
Trd, 259066.083, 100
Trd, 259066.133, 119
Trd, 259066.200, 120
Trd, 259066.283, 99
Trd, 259066.300, 120
Trd, 259066.333, 119
Trd, 259066.767, 91
Trd, 259067.050, 114
Trd, 259067.083, 115
Trd, 259067.100, 116
Trd, 259067.117, 80
Trd, 259067.567, 119
Trd, 259067.617, 84
Trd, 259067.650, 83
Trd, 259067.917, 134
Trd, 259068.267, 138
Trd, 259068.700, 140
Trd, 259068.817, 139
Trd, 259069.083, 140
Trd, 259069.717, 140
Trd, 259070.133, 140
Trd, 259070.317, 140
Trd, 259070.433, 140
Trd, 259070.767, 140
Trd, 259070.967, 140
Trd, 259071.133, 140
Trd, 259071.183, 140
Trd, 259071.317, 140
Trd, 259071.417, 140
Trd, 259071.583, 140
Trd, 259072.050, 140
Trd, 259072.167, 138
Trd, 259072.400, 137
Trd, 259072.467, 138
Trd, 259072.717, 132
Trd, 259073.133, 134
Trd, 259073.383, 134
Trd, 259073.483, 133
Trd, 259073.650, 133
Trd, 259074.117, 134
Trd, 259074.483, 133
Trd, 259074.567, 135
Trd, 259075.150, 134
Trd, 259075.167, 137
Trd, 259075.267, 131
Trd, 259075.800, 133
Trd, 259076.067, 133
Trd, 259076.183, 132
Trd, 259076.483, 140
Trd, 259076.683, 137
Trd, 259076.700, 131
Trd, 259077.617, 139
Trd, 259077.750, 136
Trd, 259078.083, 137
Trd, 259078.117, 135
Trd, 259078.267, 135
Trd, 259078.400, 134
Trd, 259078.433, 113
Trd, 259078.533, 106
Trd, 259078.650, 117
Trd, 259078.750, 105
Trd, 259078.933, 129
Trd, 259078.967, 130
Trd, 259079.100, 121
Trd, 259079.283, 115
Trd, 259079.450, 107
Trd, 259079.683, 109
Trd, 259080.333, 110
Trd, 259080.350, 108
Trd, 259080.867, 81
Trd, 259080.983, 108
Trd, 259081.000, 81
Trd, 259081.167, 109
Trd, 259081.200, 112
Trd, 259081.283, 64
Trd, 259081.567, 110
Trd, 259081.800, 62
Trd, 259082.067, 97
Trd, 259082.083, 98
Trd, 259082.800, 62
Trd, 259083.067, 61
Trd, 259083.133, 63
Trd, 259083.317, 97
Trd, 259083.417, 83
Trd, 259083.733, 66
Trd, 259083.750, 65
Trd, 259083.817, 71
Trd, 259084.067, 89
Trd, 259084.433, 66
Trd, 259084.450, 64
Trd, 259084.550, 64
Trd, 259084.583, 65
Trd, 259084.817, 63
Trd, 259085.050, 60
Trd, 259085.117, 61
Trd, 259085.133, 65
Trd, 259085.150, 66
Trd, 259085.350, 63
Trd, 259085.467, 83
Trd, 259086.100, 92
Trd, 259086.600, 128
Trd, 259087.133, 140
Trd, 259088.217, 140
Trd, 259088.800, 140
Trd, 259089.117, 140
Trd, 259089.417, 140
Trd, 259089.450, 140
Trd, 259089.483, 140
Trd, 259089.717, 140
Trd, 259090.017, 140
Trd, 259090.617, 140
Trd, 259090.717, 139
Trd, 259090.933, 137
Trd, 259091.067, 137
Trd, 259091.083, 136
Trd, 259091.350, 128
Trd, 259091.383, 122
Trd, 259091.617, 115
Trd, 259091.783, 114
Trd, 259091.933, 130
Trd, 259091.950, 115
Trd, 259092.017, 114
Trd, 259092.150, 113
Trd, 259092.700, 115
Trd, 259092.900, 114
Trd, 259093.233, 113
Trd, 259093.417, 112
Trd, 259093.500, 118
Trd, 259093.750, 117
Trd, 259093.833, 118
Trd, 259093.967, 99
Trd, 259094.033, 117
Trd, 259094.233, 118
Trd, 259094.333, 101
Trd, 259094.383, 119
Trd, 259094.667, 124
Trd, 259094.817, 98
Trd, 259094.917, 97
Trd, 259095.633, 135
Trd, 259096.567, 139
Trd, 259096.733, 140
Trd, 259097.100, 140
Trd, 259097.150, 140
Trd, 259097.750, 140
Trd, 259097.767, 140
Trd, 259097.867, 140
Trd, 259097.983, 140
Trd, 259098.383, 140
Trd, 259098.650, 140
Trd, 259099.817, 140
Trd, 259099.850, 140
Trd, 259099.867, 140
Trd, 259099.917, 140
Trd, 259099.950, 140
Trd, 259100.050, 138
Trd, 259100.150, 131
Trd, 259100.317, 127
Trd, 259100.433, 139
Trd, 259100.550, 96
Trd, 259100.800, 97
Trd, 259101.350, 88
Trd, 259101.433, 83
Trd, 259101.850, 120
Trd, 259102.050, 119
Trd, 259102.067, 118
Trd, 259102.517, 109
Trd, 259102.583, 120
Trd, 259103.017, 100
Trd, 259103.050, 98
Trd, 259103.167, 96
Trd, 259103.350, 113
Trd, 259103.367, 117
Trd, 259103.867, 108
Trd, 259104.000, 107
Trd, 259104.183, 106
Trd, 259104.317, 107
Trd, 259104.983, 109
Trd, 259105.133, 102
Trd, 259105.417, 102
Trd, 259105.450, 102
Trd, 259105.500, 101
Trd, 259105.617, 103
Trd, 259105.783, 104
Trd, 259105.817, 105
Trd, 259106.233, 103
Trd, 259106.250, 100
Trd, 259106.283, 98
Trd, 259106.650, 88
Trd, 259106.683, 61
Trd, 259107.067, 63
Trd, 259107.150, 66
Trd, 259107.183, 67
Trd, 259107.283, 63
Trd, 259108.383, 140
Trd, 259108.683, 140
Trd, 259108.867, 140
Trd, 259108.967, 140
Trd, 259109.300, 140
Trd, 259109.683, 140
Trd, 259109.767, 140
Trd, 259109.800, 140
Trd, 259110.050, 140
Trd, 259110.117, 139
Trd, 259110.267, 121
Trd, 259110.533, 117
Trd, 259110.767, 100
Trd, 259110.967, 97
Trd, 259111.000, 96
Trd, 259111.083, 119
Trd, 259111.150, 88
Trd, 259111.567, 116
Trd, 259111.867, 124
Trd, 259111.967, 125
Trd, 259112.233, 127
Trd, 259112.533, 121
Trd, 259112.550, 120
Trd, 259113.767, 127
Trd, 259113.983, 128
Trd, 259114.133, 127
Trd, 259114.467, 140
Trd, 259114.533, 139
Trd, 259114.583, 124
Trd, 259114.933, 138
Trd, 259115.433, 139
Trd, 259115.450, 138
Trd, 259115.983, 140
Trd, 259116.117, 138
Trd, 259116.133, 137
Trd, 259116.217, 127
Trd, 259116.350, 129
Trd, 259116.817, 140
Trd, 259116.850, 130
Trd, 259117.667, 136
Trd, 259117.767, 137
Trd, 259118.017, 135
Trd, 259118.083, 131
Trd, 259118.100, 130
Trd, 259118.417, 131
Trd, 259118.433, 130
Trd, 259118.867, 132
Trd, 259119.067, 132
Trd, 259119.167, 131
Trd, 259119.283, 119
Trd, 259119.817, 119
Trd, 259120.300, 123
Trd, 259120.333, 125
Trd, 259120.400, 126
Trd, 259120.850, 131
Trd, 259120.883, 129
Trd, 259121.067, 121
Trd, 259121.167, 119
Trd, 259121.267, 113
Trd, 259121.517, 130
Trd, 259121.883, 113
Trd, 259121.983, 114
Trd, 259122.317, 116
Trd, 259122.567, 114
Trd, 259122.783, 109
Trd, 259123.283, 109
Trd, 259123.533, 104
Trd, 259123.833, 105
Trd, 259123.850, 104
Trd, 259123.933, 111
Trd, 259124.367, 106
Trd, 259124.383, 107
Trd, 259124.550, 103
Trd, 259124.617, 96
Trd, 259125.017, 94
Trd, 259125.050, 95
Trd, 259125.167, 96
Trd, 259125.200, 91
Trd, 259125.317, 89
Trd, 259125.583, 110
Trd, 259125.650, 67
Trd, 259126.000, 136
Trd, 259126.100, 121
Trd, 259126.233, 62
Trd, 259126.583, 65
Trd, 259126.717, 64
Trd, 259126.950, 140
Trd, 259127.933, 86
Trd, 259128.967, 140
Trd, 259129.017, 140
Trd, 259129.083, 140
Trd, 259129.533, 140
Trd, 259129.550, 140
Trd, 259129.700, 139
Trd, 259129.850, 139
Trd, 259130.233, 134
Trd, 259130.350, 140
Trd, 259130.467, 135
Trd, 259130.850, 135
Trd, 259130.883, 134
Trd, 259131.133, 123
Trd, 259131.233, 138
Trd, 259131.283, 140
Trd, 259131.467, 119
Trd, 259131.533, 120
Trd, 259131.950, 120
Trd, 259131.983, 119
Trd, 259132.050, 112
Trd, 259132.233, 134
Trd, 259132.567, 132
Trd, 259132.667, 105
Trd, 259132.817, 98
Trd, 259132.833, 97
Trd, 259133.067, 91
Trd, 259133.333, 127
Trd, 259133.500, 90
Trd, 259133.817, 126
Trd, 259133.850, 78
Trd, 259134.267, 119
Trd, 259135.050, 95
Trd, 259135.117, 94
Trd, 259135.383, 87
Trd, 259135.750, 91
Trd, 259135.917, 91
Trd, 259136.433, 91
Trd, 259136.550, 92
Trd, 259136.600, 90
Trd, 259136.700, 89
Trd, 259136.850, 88
Trd, 259137.117, 88
Trd, 259137.517, 87
Trd, 259137.567, 86
Trd, 259137.583, 104
Trd, 259137.633, 105
Trd, 259137.833, 106
Trd, 259137.933, 109
Trd, 259138.133, 93
Trd, 259138.467, 77
Trd, 259138.517, 97
Trd, 259138.683, 76
Trd, 259139.033, 96
Trd, 259139.200, 119
Trd, 259139.533, 134
Trd, 259139.983, 135
Trd, 259140.533, 140
Trd, 259140.583, 140
Trd, 259140.733, 139
Trd, 259140.850, 139
Trd, 259141.283, 140
Trd, 259141.317, 139
Trd, 259141.500, 136
Trd, 259141.617, 135
Trd, 259141.683, 105
Trd, 259141.700, 100
Trd, 259142.000, 124
Trd, 259142.083, 123
Trd, 259142.417, 139
Trd, 259142.517, 66
Trd, 259142.550, 61
Trd, 259142.667, 138
Trd, 259143.183, 102
Trd, 259143.533, 60
Trd, 259143.967, 106
Trd, 259144.200, 84
Trd, 259144.767, 104
Trd, 259144.800, 103
Trd, 259145.150, 127
Trd, 259145.233, 101
Trd, 259145.467, 102
Trd, 259145.617, 119
Trd, 259146.283, 125
Trd, 259146.367, 108
Trd, 259146.433, 108
Trd, 259146.617, 124
Trd, 259146.633, 110
Trd, 259146.917, 123
Trd, 259147.000, 125
Trd, 259147.683, 126
Trd, 259148.267, 121
Trd, 259148.567, 122
Trd, 259148.733, 121
Trd, 259148.950, 122
Trd, 259149.150, 120
Trd, 259149.167, 119
Trd, 259149.300, 118
Trd, 259149.467, 121
Trd, 259149.750, 121
Trd, 259149.867, 120
Trd, 259150.050, 119
Trd, 259150.100, 118
Trd, 259150.300, 121
Trd, 259150.350, 117
Trd, 259150.717, 108
Trd, 259150.750, 123
Trd, 259150.883, 94
Trd, 259151.017, 91
Trd, 259151.250, 75
Trd, 259151.317, 80
Trd, 259151.633, 107
Trd, 259151.717, 87
Trd, 259151.783, 78
Trd, 259151.850, 74
Trd, 259151.917, 95
Trd, 259151.933, 65
Trd, 259152.250, 60
Trd, 259152.283, 61
Trd, 259153.367, 60
Trd, 259153.567, 60
Trd, 259153.617, 60
Trd, 259153.850, 60
Trd, 259154.183, 60
Trd, 259154.233, 60
Trd, 259154.333, 60
Trd, 259154.700, 63
Trd, 259154.733, 65
Trd, 259155.200, 64
Trd, 259155.250, 63
Trd, 259155.483, 93
Trd, 259155.667, 92
Trd, 259155.783, 91
Trd, 259155.833, 73
Trd, 259155.900, 63
Trd, 259156.117, 61
Trd, 259156.750, 76
Trd, 259157.150, 85
Trd, 259157.200, 87
Trd, 259157.267, 80
Trd, 259157.333, 77
Trd, 259157.533, 87
Trd, 259157.633, 87
Trd, 259158.050, 82
Trd, 259158.100, 81
Trd, 259158.300, 87
Trd, 259158.433, 81
Trd, 259158.567, 82
Trd, 259158.883, 82
Trd, 259158.950, 81
Trd, 259159.117, 136
Trd, 259159.183, 127
Trd, 259159.533, 122
Trd, 259159.600, 120
Trd, 259159.750, 118
Trd, 259160.433, 67
Trd, 259160.517, 68
Trd, 259160.550, 69
Trd, 259160.700, 69
Trd, 259160.750, 67
Trd, 259161.333, 60
Trd, 259161.433, 60
Trd, 259161.517, 60
Trd, 259161.833, 71
Trd, 259161.900, 72
Trd, 259162.050, 69
Trd, 259162.267, 96
Trd, 259162.717, 91
Trd, 259162.950, 78
Trd, 259163.083, 77
Trd, 259163.667, 83
Trd, 259163.783, 80
Trd, 259163.800, 84
Trd, 259164.033, 96
Trd, 259164.167, 98
Trd, 259164.267, 113
Trd, 259164.317, 116
Trd, 259164.983, 88
Trd, 259165.017, 87
Trd, 259165.183, 84
Trd, 259165.200, 88
Trd, 259165.533, 83
Trd, 259165.767, 111
Trd, 259166.000, 66
Trd, 259166.167, 139
Trd, 259166.200, 123
Trd, 259166.333, 134
Trd, 259166.717, 140
Trd, 259167.250, 140
Trd, 259167.333, 140
Trd, 259167.700, 140
Trd, 259167.733, 133
Trd, 259168.167, 140
Trd, 259168.350, 139
Trd, 259169.050, 122
Trd, 259169.167, 123
Trd, 259169.317, 123
Trd, 259169.350, 124
Trd, 259169.467, 124
Trd, 259169.533, 123
Trd, 259169.700, 117
Trd, 259170.167, 105
Trd, 259170.267, 79
Trd, 259170.450, 89
Trd, 259170.467, 82
Trd, 259170.900, 91
Trd, 259171.283, 108
Trd, 259171.317, 109
Trd, 259171.383, 92
Trd, 259171.433, 92
Trd, 259171.533, 90
Trd, 259171.833, 85
Trd, 259171.850, 84
Trd, 259172.050, 84
Trd, 259172.083, 83
Trd, 259172.383, 106
Trd, 259172.750, 107
Trd, 259172.900, 84
Trd, 259173.167, 95
Trd, 259173.233, 120
Trd, 259173.483, 78
Trd, 259173.650, 75
Trd, 259173.850, 103
Trd, 259173.983, 102
Trd, 259174.167, 93
Trd, 259174.683, 113
Trd, 259174.800, 123
Trd, 259174.967, 113
Trd, 259175.017, 113
Trd, 259175.083, 112
Trd, 259175.817, 124
Trd, 259175.833, 128
Trd, 259176.233, 126
Trd, 259176.367, 125
Trd, 259176.417, 124
Trd, 259176.683, 117
Trd, 259176.917, 117
Trd, 259176.983, 116
Trd, 259177.367, 119
Trd, 259177.717, 105
Trd, 259177.917, 119
Trd, 259177.933, 120
Trd, 259178.483, 106
Trd, 259178.550, 119
Trd, 259178.833, 119
Trd, 259178.850, 106
Trd, 259178.867, 104
Trd, 259179.067, 101
Trd, 259179.350, 119
Trd, 259179.633, 100
Trd, 259179.800, 122
Trd, 259180.800, 138
Trd, 259180.883, 137
Trd, 259181.350, 132
Trd, 259181.600, 117
Trd, 259181.650, 116
Trd, 259182.133, 124
Trd, 259182.483, 140
Trd, 259182.600, 129
Trd, 259182.617, 123
Trd, 259182.633, 110
Trd, 259183.100, 139
Trd, 259183.200, 139
Trd, 259183.283, 139
Trd, 259183.633, 138
Trd, 259183.783, 137
Trd, 259183.817, 139
Trd, 259183.883, 137
Trd, 259183.967, 137
Trd, 259184.250, 138
Trd, 259184.567, 139
Trd, 259184.767, 139
Trd, 259184.867, 138
Trd, 259184.917, 136
Trd, 259185.217, 113
Trd, 259185.317, 113
Trd, 259185.367, 107
Trd, 259186.083, 118
Trd, 259186.500, 121
Trd, 259186.983, 138
Trd, 259187.467, 103
Trd, 259187.717, 103
Trd, 259187.983, 140
Trd, 259188.150, 104
Trd, 259188.900, 128
Trd, 259188.950, 127
Trd, 259189.183, 120
Trd, 259189.817, 106
Trd, 259189.867, 106
Trd, 259189.917, 107
Trd, 259189.950, 104
Trd, 259189.967, 125
Trd, 259190.100, 126
Trd, 259190.117, 127
Trd, 259190.350, 62
Trd, 259190.633, 62
Trd, 259190.733, 63
Trd, 259191.117, 61
Trd, 259191.217, 80
Trd, 259191.467, 79
Trd, 259191.700, 77
Trd, 259191.733, 74
Trd, 259191.817, 78
Trd, 259191.850, 79
Trd, 259192.000, 106
Trd, 259192.200, 104
Trd, 259192.333, 84
Trd, 259192.800, 96
Trd, 259192.933, 98
Trd, 259193.100, 107
Trd, 259193.133, 97
Trd, 259193.317, 96
Trd, 259194.050, 140
Trd, 259194.367, 140
Trd, 259194.500, 140
Trd, 259194.600, 140
Trd, 259194.800, 140
Trd, 259195.067, 140
Trd, 259195.433, 140
Trd, 259195.500, 140
Trd, 259195.683, 140
Trd, 259195.850, 139
Trd, 259195.983, 122
Trd, 259196.267, 140
Trd, 259196.333, 109
Trd, 259196.533, 110
Trd, 259196.567, 111
Trd, 259197.467, 114
Trd, 259197.500, 112
Trd, 259197.817, 132
Trd, 259197.933, 113
Trd, 259198.233, 126
Trd, 259198.333, 125
Trd, 259198.517, 124
Trd, 259198.750, 111
Trd, 259199.167, 117
Trd, 259199.183, 113
Trd, 259199.267, 118
Trd, 259199.283, 120
Trd, 259199.300, 112
Trd, 259199.667, 111
Trd, 259199.917, 110
