Trd, 258588.617, 122
Trd, 258588.867, 121
Trd, 258589.083, 123
Trd, 258589.167, 120
Trd, 258589.200, 123
Trd, 258589.250, 124
Trd, 258589.900, 123
Trd, 258590.100, 122
Trd, 258590.433, 123
Trd, 258590.817, 122
Trd, 258591.017, 123
Trd, 258591.150, 140
Trd, 258591.217, 122
Trd, 258591.567, 121
Trd, 258591.933, 140
Trd, 258592.350, 139
Trd, 258592.733, 140
Trd, 258592.800, 137
Trd, 258593.233, 137
Trd, 258593.250, 136
Trd, 258593.817, 136
Trd, 258594.050, 134
Trd, 258594.317, 133
Trd, 258594.383, 126
Trd, 258594.583, 114
Trd, 258594.817, 135
Trd, 258594.867, 128
Trd, 258595.483, 110
Trd, 258595.667, 127
Trd, 258596.083, 116
Trd, 258596.400, 123
Trd, 258596.617, 124
Trd, 258596.700, 108
Trd, 258596.733, 126
Trd, 258597.083, 112
Trd, 258597.167, 120
Trd, 258597.300, 120
Trd, 258597.400, 113
Trd, 258597.500, 113
Trd, 258597.583, 112
Trd, 258597.633, 119
Trd, 258597.883, 111
Trd, 258598.000, 111
Trd, 258598.050, 110
Trd, 258598.200, 107
Trd, 258598.750, 112
Trd, 258598.817, 113
Trd, 258598.883, 110
Trd, 258598.900, 115
Trd, 258598.933, 107
Trd, 258598.950, 106
Trd, 258599.050, 116
Trd, 258599.367, 108
Trd, 258599.383, 117
Trd, 258599.500, 107
Trd, 258599.733, 140
Trd, 258599.867, 140
Trd, 258600.283, 140
Trd, 258600.300, 139
Trd, 258600.650, 128
Trd, 258601.183, 140
Trd, 258601.967, 140
Trd, 258602.117, 139
Trd, 258602.283, 138
Trd, 258602.483, 137
Trd, 258603.167, 127
Trd, 258603.183, 132
Trd, 258603.367, 127
Trd, 258603.400, 126
Trd, 258603.483, 133
Trd, 258603.583, 137
Trd, 258604.000, 126
Trd, 258604.417, 136
Trd, 258604.767, 140
Trd, 258604.800, 126
Trd, 258605.600, 140
Trd, 258605.850, 140
Trd, 258606.100, 140
Trd, 258606.250, 137
Trd, 258606.583, 126
Trd, 258606.633, 125
Trd, 258607.083, 134
Trd, 258607.350, 134
Trd, 258607.367, 133
Trd, 258608.067, 125
Trd, 258608.083, 126
Trd, 258608.117, 123
Trd, 258608.417, 122
Trd, 258608.467, 121
Trd, 258608.817, 122
Trd, 258609.283, 122
Trd, 258609.467, 123
Trd, 258609.567, 110
Trd, 258609.983, 109
Trd, 258610.167, 99
Trd, 258610.317, 120
Trd, 258610.483, 123
Trd, 258610.750, 101
Trd, 258610.950, 101
Trd, 258611.017, 123
Trd, 258611.033, 124
Trd, 258611.183, 93
Trd, 258611.233, 94
Trd, 258611.400, 124
Trd, 258611.983, 122
Trd, 258612.017, 101
Trd, 258612.467, 114
Trd, 258612.800, 123
Trd, 258613.700, 123
Trd, 258613.950, 110
Trd, 258613.967, 109
Trd, 258614.517, 115
Trd, 258614.650, 119
Trd, 258614.733, 115
Trd, 258615.033, 116
Trd, 258615.233, 124
Trd, 258615.383, 114
Trd, 258615.550, 140
Trd, 258615.583, 113
Trd, 258615.950, 140
Trd, 258616.117, 110
Trd, 258616.233, 111
Trd, 258616.283, 110
Trd, 258616.400, 110
Trd, 258616.467, 110
Trd, 258616.550, 109
Trd, 258616.633, 105
Trd, 258616.717, 140
Trd, 258617.133, 132
Trd, 258618.050, 117
Trd, 258618.150, 117
Trd, 258618.317, 129
Trd, 258618.333, 114
Trd, 258618.500, 129
Trd, 258619.067, 126
Trd, 258619.467, 125
Trd, 258619.550, 108
Trd, 258619.633, 104
Trd, 258619.800, 100
Trd, 258620.000, 104
Trd, 258620.050, 125
Trd, 258620.083, 99
Trd, 258620.133, 126
Trd, 258620.150, 127
Trd, 258620.767, 127
Trd, 258621.417, 140
Trd, 258621.450, 140
Trd, 258621.550, 139
Trd, 258621.733, 136
Trd, 258621.800, 135
Trd, 258622.283, 131
Trd, 258622.583, 137
Trd, 258622.633, 124
Trd, 258622.817, 123
Trd, 258622.950, 124
Trd, 258623.250, 133
Trd, 258624.150, 123
Trd, 258624.233, 111
Trd, 258624.667, 111
Trd, 258624.933, 110
Trd, 258625.150, 111
Trd, 258625.217, 110
Trd, 258625.317, 124
Trd, 258625.333, 127
Trd, 258625.667, 116
Trd, 258626.050, 124
Trd, 258626.117, 125
Trd, 258626.233, 125
Trd, 258626.533, 123
Trd, 258626.700, 120
Trd, 258626.733, 128
Trd, 258627.183, 125
Trd, 258627.483, 122
Trd, 258627.533, 124
Trd, 258627.700, 122
Trd, 258627.933, 124
Trd, 258627.950, 122
Trd, 258628.133, 125
Trd, 258628.283, 126
Trd, 258628.300, 122
Trd, 258628.617, 128
Trd, 258628.900, 140
Trd, 258629.067, 139
Trd, 258629.083, 123
Trd, 258629.450, 122
Trd, 258629.650, 140
Trd, 258629.833, 140
Trd, 258630.933, 132
Trd, 258631.117, 122
Trd, 258631.267, 121
Trd, 258631.600, 109
Trd, 258631.633, 124
Trd, 258631.667, 108
Trd, 258631.783, 98
Trd, 258631.900, 125
Trd, 258632.500, 110
Trd, 258632.600, 109
Trd, 258632.750, 124
Trd, 258633.250, 121
Trd, 258633.650, 124
Trd, 258634.367, 106
Trd, 258634.383, 113
Trd, 258634.417, 116
Trd, 258634.467, 117
Trd, 258634.550, 106
Trd, 258634.600, 105
Trd, 258634.917, 127
Trd, 258635.200, 110
Trd, 258635.233, 128
Trd, 258635.267, 109
Trd, 258635.433, 129
Trd, 258635.750, 110
Trd, 258635.967, 113
Trd, 258636.117, 116
Trd, 258636.250, 110
Trd, 258636.383, 109
Trd, 258636.583, 110
Trd, 258637.033, 110
Trd, 258637.117, 108
Trd, 258637.217, 111
Trd, 258637.417, 110
Trd, 258637.500, 110
Trd, 258637.683, 112
Trd, 258638.117, 133
Trd, 258638.250, 135
Trd, 258638.400, 108
Trd, 258638.533, 94
Trd, 258639.633, 140
Trd, 258639.733, 140
Trd, 258640.567, 140
Trd, 258640.817, 140
Trd, 258640.983, 140
Trd, 258641.067, 139
Trd, 258641.200, 140
Trd, 258641.217, 128
Trd, 258641.867, 140
Trd, 258642.033, 140
Trd, 258642.383, 137
Trd, 258642.483, 136
Trd, 258642.517, 137
Trd, 258642.600, 136
Trd, 258642.683, 136
Trd, 258642.967, 136
Trd, 258643.133, 114
Trd, 258643.433, 127
Trd, 258643.450, 133
Trd, 258643.533, 133
Trd, 258643.650, 133
Trd, 258643.750, 113
Trd, 258643.983, 114
Trd, 258644.383, 124
Trd, 258644.767, 123
Trd, 258645.150, 132
Trd, 258645.417, 133
Trd, 258645.517, 128
Trd, 258645.950, 132
Trd, 258645.967, 126
Trd, 258646.117, 124
Trd, 258646.600, 114
Trd, 258646.717, 113
Trd, 258646.950, 111
Trd, 258647.350, 106
Trd, 258647.467, 123
Trd, 258647.750, 110
Trd, 258648.133, 115
Trd, 258648.350, 111
Trd, 258648.383, 115
Trd, 258649.200, 112
Trd, 258649.267, 113
Trd, 258649.400, 111
Trd, 258649.500, 111
Trd, 258650.000, 109
Trd, 258650.217, 109
Trd, 258650.433, 109
Trd, 258650.650, 109
Trd, 258650.667, 108
Trd, 258650.700, 107
Trd, 258650.817, 110
Trd, 258651.067, 106
Trd, 258651.467, 105
Trd, 258651.733, 113
Trd, 258651.817, 113
Trd, 258651.983, 104
Trd, 258652.050, 121
Trd, 258653.000, 119
Trd, 258653.267, 109
Trd, 258653.283, 108
Trd, 258653.550, 140
Trd, 258653.933, 135
Trd, 258654.317, 140
Trd, 258654.483, 139
Trd, 258654.917, 136
Trd, 258654.950, 133
Trd, 258655.183, 132
Trd, 258655.550, 128
Trd, 258655.683, 122
Trd, 258656.267, 129
Trd, 258656.283, 132
Trd, 258656.350, 117
Trd, 258656.417, 115
Trd, 258656.567, 117
Trd, 258656.650, 136
Trd, 258657.483, 140
Trd, 258657.733, 140
Trd, 258657.767, 118
Trd, 258658.133, 117
Trd, 258658.800, 129
Trd, 258659.017, 140
Trd, 258659.050, 117
Trd, 258660.600, 140
Trd, 258660.667, 140
Trd, 258660.800, 140
Trd, 258660.817, 140
Trd, 258660.883, 138
Trd, 258660.950, 138
Trd, 258661.150, 137
Trd, 258661.200, 137
Trd, 258661.317, 131
Trd, 258661.483, 131
Trd, 258661.600, 130
Trd, 258661.883, 122
Trd, 258661.900, 104
Trd, 258662.367, 64
Trd, 258662.417, 72
Trd, 258663.333, 122
Trd, 258663.467, 121
Trd, 258663.550, 102
Trd, 258663.617, 105
Trd, 258663.683, 103
Trd, 258663.883, 119
Trd, 258664.067, 119
Trd, 258664.233, 115
Trd, 258664.250, 101
Trd, 258664.333, 87
Trd, 258664.767, 115
Trd, 258664.817, 113
Trd, 258665.033, 82
Trd, 258665.150, 110
Trd, 258665.550, 97
Trd, 258665.683, 108
Trd, 258665.833, 97
Trd, 258666.267, 96
Trd, 258666.317, 102
Trd, 258666.433, 103
Trd, 258666.533, 105
Trd, 258666.650, 106
Trd, 258666.767, 103
Trd, 258666.967, 104
Trd, 258667.433, 107
Trd, 258667.617, 107
Trd, 258667.683, 106
Trd, 258667.750, 103
Trd, 258668.150, 98
Trd, 258668.283, 107
Trd, 258669.517, 129
Trd, 258669.933, 132
Trd, 258670.167, 131
Trd, 258670.217, 130
Trd, 258670.350, 131
Trd, 258670.367, 133
Trd, 258670.950, 132
Trd, 258671.017, 131
Trd, 258671.133, 130
Trd, 258671.233, 130
Trd, 258671.533, 132
Trd, 258671.567, 133
Trd, 258671.617, 132
Trd, 258671.750, 129
Trd, 258671.950, 132
Trd, 258672.450, 128
Trd, 258672.483, 129
Trd, 258672.783, 128
Trd, 258673.050, 127
Trd, 258673.067, 126
Trd, 258673.183, 113
Trd, 258673.433, 107
Trd, 258674.167, 122
Trd, 258674.367, 110
Trd, 258674.883, 105
Trd, 258675.233, 112
Trd, 258675.350, 90
Trd, 258675.433, 112
Trd, 258675.650, 111
Trd, 258675.767, 95
Trd, 258676.733, 97
Trd, 258676.883, 107
Trd, 258677.083, 100
Trd, 258677.150, 102
Trd, 258677.250, 99
Trd, 258677.350, 97
Trd, 258677.367, 101
Trd, 258677.433, 102
Trd, 258677.467, 103
Trd, 258677.483, 96
Trd, 258677.633, 92
Trd, 258677.983, 93
Trd, 258678.333, 100
Trd, 258678.400, 98
Trd, 258678.450, 101
Trd, 258678.467, 92
Trd, 258678.583, 111
Trd, 258678.600, 85
Trd, 258679.367, 113
Trd, 258679.567, 123
Trd, 258679.800, 115
Trd, 258680.267, 117
Trd, 258680.350, 116
Trd, 258680.400, 129
Trd, 258680.483, 132
Trd, 258680.617, 133
Trd, 258680.633, 108
Trd, 258680.833, 98
Trd, 258680.883, 133
Trd, 258680.933, 99
Trd, 258681.383, 111
Trd, 258681.417, 134
Trd, 258681.917, 132
Trd, 258681.983, 123
Trd, 258682.067, 109
Trd, 258682.083, 134
Trd, 258682.667, 109
Trd, 258682.900, 108
Trd, 258683.533, 108
Trd, 258683.933, 120
Trd, 258684.083, 108
Trd, 258684.167, 120
Trd, 258684.300, 107
Trd, 258685.300, 116
Trd, 258685.467, 118
Trd, 258685.583, 118
Trd, 258685.617, 119
Trd, 258685.800, 118
Trd, 258686.417, 117
Trd, 258686.583, 118
Trd, 258686.717, 117
Trd, 258686.917, 118
Trd, 258687.000, 115
Trd, 258687.050, 113
Trd, 258687.217, 105
Trd, 258687.300, 117
Trd, 258687.317, 84
Trd, 258687.417, 135
Trd, 258687.650, 136
Trd, 258688.033, 135
Trd, 258688.383, 140
Trd, 258688.583, 138
Trd, 258689.167, 134
Trd, 258689.467, 132
Trd, 258689.567, 131
Trd, 258689.600, 132
Trd, 258689.817, 133
Trd, 258690.083, 132
Trd, 258690.300, 131
Trd, 258690.333, 130
Trd, 258690.467, 106
Trd, 258690.650, 129
Trd, 258690.733, 133
Trd, 258690.767, 105
Trd, 258690.783, 103
Trd, 258690.967, 103
Trd, 258691.433, 90
Trd, 258691.483, 128
Trd, 258691.667, 80
Trd, 258691.850, 81
Trd, 258691.867, 79
Trd, 258692.067, 81
Trd, 258692.933, 114
Trd, 258693.150, 114
Trd, 258693.217, 115
Trd, 258693.333, 117
Trd, 258693.700, 117
Trd, 258693.733, 118
Trd, 258693.850, 98
Trd, 258694.033, 97
Trd, 258694.483, 99
Trd, 258694.583, 116
Trd, 258694.617, 97
Trd, 258694.633, 94
Trd, 258695.217, 93
Trd, 258695.867, 91
Trd, 258696.050, 90
Trd, 258696.133, 92
Trd, 258696.267, 93
Trd, 258697.117, 107
Trd, 258697.350, 100
Trd, 258697.533, 102
Trd, 258697.683, 102
Trd, 258697.833, 101
Trd, 258698.100, 111
Trd, 258698.517, 103
Trd, 258698.650, 111
Trd, 258698.733, 112
Trd, 258699.033, 106
Trd, 258699.050, 105
Trd, 258699.233, 117
Trd, 258699.317, 104
Trd, 258700.083, 140
Trd, 258700.183, 139
Trd, 258700.350, 138
Trd, 258700.550, 128
Trd, 258700.717, 124
Trd, 258701.500, 111
Trd, 258702.133, 134
Trd, 258702.317, 133
Trd, 258702.567, 133
Trd, 258702.833, 133
Trd, 258702.850, 132
Trd, 258702.900, 131
Trd, 258702.917, 134
Trd, 258703.067, 134
Trd, 258703.417, 132
Trd, 258703.533, 122
Trd, 258703.617, 130
Trd, 258703.833, 121
Trd, 258703.933, 120
Trd, 258704.167, 119
Trd, 258704.817, 120
Trd, 258704.917, 120
Trd, 258705.183, 119
Trd, 258705.383, 123
Trd, 258705.583, 123
Trd, 258706.233, 121
Trd, 258706.450, 121
Trd, 258706.617, 120
Trd, 258706.700, 118
Trd, 258706.950, 122
Trd, 258707.033, 124
Trd, 258707.150, 120
Trd, 258707.550, 139
Trd, 258707.567, 120
Trd, 258707.650, 119
Trd, 258708.083, 137
Trd, 258708.950, 140
Trd, 258709.217, 140
Trd, 258709.267, 140
Trd, 258709.367, 139
Trd, 258709.983, 140
Trd, 258710.000, 140
Trd, 258710.017, 140
Trd, 258710.117, 139
Trd, 258710.283, 137
Trd, 258710.533, 129
Trd, 258710.883, 128
Trd, 258711.017, 130
Trd, 258711.083, 134
Trd, 258711.100, 111
Trd, 258711.367, 102
Trd, 258711.517, 131
Trd, 258712.700, 101
Trd, 258713.250, 107
Trd, 258713.417, 108
Trd, 258713.583, 106
Trd, 258713.733, 109
Trd, 258713.983, 109
Trd, 258714.100, 109
Trd, 258714.217, 112
Trd, 258714.283, 120
Trd, 258714.317, 108
Trd, 258714.383, 107
Trd, 258715.883, 132
Trd, 258716.217, 123
Trd, 258716.533, 128
Trd, 258716.550, 126
Trd, 258716.700, 125
Trd, 258716.850, 126
Trd, 258716.933, 124
Trd, 258717.133, 125
Trd, 258717.200, 123
Trd, 258717.400, 102
Trd, 258717.683, 107
Trd, 258717.733, 95
Trd, 258718.117, 116
Trd, 258718.167, 117
Trd, 258718.517, 89
Trd, 258718.550, 88
Trd, 258718.600, 78
Trd, 258718.700, 117
Trd, 258718.717, 109
Trd, 258718.983, 117
Trd, 258719.467, 116
Trd, 258719.483, 80
Trd, 258719.633, 123
Trd, 258719.667, 78
Trd, 258719.900, 131
Trd, 258719.933, 129
Trd, 258720.017, 87
Trd, 258720.400, 140
Trd, 258720.900, 140
Trd, 258720.967, 140
Trd, 258721.167, 140
Trd, 258721.667, 134
Trd, 258722.100, 135
Trd, 258722.500, 140
Trd, 258722.683, 139
Trd, 258722.717, 140
Trd, 258722.750, 139
Trd, 258723.250, 140
Trd, 258723.317, 140
Trd, 258723.400, 140
Trd, 258723.467, 139
Trd, 258723.650, 139
Trd, 258723.683, 140
Trd, 258723.733, 138
Trd, 258724.050, 137
Trd, 258724.333, 138
Trd, 258724.517, 136
Trd, 258724.767, 125
Trd, 258725.633, 134
Trd, 258725.667, 135
Trd, 258725.783, 135
Trd, 258725.867, 130
Trd, 258725.983, 129
Trd, 258726.417, 132
Trd, 258726.700, 126
Trd, 258726.733, 125
Trd, 258726.900, 138
Trd, 258727.017, 113
Trd, 258727.533, 123
Trd, 258727.900, 139
Trd, 258727.950, 130
Trd, 258728.133, 116
Trd, 258728.200, 139
Trd, 258728.417, 115
Trd, 258728.800, 104
Trd, 258728.850, 103
Trd, 258729.150, 125
Trd, 258730.100, 138
Trd, 258730.167, 137
Trd, 258730.533, 139
Trd, 258731.500, 140
Trd, 258731.517, 140
Trd, 258731.533, 140
Trd, 258731.583, 140
Trd, 258731.667, 140
Trd, 258732.150, 133
Trd, 258732.617, 135
Trd, 258732.767, 139
Trd, 258732.800, 134
Trd, 258732.900, 133
Trd, 258733.350, 129
Trd, 258733.367, 133
Trd, 258733.450, 132
Trd, 258733.733, 129
Trd, 258733.783, 128
Trd, 258733.900, 127
Trd, 258734.283, 119
Trd, 258734.467, 119
Trd, 258734.517, 118
Trd, 258734.600, 119
Trd, 258734.700, 120
Trd, 258734.717, 121
Trd, 258734.933, 119
Trd, 258735.167, 132
Trd, 258735.250, 133
Trd, 258735.317, 133
Trd, 258735.617, 134
Trd, 258735.700, 133
Trd, 258735.733, 132
Trd, 258735.767, 109
Trd, 258736.250, 140
Trd, 258736.517, 140
Trd, 258736.867, 119
Trd, 258737.200, 136
Trd, 258737.517, 137
Trd, 258737.933, 138
Trd, 258737.950, 131
Trd, 258738.033, 125
Trd, 258738.150, 140
Trd, 258738.217, 135
Trd, 258738.317, 124
Trd, 258738.900, 140
Trd, 258738.950, 140
Trd, 258739.600, 137
Trd, 258739.683, 139
Trd, 258739.700, 137
Trd, 258739.850, 104
Trd, 258740.150, 136
Trd, 258740.400, 135
Trd, 258740.450, 117
Trd, 258740.500, 104
Trd, 258740.800, 105
Trd, 258740.850, 127
Trd, 258741.150, 114
Trd, 258741.267, 105
Trd, 258741.400, 104
Trd, 258741.467, 98
Trd, 258741.933, 94
Trd, 258742.817, 136
Trd, 258743.133, 137
Trd, 258744.567, 140
Trd, 258744.833, 140
Trd, 258744.867, 140
Trd, 258744.883, 140
Trd, 258744.917, 140
Trd, 258744.983, 140
Trd, 258745.083, 140
Trd, 258745.200, 140
Trd, 258745.450, 140
Trd, 258745.583, 139
Trd, 258745.733, 137
Trd, 258746.300, 126
Trd, 258746.500, 124
Trd, 258746.567, 137
Trd, 258746.633, 105
Trd, 258747.150, 134
Trd, 258747.400, 135
Trd, 258747.517, 138
Trd, 258747.533, 137
Trd, 258747.567, 128
Trd, 258748.183, 138
Trd, 258748.250, 140
Trd, 258748.333, 137
Trd, 258748.350, 130
Trd, 258748.533, 129
Trd, 258748.833, 136
Trd, 258748.900, 129
Trd, 258749.517, 133
Trd, 258749.933, 133
Trd, 258750.000, 132
Trd, 258750.200, 130
Trd, 258750.450, 132
Trd, 258750.633, 130
Trd, 258750.667, 134
Trd, 258750.683, 104
Trd, 258751.100, 128
Trd, 258751.150, 96
Trd, 258751.533, 132
Trd, 258751.800, 108
Trd, 258752.333, 122
Trd, 258752.950, 122
Trd, 258752.983, 125
Trd, 258753.067, 121
Trd, 258753.333, 120
Trd, 258753.417, 120
Trd, 258753.450, 110
Trd, 258753.517, 102
Trd, 258753.583, 97
Trd, 258753.683, 123
Trd, 258753.717, 113
Trd, 258754.067, 121
Trd, 258755.117, 60
Trd, 258755.583, 60
Trd, 258755.933, 60
Trd, 258756.483, 60
Trd, 258756.517, 60
Trd, 258756.617, 60
Trd, 258756.767, 61
Trd, 258756.833, 60
Trd, 258756.983, 61
Trd, 258757.033, 62
Trd, 258757.167, 60
Trd, 258757.267, 60
Trd, 258757.450, 60
Trd, 258757.483, 60
Trd, 258757.500, 62
Trd, 258757.717, 62
Trd, 258757.800, 63
Trd, 258757.933, 66
Trd, 258757.950, 79
Trd, 258758.183, 63
Trd, 258759.183, 68
Trd, 258759.233, 70
Trd, 258759.533, 64
Trd, 258759.600, 71
Trd, 258759.917, 121
Trd, 258759.950, 121
Trd, 258760.000, 120
Trd, 258760.183, 120
Trd, 258760.733, 131
Trd, 258760.883, 120
Trd, 258760.900, 90
Trd, 258761.050, 140
Trd, 258761.300, 137
Trd, 258761.950, 128
Trd, 258762.100, 120
Trd, 258762.133, 119
Trd, 258762.167, 103
Trd, 258762.183, 102
Trd, 258762.267, 102
Trd, 258762.550, 123
Trd, 258762.800, 104
Trd, 258763.017, 117
Trd, 258763.317, 114
Trd, 258763.567, 110
Trd, 258763.650, 104
Trd, 258764.050, 110
Trd, 258764.150, 112
Trd, 258764.867, 108
Trd, 258764.983, 108
Trd, 258765.050, 109
Trd, 258765.500, 107
Trd, 258765.650, 105
Trd, 258765.833, 100
Trd, 258765.867, 97
Trd, 258766.250, 101
Trd, 258766.383, 88
Trd, 258766.433, 99
Trd, 258766.933, 88
Trd, 258766.950, 99
Trd, 258767.117, 100
Trd, 258767.567, 88
Trd, 258767.667, 97
Trd, 258767.900, 98
Trd, 258768.233, 88
Trd, 258768.350, 83
Trd, 258768.483, 106
Trd, 258768.600, 107
Trd, 258768.700, 81
Trd, 258769.067, 105
Trd, 258769.467, 103
Trd, 258769.617, 94
Trd, 258769.850, 104
Trd, 258769.883, 105
Trd, 258769.900, 95
Trd, 258770.017, 107
Trd, 258770.150, 96
Trd, 258770.750, 140
Trd, 258771.317, 140
Trd, 258771.500, 137
Trd, 258771.800, 137
Trd, 258772.167, 137
Trd, 258772.250, 135
Trd, 258772.917, 126
Trd, 258773.900, 140
Trd, 258774.100, 140
Trd, 258774.433, 140
Trd, 258774.450, 140
Trd, 258775.050, 140
Trd, 258775.383, 140
Trd, 258775.417, 140
Trd, 258775.433, 140
Trd, 258775.633, 140
Trd, 258775.917, 128
Trd, 258775.933, 123
Trd, 258775.950, 135
Trd, 258776.150, 130
Trd, 258776.500, 128
Trd, 258776.533, 128
Trd, 258776.600, 127
Trd, 258776.950, 123
Trd, 258777.067, 122
Trd, 258777.083, 120
Trd, 258777.417, 126
Trd, 258777.717, 118
Trd, 258778.033, 128
Trd, 258778.383, 126
Trd, 258778.400, 124
Trd, 258778.500, 127
Trd, 258778.667, 127
Trd, 258779.000, 125
Trd, 258779.250, 127
Trd, 258779.383, 125
Trd, 258779.583, 121
Trd, 258780.250, 118
Trd, 258780.483, 120
Trd, 258780.533, 125
Trd, 258780.900, 121
Trd, 258781.033, 121
Trd, 258781.083, 122
Trd, 258781.300, 122
Trd, 258781.317, 121
Trd, 258781.383, 122
Trd, 258781.550, 121
Trd, 258781.917, 120
Trd, 258781.933, 118
Trd, 258782.600, 113
Trd, 258782.633, 116
Trd, 258782.950, 117
Trd, 258783.183, 117
Trd, 258783.417, 111
Trd, 258783.500, 110
Trd, 258783.533, 108
Trd, 258783.733, 139
Trd, 258783.783, 99
Trd, 258783.817, 95
Trd, 258783.950, 86
Trd, 258784.017, 88
Trd, 258784.317, 90
Trd, 258784.733, 89
Trd, 258784.983, 137
Trd, 258785.300, 111
Trd, 258785.683, 136
Trd, 258785.717, 139
Trd, 258786.233, 137
Trd, 258786.700, 140
Trd, 258786.800, 140
Trd, 258787.000, 140
Trd, 258788.000, 140
Trd, 258788.250, 140
Trd, 258788.350, 140
Trd, 258788.867, 140
Trd, 258789.317, 140
Trd, 258789.617, 140
Trd, 258789.967, 140
Trd, 258790.067, 140
Trd, 258790.183, 140
Trd, 258790.367, 140
Trd, 258790.383, 140
Trd, 258790.583, 140
Trd, 258790.617, 140
Trd, 258790.733, 138
Trd, 258790.817, 137
Trd, 258791.000, 137
Trd, 258791.517, 124
Trd, 258792.167, 135
Trd, 258792.183, 134
Trd, 258792.283, 137
Trd, 258792.300, 133
Trd, 258792.350, 127
Trd, 258792.433, 114
Trd, 258792.583, 110
Trd, 258792.667, 106
Trd, 258793.333, 127
Trd, 258793.700, 126
Trd, 258793.833, 126
Trd, 258793.967, 125
Trd, 258794.067, 124
Trd, 258794.117, 125
Trd, 258794.450, 120
Trd, 258794.600, 125
Trd, 258794.700, 119
Trd, 258794.917, 126
Trd, 258794.967, 130
Trd, 258795.033, 125
Trd, 258795.050, 124
Trd, 258795.683, 116
Trd, 258795.833, 116
Trd, 258796.067, 112
Trd, 258796.550, 140
Trd, 258797.333, 140
Trd, 258797.700, 140
Trd, 258797.767, 140
Trd, 258798.267, 140
Trd, 258798.300, 140
Trd, 258799.800, 140
Trd, 258799.833, 140
Trd, 258800.050, 140
Trd, 258800.333, 140
Trd, 258800.383, 140
Trd, 258800.400, 140
Trd, 258800.417, 140
Trd, 258800.667, 139
Trd, 258800.700, 138
Trd, 258800.750, 135
Trd, 258800.817, 137
Trd, 258801.567, 109
Trd, 258801.583, 95
Trd, 258801.650, 113
Trd, 258801.733, 92
Trd, 258801.900, 77
Trd, 258801.967, 75
Trd, 258802.317, 60
Trd, 258802.900, 105
Trd, 258802.933, 102
Trd, 258803.033, 104
Trd, 258803.050, 105
Trd, 258803.183, 105
Trd, 258803.467, 105
Trd, 258803.583, 106
Trd, 258803.633, 106
Trd, 258803.900, 106
Trd, 258804.067, 105
Trd, 258804.317, 102
Trd, 258804.483, 106
Trd, 258804.667, 108
Trd, 258804.683, 97
Trd, 258804.733, 96
Trd, 258804.800, 94
Trd, 258805.133, 122
Trd, 258805.183, 91
Trd, 258805.367, 91
Trd, 258805.850, 85
Trd, 258806.183, 133
Trd, 258806.567, 130
Trd, 258806.900, 126
Trd, 258807.000, 110
Trd, 258807.550, 103
Trd, 258807.767, 118
Trd, 258808.200, 114
Trd, 258808.267, 113
Trd, 258808.300, 115
Trd, 258808.517, 107
Trd, 258808.667, 116
Trd, 258808.750, 106
Trd, 258809.367, 107
Trd, 258809.533, 107
Trd, 258809.633, 108
Trd, 258809.667, 107
Trd, 258809.833, 106
Trd, 258809.967, 106
Trd, 258810.050, 105
Trd, 258810.217, 106
Trd, 258810.233, 109
Trd, 258810.667, 101
Trd, 258810.783, 100
Trd, 258811.967, 140
Trd, 258812.017, 140
Trd, 258812.617, 140
Trd, 258812.767, 140
Trd, 258812.883, 140
Trd, 258812.950, 140
Trd, 258813.100, 140
Trd, 258813.117, 140
Trd, 258813.300, 137
Trd, 258813.433, 129
Trd, 258814.483, 134
Trd, 258814.633, 122
Trd, 258814.983, 138
Trd, 258815.383, 122
Trd, 258815.767, 121
Trd, 258815.867, 123
Trd, 258816.017, 124
Trd, 258816.283, 121
Trd, 258816.433, 121
Trd, 258816.850, 106
Trd, 258817.100, 106
Trd, 258817.183, 111
Trd, 258817.450, 113
Trd, 258817.600, 111
Trd, 258817.867, 112
Trd, 258817.933, 110
Trd, 258818.150, 113
Trd, 258818.233, 113
Trd, 258818.317, 114
Trd, 258818.350, 113
Trd, 258818.367, 112
Trd, 258818.850, 113
Trd, 258818.900, 114
Trd, 258818.967, 112
Trd, 258819.450, 115
Trd, 258819.567, 116
Trd, 258819.833, 115
Trd, 258819.850, 116
Trd, 258820.100, 135
Trd, 258820.133, 115
Trd, 258820.367, 114
Trd, 258821.317, 140
Trd, 258821.400, 140
Trd, 258821.533, 137
Trd, 258821.600, 120
Trd, 258822.600, 140
Trd, 258823.117, 140
Trd, 258823.183, 140
Trd, 258823.700, 140
Trd, 258823.883, 140
Trd, 258824.183, 140
Trd, 258824.317, 140
Trd, 258824.567, 140
Trd, 258824.767, 140
Trd, 258824.800, 140
Trd, 258825.300, 132
Trd, 258825.400, 131
Trd, 258825.433, 130
Trd, 258825.550, 134
Trd, 258825.817, 133
Trd, 258825.983, 133
Trd, 258826.067, 132
Trd, 258826.150, 134
Trd, 258826.183, 131
Trd, 258826.317, 128
Trd, 258826.533, 130
Trd, 258827.050, 131
Trd, 258827.100, 121
Trd, 258827.433, 117
Trd, 258827.517, 130
Trd, 258827.650, 124
Trd, 258828.383, 133
Trd, 258828.533, 121
Trd, 258828.917, 126
Trd, 258828.933, 119
Trd, 258829.250, 134
Trd, 258829.583, 112
Trd, 258829.983, 110
Trd, 258830.267, 110
Trd, 258830.367, 118
Trd, 258830.433, 110
Trd, 258830.600, 109
Trd, 258830.633, 118
Trd, 258831.317, 113
Trd, 258831.433, 113
Trd, 258831.817, 116
Trd, 258831.867, 114
Trd, 258832.283, 113
Trd, 258832.400, 114
Trd, 258832.467, 115
Trd, 258832.733, 114
Trd, 258832.883, 110
Trd, 258832.983, 109
Trd, 258833.000, 114
Trd, 258833.383, 105
Trd, 258833.817, 101
Trd, 258834.183, 135
Trd, 258834.250, 119
Trd, 258834.283, 136
Trd, 258834.333, 118
Trd, 258834.533, 91
Trd, 258834.667, 137
Trd, 258834.683, 90
Trd, 258835.200, 105
Trd, 258835.267, 104
Trd, 258835.367, 90
Trd, 258835.800, 105
Trd, 258835.883, 106
Trd, 258836.017, 107
Trd, 258836.567, 89
Trd, 258837.150, 87
Trd, 258837.983, 140
Trd, 258838.067, 140
Trd, 258838.417, 140
Trd, 258838.733, 140
Trd, 258838.783, 140
Trd, 258838.900, 140
Trd, 258839.033, 137
Trd, 258839.500, 138
Trd, 258839.583, 138
Trd, 258839.650, 140
Trd, 258839.800, 137
Trd, 258839.900, 137
Trd, 258840.067, 136
Trd, 258840.100, 137
Trd, 258840.267, 132
Trd, 258840.383, 131
Trd, 258840.967, 131
Trd, 258841.100, 129
Trd, 258841.200, 128
Trd, 258841.500, 126
Trd, 258841.900, 123
Trd, 258842.167, 129
Trd, 258842.450, 124
Trd, 258842.617, 108
Trd, 258842.633, 129
Trd, 258842.900, 128
Trd, 258843.000, 128
Trd, 258843.733, 114
Trd, 258843.850, 112
Trd, 258844.217, 116
Trd, 258844.367, 117
Trd, 258844.883, 115
Trd, 258845.067, 116
Trd, 258845.117, 116
Trd, 258845.250, 115
Trd, 258845.400, 114
Trd, 258845.583, 114
Trd, 258845.633, 115
Trd, 258845.783, 116
Trd, 258845.900, 114
Trd, 258845.933, 113
Trd, 258845.967, 117
Trd, 258846.517, 140
Trd, 258847.750, 140
Trd, 258847.783, 140
Trd, 258848.000, 140
Trd, 258848.150, 137
Trd, 258848.633, 130
Trd, 258848.800, 133
Trd, 258849.017, 130
Trd, 258849.067, 129
Trd, 258849.083, 131
Trd, 258849.167, 124
Trd, 258849.783, 128
Trd, 258849.817, 122
Trd, 258849.917, 122
Trd, 258850.033, 120
Trd, 258850.167, 119
Trd, 258850.350, 109
Trd, 258850.667, 119
Trd, 258850.850, 125
Trd, 258851.217, 125
Trd, 258851.883, 117
Trd, 258852.100, 118
Trd, 258852.317, 120
Trd, 258852.333, 127
Trd, 258852.350, 119
Trd, 258852.467, 118
Trd, 258852.983, 122
Trd, 258853.117, 119
Trd, 258853.133, 124
Trd, 258853.350, 125
Trd, 258853.450, 119
Trd, 258853.800, 136
Trd, 258854.033, 139
Trd, 258854.333, 136
Trd, 258854.483, 135
Trd, 258854.600, 135
Trd, 258855.150, 140
Trd, 258855.167, 140
Trd, 258855.433, 140
Trd, 258855.750, 138
Trd, 258855.967, 138
Trd, 258856.250, 116
Trd, 258856.933, 112
Trd, 258857.183, 124
Trd, 258857.650, 138
Trd, 258857.733, 137
Trd, 258857.783, 136
Trd, 258858.200, 138
Trd, 258858.583, 139
Trd, 258858.883, 140
Trd, 258858.933, 139
Trd, 258859.417, 140
Trd, 258859.433, 140
Trd, 258859.517, 139
Trd, 258859.567, 137
Trd, 258859.633, 140
Trd, 258859.683, 137
Trd, 258859.800, 134
Trd, 258859.833, 128
Trd, 258859.850, 116
Trd, 258860.567, 139
Trd, 258860.867, 134
Trd, 258861.133, 133
Trd, 258861.150, 132
Trd, 258861.200, 115
Trd, 258861.217, 135
Trd, 258861.767, 136
Trd, 258862.050, 110
Trd, 258862.517, 109
Trd, 258862.950, 117
Trd, 258863.067, 125
Trd, 258863.400, 127
Trd, 258863.533, 110
Trd, 258863.783, 110
Trd, 258864.000, 111
Trd, 258864.167, 122
Trd, 258864.317, 124
Trd, 258864.483, 114
Trd, 258864.833, 115
Trd, 258864.917, 123
Trd, 258865.017, 114
Trd, 258865.767, 116
Trd, 258865.817, 115
Trd, 258865.900, 116
Trd, 258866.250, 114
Trd, 258866.383, 114
Trd, 258866.633, 118
Trd, 258866.783, 119
Trd, 258866.917, 118
Trd, 258867.083, 113
Trd, 258867.133, 120
Trd, 258867.267, 121
Trd, 258867.350, 108
Trd, 258867.533, 105
Trd, 258867.733, 106
Trd, 258867.867, 134
Trd, 258868.600, 136
Trd, 258868.933, 140
Trd, 258868.950, 140
Trd, 258869.217, 140
Trd, 258869.833, 132
Trd, 258869.950, 132
Trd, 258870.267, 131
Trd, 258870.750, 140
Trd, 258871.033, 140
Trd, 258871.150, 140
Trd, 258871.200, 140
Trd, 258871.617, 139
Trd, 258871.700, 138
Trd, 258872.200, 140
Trd, 258872.467, 140
Trd, 258872.517, 140
Trd, 258872.917, 139
Trd, 258873.167, 138
Trd, 258873.967, 140
Trd, 258874.133, 140
Trd, 258874.150, 140
Trd, 258874.367, 139
Trd, 258874.517, 137
Trd, 258874.717, 133
Trd, 258874.933, 131
Trd, 258875.833, 134
Trd, 258875.917, 121
Trd, 258876.033, 131
Trd, 258876.300, 120
Trd, 258876.450, 132
Trd, 258876.583, 121
Trd, 258876.633, 119
Trd, 258877.067, 131
Trd, 258877.233, 119
Trd, 258877.267, 118
Trd, 258877.400, 113
Trd, 258877.467, 112
Trd, 258877.483, 111
Trd, 258877.700, 106
Trd, 258877.733, 111
Trd, 258877.883, 112
Trd, 258878.017, 113
Trd, 258878.183, 128
Trd, 258878.450, 125
Trd, 258878.517, 111
Trd, 258879.133, 125
Trd, 258879.183, 117
Trd, 258879.667, 121
Trd, 258879.767, 126
Trd, 258880.100, 124
Trd, 258880.317, 124
Trd, 258880.367, 125
Trd, 258880.450, 123
Trd, 258881.067, 124
Trd, 258881.117, 126
Trd, 258881.250, 123
Trd, 258881.917, 126
Trd, 258882.083, 125
Trd, 258882.467, 126
Trd, 258882.567, 125
Trd, 258882.633, 126
Trd, 258882.983, 124
Trd, 258883.600, 140
Trd, 258883.733, 135
Trd, 258883.867, 134
Trd, 258883.983, 133
Trd, 258884.317, 139
Trd, 258884.583, 136
Trd, 258884.750, 136
Trd, 258885.150, 140
Trd, 258885.317, 139
Trd, 258885.350, 139
Trd, 258885.567, 133
Trd, 258886.283, 137
Trd, 258886.683, 139
Trd, 258886.717, 137
Trd, 258886.900, 135
Trd, 258886.917, 134
Trd, 258887.167, 133
Trd, 258887.317, 134
Trd, 258887.500, 123
Trd, 258887.717, 128
Trd, 258887.933, 130
Trd, 258888.000, 125
Trd, 258888.250, 124
Trd, 258888.717, 124
Trd, 258888.750, 125
Trd, 258888.917, 122
Trd, 258888.950, 107
Trd, 258889.283, 122
Trd, 258889.600, 95
Trd, 258889.683, 95
Trd, 258889.883, 87
Trd, 258890.000, 125
Trd, 258890.150, 127
Trd, 258890.500, 126
Trd, 258890.783, 126
Trd, 258890.883, 126
Trd, 258890.983, 127
Trd, 258891.100, 125
Trd, 258891.117, 128
Trd, 258891.233, 124
Trd, 258891.567, 139
Trd, 258891.667, 123
Trd, 258891.883, 114
Trd, 258892.317, 114
Trd, 258892.583, 114
Trd, 258893.117, 110
Trd, 258893.350, 133
Trd, 258893.800, 116
Trd, 258894.483, 123
Trd, 258894.533, 117
Trd, 258894.667, 124
Trd, 258894.800, 109
Trd, 258895.267, 115
Trd, 258895.283, 108
Trd, 258895.433, 107
Trd, 258895.633, 119
Trd, 258896.100, 86
Trd, 258896.317, 66
Trd, 258896.450, 112
Trd, 258896.550, 70
Trd, 258896.683, 111
Trd, 258896.900, 75
Trd, 258897.333, 109
Trd, 258897.367, 99
Trd, 258897.500, 110
Trd, 258897.967, 140
Trd, 258898.367, 140
Trd, 258898.650, 138
Trd, 258898.950, 134
Trd, 258899.100, 133
Trd, 258899.133, 136
Trd, 258899.150, 131
Trd, 258899.633, 129
Trd, 258900.050, 139
Trd, 258900.217, 139
Trd, 258900.317, 139
Trd, 258900.767, 135
Trd, 258900.950, 135
Trd, 258901.067, 135
Trd, 258901.167, 136
Trd, 258901.383, 137
Trd, 258902.083, 140
Trd, 258902.267, 140
Trd, 258902.350, 140
Trd, 258902.717, 140
Trd, 258902.967, 140
Trd, 258903.100, 140
Trd, 258903.150, 140
Trd, 258903.267, 139
Trd, 258903.400, 139
Trd, 258903.483, 139
Trd, 258903.900, 129
Trd, 258904.383, 135
Trd, 258904.650, 111
Trd, 258905.067, 132
Trd, 258905.100, 134
Trd, 258905.250, 112
Trd, 258905.600, 116
Trd, 258905.933, 111
Trd, 258906.133, 112
Trd, 258906.183, 120
Trd, 258906.317, 121
Trd, 258906.583, 117
Trd, 258906.667, 116
Trd, 258906.800, 94
Trd, 258907.083, 98
Trd, 258907.183, 99
Trd, 258907.467, 118
Trd, 258907.500, 119
Trd, 258907.717, 102
Trd, 258907.817, 103
Trd, 258908.333, 119
Trd, 258908.583, 93
Trd, 258908.617, 91
Trd, 258908.633, 87
Trd, 258908.717, 87
Trd, 258909.033, 109
Trd, 258909.267, 109
Trd, 258909.300, 95
Trd, 258909.500, 88
Trd, 258909.900, 109
Trd, 258910.017, 111
Trd, 258910.300, 97
Trd, 258910.700, 87
Trd, 258910.767, 87
Trd, 258911.033, 112
Trd, 258911.133, 86
Trd, 258912.850, 105
Trd, 258912.967, 104
Trd, 258913.050, 103
Trd, 258913.117, 102
Trd, 258913.133, 102
Trd, 258913.267, 102
Trd, 258913.367, 101
Trd, 258913.383, 100
Trd, 258913.417, 103
Trd, 258913.700, 103
Trd, 258913.767, 105
Trd, 258914.267, 137
Trd, 258914.467, 128
Trd, 258914.833, 137
Trd, 258914.950, 135
Trd, 258915.600, 140
Trd, 258915.717, 140
Trd, 258916.033, 140
Trd, 258916.450, 140
Trd, 258916.733, 140
Trd, 258916.833, 140
Trd, 258917.033, 129
Trd, 258917.083, 119
Trd, 258917.433, 140
Trd, 258918.033, 140
Trd, 258918.317, 140
Trd, 258919.333, 140
Trd, 258919.383, 140
Trd, 258919.400, 140
Trd, 258919.433, 138
Trd, 258919.783, 137
Trd, 258920.250, 137
Trd, 258920.283, 136
Trd, 258920.800, 140
Trd, 258921.050, 137
Trd, 258921.067, 136
Trd, 258921.300, 137
Trd, 258921.367, 136
Trd, 258921.433, 135
Trd, 258921.983, 130
Trd, 258922.200, 128
Trd, 258922.350, 125
Trd, 258922.367, 126
Trd, 258922.700, 129
Trd, 258922.717, 128
Trd, 258922.967, 102
Trd, 258923.017, 139
Trd, 258923.817, 140
Trd, 258924.000, 140
Trd, 258924.017, 140
Trd, 258924.250, 131
Trd, 258924.350, 128
Trd, 258924.717, 101
Trd, 258924.817, 92
Trd, 258924.833, 131
Trd, 258925.350, 137
Trd, 258925.433, 137
Trd, 258925.517, 138
Trd, 258925.733, 138
Trd, 258926.483, 137
Trd, 258926.950, 137
Trd, 258927.067, 135
Trd, 258927.500, 136
Trd, 258927.517, 137
Trd, 258927.750, 135
Trd, 258928.033, 134
Trd, 258928.050, 125
Trd, 258928.167, 129
Trd, 258928.233, 108
Trd, 258928.250, 108
Trd, 258928.350, 103
Trd, 258928.450, 97
Trd, 258928.800, 96
Trd, 258929.083, 127
Trd, 258929.317, 97
Trd, 258929.617, 95
Trd, 258929.750, 101
Trd, 258930.033, 92
Trd, 258930.083, 91
Trd, 258930.533, 103
Trd, 258930.717, 103
Trd, 258931.017, 93
Trd, 258931.200, 90
Trd, 258931.450, 86
Trd, 258931.567, 95
Trd, 258931.650, 96
Trd, 258932.000, 64
Trd, 258932.117, 91
Trd, 258932.200, 88
Trd, 258932.500, 93
Trd, 258932.567, 97
Trd, 258933.467, 60
Trd, 258933.667, 60
Trd, 258933.683, 60
Trd, 258933.833, 60
Trd, 258934.100, 61
Trd, 258934.133, 60
Trd, 258934.200, 68
Trd, 258934.267, 70
Trd, 258934.467, 74
Trd, 258934.717, 67
Trd, 258934.867, 66
Trd, 258934.883, 98
Trd, 258934.950, 63
Trd, 258935.317, 96
Trd, 258935.550, 64
Trd, 258935.783, 85
Trd, 258935.817, 96
Trd, 258936.067, 95
Trd, 258936.333, 96
Trd, 258936.467, 80
Trd, 258936.983, 85
Trd, 258937.467, 90
Trd, 258937.783, 86
Trd, 258937.817, 90
Trd, 258938.433, 86
Trd, 258938.450, 89
Trd, 258938.667, 87
Trd, 258938.817, 90
Trd, 258939.117, 91
Trd, 258939.133, 87
Trd, 258939.517, 91
Trd, 258939.850, 90
Trd, 258939.917, 92
Trd, 258939.933, 88
Trd, 258940.500, 140
Trd, 258940.817, 140
Trd, 258940.867, 140
Trd, 258941.533, 140
Trd, 258941.667, 140
Trd, 258941.950, 139
Trd, 258942.633, 138
Trd, 258942.717, 138
Trd, 258942.800, 138
Trd, 258942.883, 137
Trd, 258943.000, 133
Trd, 258943.117, 123
Trd, 258944.167, 140
Trd, 258944.733, 140
Trd, 258944.750, 140
Trd, 258944.783, 140
Trd, 258944.800, 140
Trd, 258944.817, 140
Trd, 258944.967, 140
Trd, 258945.133, 140
Trd, 258945.167, 139
Trd, 258945.217, 137
Trd, 258945.567, 128
Trd, 258945.967, 114
Trd, 258946.050, 132
Trd, 258946.100, 113
Trd, 258946.200, 99
Trd, 258946.750, 108
Trd, 258946.917, 130
Trd, 258946.967, 98
Trd, 258947.350, 127
Trd, 258947.617, 117
Trd, 258948.083, 116
Trd, 258948.150, 119
Trd, 258948.167, 115
Trd, 258948.333, 118
Trd, 258948.500, 115
Trd, 258948.633, 118
Trd, 258948.767, 119
Trd, 258949.100, 116
Trd, 258949.250, 116
Trd, 258949.533, 140
Trd, 258949.600, 140
Trd, 258949.867, 140
Trd, 258950.650, 135
Trd, 258950.717, 135
Trd, 258951.150, 129
Trd, 258951.500, 129
Trd, 258951.567, 135
Trd, 258951.967, 129
Trd, 258952.250, 129
Trd, 258952.433, 126
Trd, 258952.767, 132
Trd, 258952.800, 133
Trd, 258952.983, 126
Trd, 258953.100, 116
Trd, 258953.250, 125
Trd, 258953.300, 123
Trd, 258953.567, 129
Trd, 258953.683, 129
Trd, 258953.867, 132
Trd, 258954.200, 129
Trd, 258954.317, 128
Trd, 258954.467, 126
Trd, 258954.750, 121
Trd, 258955.033, 120
Trd, 258955.433, 122
Trd, 258955.833, 120
Trd, 258955.967, 120
Trd, 258956.033, 119
Trd, 258956.167, 111
Trd, 258956.333, 94
Trd, 258956.900, 105
Trd, 258957.317, 114
Trd, 258957.333, 100
Trd, 258957.400, 99
Trd, 258957.633, 86
Trd, 258958.283, 94
Trd, 258958.483, 105
Trd, 258958.567, 104
Trd, 258958.767, 104
Trd, 258958.950, 104
Trd, 258959.050, 105
Trd, 258959.733, 101
Trd, 258959.817, 103
Trd, 258959.917, 101
Trd, 258959.933, 100
Trd, 258960.117, 99
Trd, 258960.517, 99
Trd, 258960.583, 102
Trd, 258960.783, 102
Trd, 258961.033, 105
Trd, 258961.317, 94
Trd, 258961.500, 114
Trd, 258962.417, 123
Trd, 258962.533, 124
Trd, 258962.750, 117
Trd, 258963.100, 120
Trd, 258963.117, 119
Trd, 258963.150, 111
Trd, 258963.333, 140
Trd, 258963.350, 140
Trd, 258963.900, 140
Trd, 258964.733, 140
Trd, 258964.817, 140
Trd, 258964.883, 139
Trd, 258964.900, 140
Trd, 258965.017, 139
Trd, 258965.033, 139
Trd, 258965.350, 129
Trd, 258965.667, 129
Trd, 258965.817, 129
Trd, 258965.967, 128
Trd, 258966.017, 111
Trd, 258966.167, 109
Trd, 258966.350, 97
Trd, 258966.383, 134
Trd, 258966.450, 63
Trd, 258966.617, 134
Trd, 258967.017, 78
Trd, 258967.167, 133
Trd, 258967.417, 135
Trd, 258967.467, 76
Trd, 258967.983, 90
Trd, 258968.483, 140
Trd, 258968.650, 139
Trd, 258969.217, 140
Trd, 258969.450, 140
Trd, 258969.533, 140
Trd, 258969.700, 140
Trd, 258969.767, 140
Trd, 258970.283, 140
Trd, 258970.317, 140
Trd, 258970.917, 137
Trd, 258971.383, 135
Trd, 258971.400, 134
Trd, 258971.433, 131
Trd, 258971.533, 134
Trd, 258971.583, 128
Trd, 258971.667, 123
Trd, 258971.750, 135
Trd, 258972.050, 123
Trd, 258972.067, 133
Trd, 258972.433, 113
Trd, 258972.517, 118
Trd, 258972.750, 115
Trd, 258973.133, 115
Trd, 258973.383, 113
Trd, 258973.550, 118
Trd, 258973.700, 119
Trd, 258973.733, 113
Trd, 258974.250, 121
Trd, 258974.467, 121
Trd, 258974.700, 120
Trd, 258974.850, 123
Trd, 258975.067, 126
Trd, 258975.433, 140
Trd, 258975.733, 139
Trd, 258976.100, 133
Trd, 258976.217, 133
Trd, 258976.500, 133
Trd, 258976.917, 133
Trd, 258977.117, 132
Trd, 258977.183, 133
Trd, 258977.233, 136
Trd, 258977.300, 131
Trd, 258977.667, 123
Trd, 258977.750, 122
Trd, 258978.083, 136
Trd, 258978.300, 121
Trd, 258978.883, 125
Trd, 258978.900, 126
Trd, 258979.083, 128
Trd, 258979.250, 128
Trd, 258979.367, 122
Trd, 258979.950, 116
Trd, 258980.083, 121
Trd, 258980.367, 121
Trd, 258980.533, 122
Trd, 258980.833, 124
Trd, 258980.950, 121
Trd, 258980.983, 121
Trd, 258981.250, 122
Trd, 258981.450, 125
Trd, 258981.850, 122
Trd, 258982.183, 120
Trd, 258982.700, 139
Trd, 258983.583, 139
Trd, 258983.733, 138
Trd, 258984.517, 140
Trd, 258985.367, 140
Trd, 258985.567, 140
Trd, 258985.667, 140
Trd, 258985.933, 140
Trd, 258986.233, 140
Trd, 258986.400, 140
Trd, 258987.217, 140
Trd, 258987.433, 140
Trd, 258987.467, 140
Trd, 258987.517, 140
Trd, 258987.650, 140
Trd, 258987.950, 140
Trd, 258987.967, 140
Trd, 258988.117, 140
Trd, 258988.450, 140
Trd, 258988.517, 140
Trd, 258988.650, 140
Trd, 258988.783, 140
Trd, 258988.900, 140
Trd, 258989.050, 137
Trd, 258989.133, 123
Trd, 258989.333, 138
Trd, 258989.467, 119
Trd, 258989.500, 138
Trd, 258989.583, 138
Trd, 258990.067, 120
Trd, 258990.517, 131
Trd, 258990.817, 120
Trd, 258990.950, 117
Trd, 258991.183, 111
Trd, 258991.350, 132
Trd, 258991.400, 134
Trd, 258991.417, 114
Trd, 258991.467, 137
Trd, 258991.700, 118
Trd, 258991.767, 127
Trd, 258991.850, 116
Trd, 258992.350, 137
Trd, 258992.567, 114
Trd, 258992.783, 78
Trd, 258993.133, 67
Trd, 258994.183, 118
Trd, 258994.450, 118
Trd, 258994.467, 117
Trd, 258994.850, 116
Trd, 258994.983, 117
Trd, 258995.167, 117
Trd, 258995.233, 117
Trd, 258995.383, 118
Trd, 258995.417, 116
Trd, 258995.517, 121
Trd, 258995.533, 115
Trd, 258995.583, 113
Trd, 258997.050, 140
Trd, 258997.383, 140
Trd, 258997.467, 140
Trd, 258997.750, 140
Trd, 258997.950, 140
Trd, 258998.183, 140
Trd, 258998.367, 140
Trd, 258999.267, 140
Trd, 258999.317, 140
Trd, 258999.467, 140
Trd, 258999.867, 140
Trd, 258999.933, 140
Trd, 259000.000, 138
Trd, 259000.450, 140
Trd, 259000.667, 138
Trd, 259000.700, 136
Trd, 259000.850, 134
Trd, 259001.083, 125
Trd, 259001.100, 130
Trd, 259001.250, 121
Trd, 259001.283, 130
Trd, 259001.417, 122
Trd, 259001.800, 123
Trd, 259001.950, 130
Trd, 259002.000, 122
Trd, 259002.117, 121
Trd, 259002.550, 128
Trd, 259002.783, 127
Trd, 259002.817, 120
Trd, 259002.867, 120
Trd, 259002.917, 128
Trd, 259003.383, 126
Trd, 259003.800, 114
Trd, 259004.017, 102
Trd, 259004.333, 120
Trd, 259004.500, 103
Trd, 259004.750, 102
Trd, 259004.833, 102
Trd, 259004.917, 121
Trd, 259005.100, 117
Trd, 259005.533, 113
Trd, 259005.633, 116
Trd, 259005.683, 104
Trd, 259005.800, 103
Trd, 259005.900, 121
Trd, 259006.133, 100
Trd, 259006.217, 121
Trd, 259006.517, 109
Trd, 259006.567, 97
Trd, 259006.933, 101
Trd, 259007.017, 106
Trd, 259007.217, 114
Trd, 259007.500, 99
Trd, 259007.517, 114
Trd, 259007.633, 97
Trd, 259008.300, 111
Trd, 259008.900, 111
Trd, 259008.950, 110
Trd, 259009.283, 121
Trd, 259009.333, 108
Trd, 259009.350, 106
Trd, 259009.717, 137
Trd, 259009.817, 136
Trd, 259010.017, 118
Trd, 259010.100, 105
Trd, 259010.650, 123
Trd, 259010.767, 134
Trd, 259011.167, 114
Trd, 259011.200, 133
Trd, 259011.283, 114
Trd, 259011.317, 133
Trd, 259011.383, 136
Trd, 259011.517, 113
Trd, 259011.583, 112
Trd, 259011.917, 79
Trd, 259012.100, 68
Trd, 259012.300, 100
Trd, 259012.450, 84
Trd, 259012.533, 92
Trd, 259012.800, 65
Trd, 259013.333, 107
Trd, 259013.367, 108
Trd, 259013.517, 85
Trd, 259013.617, 80
Trd, 259013.817, 77
Trd, 259014.033, 62
Trd, 259014.400, 81
Trd, 259014.783, 81
Trd, 259014.800, 83
Trd, 259015.017, 83
Trd, 259015.300, 86
Trd, 259015.600, 79
Trd, 259015.817, 80
Trd, 259015.900, 130
Trd, 259017.117, 115
Trd, 259017.267, 111
Trd, 259017.400, 116
Trd, 259017.667, 116
Trd, 259017.683, 117
Trd, 259017.750, 116
Trd, 259017.867, 120
Trd, 259018.000, 120
Trd, 259018.183, 117
Trd, 259018.217, 122
Trd, 259018.433, 115
Trd, 259018.550, 115
Trd, 259018.933, 128
Trd, 259019.583, 130
Trd, 259020.400, 136
Trd, 259020.483, 135
Trd, 259020.567, 135
Trd, 259021.300, 138
Trd, 259021.333, 137
Trd, 259021.717, 129
Trd, 259021.850, 135
Trd, 259021.983, 137
Trd, 259022.400, 138
Trd, 259023.267, 131
Trd, 259023.617, 140
Trd, 259023.883, 140
Trd, 259023.967, 140
Trd, 259024.083, 138
Trd, 259024.167, 135
Trd, 259024.217, 134
Trd, 259024.617, 140
Trd, 259024.683, 140
Trd, 259024.717, 140
Trd, 259024.783, 140
Trd, 259025.133, 139
Trd, 259025.317, 122
Trd, 259025.433, 121
Trd, 259025.467, 113
Trd, 259025.600, 125
Trd, 259025.800, 130
Trd, 259026.033, 131
Trd, 259026.067, 113
Trd, 259026.433, 128
Trd, 259026.533, 112
Trd, 259027.583, 118
Trd, 259028.167, 120
Trd, 259028.250, 119
Trd, 259028.333, 117
Trd, 259028.467, 110
Trd, 259028.600, 109
Trd, 259028.717, 121
Trd, 259028.783, 121
Trd, 259028.950, 103
Trd, 259029.267, 107
Trd, 259029.317, 96
Trd, 259029.333, 121
Trd, 259029.467, 95
Trd, 259029.500, 93
Trd, 259029.633, 73
Trd, 259029.900, 120
Trd, 259030.067, 87
Trd, 259030.083, 86
Trd, 259030.133, 122
Trd, 259030.717, 117
Trd, 259032.217, 140
Trd, 259032.533, 140
Trd, 259032.700, 140
Trd, 259032.750, 140
Trd, 259033.267, 140
Trd, 259033.733, 140
Trd, 259033.833, 140
Trd, 259033.867, 140
Trd, 259033.900, 140
Trd, 259033.950, 140
Trd, 259034.033, 140
Trd, 259034.383, 137
Trd, 259034.583, 137
Trd, 259034.617, 132
Trd, 259034.667, 131
Trd, 259035.083, 131
Trd, 259035.200, 134
Trd, 259035.517, 130
Trd, 259035.567, 129
Trd, 259035.683, 135
Trd, 259035.850, 134
Trd, 259036.050, 128
Trd, 259036.617, 122
Trd, 259036.700, 121
Trd, 259036.733, 121
Trd, 259036.867, 121
Trd, 259036.900, 120
Trd, 259036.933, 124
Trd, 259037.200, 117
Trd, 259037.517, 116
Trd, 259038.150, 107
Trd, 259038.350, 99
Trd, 259038.367, 115
Trd, 259039.117, 109
Trd, 259039.367, 107
Trd, 259039.667, 106
Trd, 259039.800, 105
Trd, 259039.850, 99
Trd, 259039.883, 106
Trd, 259040.017, 109
Trd, 259040.400, 114
Trd, 259040.917, 92
Trd, 259040.933, 87
Trd, 259041.033, 85
Trd, 259041.150, 93
Trd, 259041.667, 116
Trd, 259042.233, 133
Trd, 259042.283, 110
Trd, 259042.917, 123
Trd, 259042.983, 111
Trd, 259043.017, 126
Trd, 259043.133, 113
Trd, 259043.367, 111
Trd, 259043.400, 110
Trd, 259043.550, 104
Trd, 259043.600, 117
Trd, 259043.633, 118
Trd, 259044.100, 103
Trd, 259044.683, 105
Trd, 259044.817, 114
Trd, 259045.083, 113
Trd, 259045.200, 106
Trd, 259045.233, 113
Trd, 259045.683, 106
Trd, 259046.150, 110
Trd, 259046.167, 109
Trd, 259046.267, 106
Trd, 259046.517, 105
Trd, 259047.033, 109
Trd, 259047.050, 102
Trd, 259047.167, 109
Trd, 259047.483, 110
Trd, 259047.750, 112
Trd, 259048.183, 140
Trd, 259048.383, 140
Trd, 259048.517, 117
Trd, 259048.933, 117
Trd, 259049.000, 100
Trd, 259049.650, 100
Trd, 259049.950, 108
Trd, 259050.267, 121
Trd, 259050.567, 107
Trd, 259050.650, 118
Trd, 259050.700, 107
Trd, 259050.783, 106
Trd, 259051.000, 106
Trd, 259051.333, 109
Trd, 259051.400, 112
Trd, 259051.467, 108
Trd, 259051.500, 107
Trd, 259051.550, 113
Trd, 259051.950, 118
Trd, 259052.000, 119
Trd, 259052.067, 116
Trd, 259052.083, 106
Trd, 259052.400, 132
Trd, 259052.417, 106
Trd, 259052.667, 131
Trd, 259053.267, 106
Trd, 259053.283, 105
Trd, 259053.450, 103
Trd, 259053.667, 102
Trd, 259053.683, 101
Trd, 259053.933, 127
Trd, 259054.383, 124
Trd, 259055.033, 125
Trd, 259055.117, 123
Trd, 259055.167, 126
Trd, 259055.383, 127
Trd, 259056.150, 119
Trd, 259056.217, 117
Trd, 259056.400, 120
Trd, 259056.800, 106
Trd, 259057.033, 117
Trd, 259057.050, 118
Trd, 259057.117, 105
Trd, 259057.367, 109
Trd, 259057.583, 109
Trd, 259057.683, 110
Trd, 259057.717, 103
Trd, 259057.917, 103
Trd, 259057.983, 119
Trd, 259058.483, 140
Trd, 259058.667, 140
Trd, 259058.833, 105
Trd, 259059.183, 105
Trd, 259059.267, 102
Trd, 259059.783, 106
Trd, 259060.050, 106
Trd, 259060.067, 105
Trd, 259060.250, 118
Trd, 259060.267, 119
Trd, 259060.500, 106
Trd, 259060.850, 117
Trd, 259060.983, 117
Trd, 259061.183, 123
Trd, 259061.283, 124
Trd, 259061.300, 125
Trd, 259061.533, 114
Trd, 259061.850, 109
Trd, 259062.000, 107
Trd, 259062.083, 128
Trd, 259062.133, 102
Trd, 259062.167, 101
Trd, 259062.667, 130
Trd, 259063.600, 128
Trd, 259063.833, 127
Trd, 259064.750, 126
Trd, 259065.017, 127
Trd, 259065.183, 127
Trd, 259065.283, 128
Trd, 259065.350, 130
Trd, 259065.600, 129
Trd, 259066.000, 129
Trd, 259066.200, 140
Trd, 259066.367, 140
Trd, 259066.650, 140
Trd, 259067.150, 140
Trd, 259067.333, 140
Trd, 259067.367, 140
Trd, 259067.483, 140
Trd, 259067.517, 135
Trd, 259067.567, 129
Trd, 259067.683, 130
Trd, 259067.950, 140
Trd, 259068.333, 140
Trd, 259068.683, 130
Trd, 259068.717, 121
Trd, 259068.867, 111
Trd, 259069.483, 139
Trd, 259070.000, 127
Trd, 259070.400, 130
Trd, 259070.600, 131
Trd, 259070.833, 130
Trd, 259071.167, 130
Trd, 259071.233, 128
Trd, 259071.717, 130
Trd, 259071.950, 128
Trd, 259071.967, 120
Trd, 259072.150, 130
Trd, 259072.850, 129
Trd, 259073.117, 130
Trd, 259073.750, 140
Trd, 259073.933, 138
Trd, 259074.017, 137
Trd, 259074.217, 137
Trd, 259074.367, 137
Trd, 259074.500, 137
Trd, 259074.667, 134
Trd, 259074.867, 134
Trd, 259074.900, 135
Trd, 259075.150, 135
Trd, 259075.200, 134
Trd, 259075.317, 134
Trd, 259075.383, 133
Trd, 259075.883, 132
Trd, 259075.950, 135
Trd, 259076.117, 113
Trd, 259076.283, 110
Trd, 259076.783, 111
Trd, 259077.050, 111
Trd, 259077.417, 104
Trd, 259077.917, 131
Trd, 259077.950, 137
Trd, 259078.250, 130
Trd, 259079.417, 140
Trd, 259079.550, 140
Trd, 259079.633, 140
Trd, 259079.700, 140
Trd, 259079.867, 139
Trd, 259079.917, 138
Trd, 259080.117, 138
Trd, 259080.233, 138
Trd, 259080.850, 132
Trd, 259080.883, 129
Trd, 259081.133, 134
Trd, 259081.217, 125
Trd, 259081.350, 124
Trd, 259081.700, 126
Trd, 259082.350, 132
Trd, 259083.133, 125
Trd, 259083.150, 127
Trd, 259083.167, 131
Trd, 259083.183, 132
Trd, 259083.333, 126
Trd, 259083.567, 131
Trd, 259083.917, 126
Trd, 259083.983, 131
Trd, 259084.150, 125
Trd, 259084.467, 126
Trd, 259084.667, 129
Trd, 259084.783, 127
Trd, 259084.900, 129
Trd, 259084.967, 126
Trd, 259085.083, 128
Trd, 259085.367, 125
Trd, 259085.483, 125
Trd, 259085.617, 129
Trd, 259085.900, 127
Trd, 259085.967, 127
Trd, 259086.083, 126
Trd, 259086.250, 124
Trd, 259086.500, 123
Trd, 259086.600, 125
Trd, 259086.683, 124
Trd, 259086.800, 126
Trd, 259087.100, 122
Trd, 259087.267, 128
Trd, 259087.383, 128
Trd, 259087.717, 129
Trd, 259088.083, 140
Trd, 259088.150, 138
Trd, 259089.000, 140
Trd, 259089.183, 139
Trd, 259089.317, 137
Trd, 259090.017, 137
Trd, 259090.067, 135
Trd, 259090.183, 122
Trd, 259091.050, 134
Trd, 259091.117, 133
Trd, 259091.250, 140
Trd, 259091.500, 140
Trd, 259091.717, 139
Trd, 259091.733, 138
Trd, 259091.783, 137
Trd, 259091.883, 127
Trd, 259092.117, 124
Trd, 259092.217, 123
Trd, 259092.467, 122
Trd, 259092.533, 122
Trd, 259092.567, 121
Trd, 259093.150, 124
Trd, 259093.200, 118
Trd, 259093.217, 114
Trd, 259093.233, 125
Trd, 259093.333, 126
Trd, 259094.317, 140
Trd, 259094.367, 140
Trd, 259094.450, 140
Trd, 259094.800, 140
Trd, 259094.833, 140
Trd, 259095.250, 140
Trd, 259095.483, 139
Trd, 259095.500, 137
Trd, 259095.917, 132
Trd, 259096.467, 140
Trd, 259096.717, 140
Trd, 259098.000, 140
Trd, 259098.350, 140
Trd, 259098.483, 140
Trd, 259098.567, 140
Trd, 259099.217, 140
Trd, 259099.317, 140
Trd, 259099.433, 140
Trd, 259099.683, 140
Trd, 259099.767, 140
Trd, 259099.883, 140
Trd, 259099.983, 138
Trd, 259100.250, 136
Trd, 259100.633, 134
Trd, 259100.900, 134
Trd, 259101.133, 127
Trd, 259101.300, 122
Trd, 259101.383, 120
Trd, 259101.633, 127
Trd, 259101.767, 118
Trd, 259101.850, 102
Trd, 259102.083, 127
Trd, 259102.183, 127
Trd, 259102.233, 128
Trd, 259102.450, 130
Trd, 259102.583, 119
Trd, 259102.650, 130
Trd, 259102.683, 118
Trd, 259102.717, 102
Trd, 259103.083, 101
Trd, 259103.233, 129
Trd, 259104.067, 128
Trd, 259104.267, 124
Trd, 259104.400, 125
Trd, 259104.617, 124
Trd, 259104.633, 121
Trd, 259104.733, 127
Trd, 259104.983, 120
Trd, 259105.017, 119
Trd, 259105.150, 123
Trd, 259105.433, 116
Trd, 259105.467, 127
Trd, 259105.933, 115
Trd, 259106.000, 123
Trd, 259106.717, 115
Trd, 259107.017, 115
Trd, 259107.350, 118
Trd, 259107.750, 113
Trd, 259107.800, 113
Trd, 259108.067, 117
Trd, 259108.217, 113
Trd, 259108.383, 110
Trd, 259108.467, 105
Trd, 259108.683, 85
Trd, 259108.917, 112
Trd, 259109.167, 87
Trd, 259109.667, 92
Trd, 259109.700, 108
Trd, 259110.067, 97
Trd, 259110.100, 88
Trd, 259110.483, 89
Trd, 259110.683, 99
Trd, 259110.817, 89
Trd, 259110.967, 100
Trd, 259110.983, 88
Trd, 259111.150, 101
Trd, 259111.167, 103
Trd, 259111.283, 85
Trd, 259111.333, 106
Trd, 259111.400, 110
Trd, 259111.967, 99
Trd, 259112.333, 80
Trd, 259112.783, 97
Trd, 259112.900, 87
Trd, 259112.950, 86
Trd, 259113.050, 99
Trd, 259113.183, 126
Trd, 259113.917, 86
Trd, 259114.117, 94
Trd, 259114.283, 89
Trd, 259114.317, 95
Trd, 259114.517, 134
Trd, 259114.967, 91
Trd, 259115.417, 140
Trd, 259115.750, 140
Trd, 259116.083, 121
Trd, 259117.083, 140
Trd, 259117.133, 140
Trd, 259117.150, 140
Trd, 259117.200, 140
Trd, 259117.267, 140
Trd, 259117.300, 140
Trd, 259117.483, 140
Trd, 259118.033, 140
Trd, 259118.200, 139
Trd, 259118.217, 138
Trd, 259118.333, 136
Trd, 259118.650, 132
Trd, 259118.850, 129
Trd, 259119.067, 137
Trd, 259119.617, 131
Trd, 259119.667, 137
Trd, 259120.017, 130
Trd, 259120.100, 138
Trd, 259120.333, 129
Trd, 259120.683, 128
Trd, 259120.733, 127
Trd, 259120.933, 136
Trd, 259121.067, 115
Trd, 259121.100, 105
Trd, 259121.433, 89
Trd, 259121.867, 120
Trd, 259122.017, 120
Trd, 259122.217, 96
Trd, 259122.583, 123
Trd, 259122.633, 102
Trd, 259122.933, 101
Trd, 259123.417, 119
Trd, 259123.500, 115
Trd, 259123.667, 120
Trd, 259123.683, 122
Trd, 259123.950, 118
Trd, 259124.333, 119
Trd, 259124.367, 118
Trd, 259124.417, 117
Trd, 259124.567, 120
Trd, 259124.600, 117
Trd, 259124.833, 118
Trd, 259125.367, 113
Trd, 259125.617, 114
Trd, 259125.683, 115
Trd, 259125.933, 118
Trd, 259125.983, 114
Trd, 259126.033, 113
Trd, 259126.133, 110
Trd, 259126.283, 111
Trd, 259126.417, 110
Trd, 259126.800, 140
Trd, 259127.900, 140
Trd, 259128.167, 140
Trd, 259128.683, 140
Trd, 259128.700, 139
Trd, 259129.417, 140
Trd, 259129.917, 140
Trd, 259129.983, 140
Trd, 259130.100, 140
Trd, 259130.700, 140
Trd, 259130.733, 140
Trd, 259130.783, 140
Trd, 259130.800, 140
Trd, 259130.867, 140
Trd, 259131.100, 140
Trd, 259131.150, 138
Trd, 259131.217, 134
Trd, 259131.667, 132
Trd, 259131.733, 132
Trd, 259131.867, 135
Trd, 259131.933, 122
Trd, 259132.267, 128
Trd, 259132.317, 122
Trd, 259132.400, 121
Trd, 259132.533, 121
Trd, 259132.550, 131
Trd, 259132.733, 119
Trd, 259132.933, 97
Trd, 259133.317, 95
Trd, 259134.000, 122
Trd, 259134.017, 123
Trd, 259134.433, 100
Trd, 259134.667, 94
Trd, 259134.767, 111
Trd, 259134.933, 110
Trd, 259135.600, 104
Trd, 259136.050, 103
Trd, 259136.100, 104
Trd, 259136.450, 103
Trd, 259136.850, 100
Trd, 259137.050, 100
Trd, 259137.083, 101
Trd, 259137.167, 101
Trd, 259137.583, 100
Trd, 259137.850, 101
Trd, 259137.867, 103
Trd, 259138.250, 102
Trd, 259138.317, 100
Trd, 259138.367, 99
Trd, 259138.433, 104
Trd, 259138.733, 116
Trd, 259139.233, 139
Trd, 259139.317, 127
Trd, 259139.683, 117
Trd, 259140.033, 139
Trd, 259140.167, 120
Trd, 259140.217, 119
Trd, 259140.533, 117
Trd, 259140.633, 137
Trd, 259140.800, 136
Trd, 259141.083, 136
Trd, 259141.367, 136
Trd, 259141.483, 135
Trd, 259141.700, 133
Trd, 259141.717, 132
Trd, 259142.050, 124
Trd, 259142.067, 122
Trd, 259142.433, 133
Trd, 259142.483, 101
Trd, 259143.167, 108
Trd, 259143.250, 99
Trd, 259143.583, 100
Trd, 259143.650, 126
Trd, 259143.750, 127
Trd, 259143.950, 102
Trd, 259144.867, 107
Trd, 259145.067, 113
Trd, 259145.200, 114
Trd, 259145.250, 109
Trd, 259145.417, 109
Trd, 259145.483, 115
Trd, 259145.717, 115
Trd, 259145.767, 116
Trd, 259145.783, 117
Trd, 259146.033, 112
Trd, 259146.050, 110
Trd, 259146.117, 109
Trd, 259146.300, 109
Trd, 259146.367, 132
Trd, 259146.600, 102
Trd, 259146.767, 130
Trd, 259147.217, 124
Trd, 259147.383, 123
Trd, 259147.450, 122
Trd, 259148.367, 122
Trd, 259148.717, 140
Trd, 259148.950, 140
Trd, 259149.383, 140
Trd, 259149.517, 139
Trd, 259149.533, 138
Trd, 259150.017, 134
Trd, 259150.383, 137
Trd, 259150.467, 137
Trd, 259150.750, 136
Trd, 259150.917, 137
Trd, 259151.050, 136
Trd, 259151.250, 136
Trd, 259151.333, 124
Trd, 259151.450, 112
Trd, 259151.717, 119
Trd, 259151.883, 120
Trd, 259152.100, 108
Trd, 259152.117, 107
Trd, 259152.133, 91
Trd, 259152.483, 88
Trd, 259152.950, 127
Trd, 259153.600, 123
Trd, 259153.967, 121
Trd, 259154.167, 121
Trd, 259154.183, 117
Trd, 259154.217, 120
Trd, 259154.917, 115
Trd, 259155.017, 118
Trd, 259155.250, 119
Trd, 259155.467, 118
Trd, 259155.700, 118
Trd, 259155.800, 116
Trd, 259156.000, 129
Trd, 259156.050, 130
Trd, 259156.283, 120
Trd, 259156.400, 119
Trd, 259156.417, 118
Trd, 259157.050, 121
Trd, 259157.350, 120
Trd, 259157.633, 121
Trd, 259157.950, 121
Trd, 259159.150, 140
Trd, 259159.233, 140
Trd, 259159.333, 140
Trd, 259160.433, 140
Trd, 259160.483, 140
Trd, 259160.533, 140
Trd, 259160.667, 140
Trd, 259160.733, 140
Trd, 259161.100, 140
Trd, 259161.200, 140
Trd, 259161.267, 140
Trd, 259161.317, 137
Trd, 259161.633, 135
Trd, 259161.733, 140
Trd, 259161.933, 136
Trd, 259162.183, 138
Trd, 259162.200, 134
Trd, 259162.217, 130
Trd, 259162.450, 137
Trd, 259162.483, 132
Trd, 259162.550, 130
Trd, 259162.917, 129
Trd, 259163.133, 122
Trd, 259163.233, 128
Trd, 259163.250, 131
Trd, 259163.333, 104
Trd, 259163.433, 94
Trd, 259163.567, 93
Trd, 259164.200, 87
Trd, 259164.233, 135
Trd, 259164.817, 130
Trd, 259165.183, 127
Trd, 259165.600, 130
Trd, 259166.217, 104
Trd, 259166.250, 101
Trd, 259166.367, 122
Trd, 259166.733, 127
Trd, 259166.983, 129
Trd, 259167.017, 127
Trd, 259167.467, 128
Trd, 259167.533, 124
Trd, 259167.950, 127
Trd, 259168.000, 105
Trd, 259168.067, 104
Trd, 259168.217, 108
Trd, 259168.383, 106
Trd, 259168.500, 127
Trd, 259168.517, 108
Trd, 259168.683, 128
Trd, 259169.267, 127
Trd, 259169.383, 116
Trd, 259169.900, 140
Trd, 259169.967, 111
Trd, 259170.633, 139
Trd, 259171.083, 140
Trd, 259171.283, 140
Trd, 259171.517, 137
Trd, 259171.617, 127
Trd, 259172.117, 135
Trd, 259172.167, 134
Trd, 259172.333, 135
Trd, 259172.483, 133
Trd, 259172.800, 130
Trd, 259172.833, 129
Trd, 259173.517, 119
Trd, 259173.917, 120
Trd, 259174.117, 119
Trd, 259174.133, 120
Trd, 259174.417, 119
Trd, 259174.717, 118
Trd, 259174.733, 119
Trd, 259174.983, 120
Trd, 259175.633, 120
Trd, 259175.933, 105
Trd, 259176.150, 117
Trd, 259176.483, 108
Trd, 259176.500, 107
Trd, 259176.600, 106
Trd, 259176.733, 113
Trd, 259176.850, 111
Trd, 259177.167, 112
Trd, 259177.400, 104
Trd, 259177.433, 99
Trd, 259177.833, 99
Trd, 259177.983, 114
Trd, 259178.383, 109
Trd, 259178.500, 102
Trd, 259178.583, 110
Trd, 259178.883, 106
Trd, 259178.900, 99
Trd, 259179.133, 97
Trd, 259179.283, 112
Trd, 259179.450, 88
Trd, 259179.683, 103
Trd, 259180.167, 82
Trd, 259180.367, 106
Trd, 259180.417, 82
Trd, 259180.450, 79
Trd, 259180.467, 105
Trd, 259180.517, 106
Trd, 259180.683, 106
Trd, 259181.067, 108
Trd, 259181.283, 92
Trd, 259181.300, 91
Trd, 259181.567, 140
Trd, 259182.317, 140
Trd, 259182.917, 140
Trd, 259183.267, 140
Trd, 259183.583, 140
Trd, 259183.617, 140
Trd, 259183.817, 140
Trd, 259183.883, 140
Trd, 259183.983, 140
Trd, 259184.133, 139
Trd, 259184.233, 117
Trd, 259184.583, 134
Trd, 259184.817, 113
Trd, 259185.150, 103
Trd, 259185.167, 87
Trd, 259185.867, 89
Trd, 259185.883, 125
Trd, 259185.933, 82
Trd, 259186.083, 80
Trd, 259186.767, 124
Trd, 259186.817, 121
Trd, 259186.967, 125
Trd, 259187.283, 124
Trd, 259187.433, 122
Trd, 259187.533, 124
Trd, 259187.767, 125
Trd, 259188.100, 123
Trd, 259188.150, 101
Trd, 259188.167, 100
Trd, 259188.483, 96
Trd, 259188.850, 123
Trd, 259188.867, 102
Trd, 259188.883, 101
Trd, 259189.117, 111
Trd, 259189.283, 111
Trd, 259189.317, 124
Trd, 259189.900, 124
Trd, 259190.083, 124
Trd, 259190.467, 112
Trd, 259190.733, 113
Trd, 259191.017, 112
Trd, 259191.050, 114
Trd, 259191.117, 115
Trd, 259191.467, 120
Trd, 259191.550, 113
Trd, 259191.617, 110
Trd, 259192.050, 112
Trd, 259192.450, 109
Trd, 259192.533, 96
Trd, 259192.567, 87
Trd, 259192.717, 95
Trd, 259192.883, 85
Trd, 259193.717, 60
Trd, 259193.883, 60
Trd, 259193.933, 60
Trd, 259194.667, 62
Trd, 259194.917, 62
Trd, 259195.000, 64
Trd, 259195.050, 66
Trd, 259195.117, 62
Trd, 259195.400, 127
Trd, 259195.417, 126
Trd, 259195.583, 111
Trd, 259196.000, 97
Trd, 259196.383, 140
Trd, 259196.467, 140
Trd, 259196.767, 140
Trd, 259197.733, 140
Trd, 259197.967, 140
Trd, 259198.000, 140
Trd, 259198.133, 140
Trd, 259198.183, 140
Trd, 259198.217, 140
Trd, 259198.433, 137
Trd, 259198.600, 130
Trd, 259198.650, 125
Trd, 259198.683, 123
Trd, 259198.750, 111
Trd, 259198.850, 108
Trd, 259198.900, 137
Trd, 259198.983, 135
Trd, 259199.067, 77
Trd, 259199.833, 137
