Trd, 258574.283, 131
Trd, 258574.317, 125
Trd, 258574.567, 127
Trd, 258575.200, 131
Trd, 258575.633, 118
Trd, 258576.017, 137
Trd, 258576.233, 116
Trd, 258576.333, 139
Trd, 258576.417, 115
Trd, 258576.500, 115
Trd, 258576.817, 135
Trd, 258577.033, 136
Trd, 258577.150, 128
Trd, 258577.183, 118
Trd, 258577.383, 116
Trd, 258577.583, 111
Trd, 258577.733, 127
Trd, 258578.233, 130
Trd, 258578.683, 111
Trd, 258578.783, 107
Trd, 258579.383, 123
Trd, 258579.400, 117
Trd, 258579.833, 129
Trd, 258579.917, 129
Trd, 258580.033, 119
Trd, 258580.100, 115
Trd, 258580.133, 115
Trd, 258580.533, 115
Trd, 258580.633, 113
Trd, 258580.767, 116
Trd, 258580.917, 123
Trd, 258581.100, 113
Trd, 258581.333, 129
Trd, 258581.533, 120
Trd, 258581.767, 105
Trd, 258582.050, 132
Trd, 258582.467, 124
Trd, 258582.850, 134
Trd, 258583.283, 137
Trd, 258583.383, 106
Trd, 258583.450, 113
Trd, 258583.533, 137
Trd, 258583.733, 101
Trd, 258583.900, 78
Trd, 258583.950, 85
Trd, 258584.500, 67
Trd, 258584.700, 84
Trd, 258584.917, 136
Trd, 258585.017, 104
Trd, 258585.550, 133
Trd, 258585.700, 116
Trd, 258585.950, 125
Trd, 258586.233, 126
Trd, 258586.333, 113
Trd, 258586.750, 127
Trd, 258586.883, 134
Trd, 258586.917, 115
Trd, 258587.100, 113
Trd, 258587.150, 133
Trd, 258587.333, 101
Trd, 258587.950, 119
Trd, 258588.217, 107
Trd, 258588.500, 122
Trd, 258588.800, 139
Trd, 258588.883, 103
Trd, 258588.983, 103
Trd, 258589.550, 133
Trd, 258589.717, 140
Trd, 258590.267, 110
Trd, 258590.517, 100
Trd, 258590.717, 136
Trd, 258590.800, 128
Trd, 258591.000, 111
Trd, 258591.383, 116
Trd, 258592.000, 138
Trd, 258592.033, 120
Trd, 258592.100, 112
Trd, 258592.133, 109
Trd, 258592.250, 108
Trd, 258592.667, 119
Trd, 258592.733, 112
Trd, 258593.050, 123
Trd, 258593.067, 130
Trd, 258593.383, 104
Trd, 258593.483, 103
Trd, 258593.517, 111
Trd, 258593.667, 120
Trd, 258593.983, 126
Trd, 258594.383, 114
Trd, 258594.783, 97
Trd, 258595.100, 139
Trd, 258595.150, 109
Trd, 258595.400, 106
Trd, 258595.417, 104
Trd, 258595.767, 112
Trd, 258596.033, 122
Trd, 258596.383, 128
Trd, 258596.533, 103
Trd, 258596.833, 123
Trd, 258596.933, 113
Trd, 258597.167, 101
Trd, 258597.500, 113
Trd, 258597.550, 119
Trd, 258597.700, 105
Trd, 258597.817, 101
Trd, 258597.983, 95
Trd, 258598.800, 118
Trd, 258598.950, 117
Trd, 258599.067, 98
Trd, 258599.100, 97
Trd, 258599.383, 94
Trd, 258599.500, 110
Trd, 258600.283, 117
Trd, 258600.717, 105
Trd, 258600.883, 119
Trd, 258600.967, 133
Trd, 258601.183, 99
Trd, 258601.200, 98
Trd, 258601.367, 120
Trd, 258601.817, 101
Trd, 258601.833, 102
Trd, 258601.933, 126
Trd, 258602.100, 87
Trd, 258603.117, 140
Trd, 258603.383, 138
Trd, 258603.517, 137
Trd, 258603.567, 127
Trd, 258603.683, 126
Trd, 258603.733, 112
Trd, 258604.017, 111
Trd, 258605.067, 133
Trd, 258605.200, 122
Trd, 258605.267, 118
Trd, 258605.433, 130
Trd, 258605.600, 112
Trd, 258606.117, 122
Trd, 258606.583, 129
Trd, 258606.967, 112
Trd, 258607.650, 115
Trd, 258608.300, 138
Trd, 258608.783, 134
Trd, 258608.950, 130
Trd, 258609.000, 125
Trd, 258609.333, 123
Trd, 258609.600, 119
Trd, 258609.683, 115
Trd, 258609.983, 114
Trd, 258610.000, 124
Trd, 258610.067, 105
Trd, 258610.083, 103
Trd, 258610.533, 126
Trd, 258610.700, 111
Trd, 258610.800, 140
Trd, 258610.817, 96
Trd, 258611.017, 134
Trd, 258611.517, 135
Trd, 258611.717, 126
Trd, 258611.950, 126
Trd, 258612.050, 120
Trd, 258612.350, 129
Trd, 258612.633, 134
Trd, 258612.883, 118
Trd, 258613.233, 132
Trd, 258613.500, 116
Trd, 258613.683, 134
Trd, 258614.050, 115
Trd, 258614.333, 122
Trd, 258614.500, 115
Trd, 258614.933, 131
Trd, 258615.350, 131
Trd, 258615.600, 127
Trd, 258615.717, 121
Trd, 258615.833, 110
Trd, 258616.433, 137
Trd, 258616.467, 128
Trd, 258616.717, 131
Trd, 258616.917, 104
Trd, 258617.117, 103
Trd, 258617.483, 136
Trd, 258617.550, 127
Trd, 258617.750, 120
Trd, 258618.350, 121
Trd, 258618.717, 101
Trd, 258618.800, 101
Trd, 258618.883, 110
Trd, 258619.183, 116
Trd, 258619.367, 115
Trd, 258620.733, 131
Trd, 258621.100, 123
Trd, 258621.167, 112
Trd, 258621.283, 133
Trd, 258621.383, 111
Trd, 258621.467, 111
Trd, 258621.667, 113
Trd, 258622.000, 116
Trd, 258622.317, 136
Trd, 258622.583, 111
Trd, 258622.683, 132
Trd, 258622.733, 107
Trd, 258622.750, 107
Trd, 258624.100, 138
Trd, 258624.217, 129
Trd, 258624.450, 137
Trd, 258624.583, 125
Trd, 258625.000, 116
Trd, 258625.033, 105
Trd, 258625.300, 110
Trd, 258625.583, 124
Trd, 258625.900, 125
Trd, 258626.183, 106
Trd, 258626.233, 101
Trd, 258626.383, 104
Trd, 258626.833, 138
Trd, 258626.883, 126
Trd, 258627.233, 108
Trd, 258627.383, 114
Trd, 258627.500, 140
Trd, 258627.783, 120
Trd, 258628.200, 137
Trd, 258628.300, 115
Trd, 258628.500, 133
Trd, 258628.533, 130
Trd, 258628.833, 125
Trd, 258628.867, 119
Trd, 258629.050, 117
Trd, 258629.333, 116
Trd, 258629.683, 112
Trd, 258629.867, 140
Trd, 258629.917, 108
Trd, 258629.950, 104
Trd, 258629.967, 97
Trd, 258630.050, 96
Trd, 258630.117, 129
Trd, 258630.983, 129
Trd, 258631.933, 137
Trd, 258632.017, 139
Trd, 258632.167, 134
Trd, 258632.300, 128
Trd, 258632.400, 123
Trd, 258632.433, 122
Trd, 258632.583, 117
Trd, 258632.717, 114
Trd, 258632.750, 113
Trd, 258633.433, 136
Trd, 258633.450, 127
Trd, 258633.483, 101
Trd, 258633.600, 100
Trd, 258633.983, 103
Trd, 258634.100, 99
Trd, 258634.250, 97
Trd, 258634.567, 128
Trd, 258634.783, 121
Trd, 258634.833, 119
Trd, 258634.883, 85
Trd, 258635.017, 84
Trd, 258635.333, 140
Trd, 258635.817, 129
Trd, 258635.833, 128
Trd, 258636.033, 116
Trd, 258636.367, 119
Trd, 258636.717, 114
Trd, 258636.800, 109
Trd, 258636.867, 104
Trd, 258637.050, 120
Trd, 258637.383, 102
Trd, 258637.533, 96
Trd, 258637.550, 118
Trd, 258638.583, 133
Trd, 258639.200, 137
Trd, 258639.433, 128
Trd, 258639.767, 127
Trd, 258639.800, 120
Trd, 258640.533, 117
Trd, 258640.650, 111
Trd, 258640.717, 109
Trd, 258641.100, 119
Trd, 258641.117, 111
Trd, 258641.200, 119
Trd, 258641.700, 123
Trd, 258641.883, 122
Trd, 258642.183, 115
Trd, 258642.400, 124
Trd, 258642.583, 129
Trd, 258642.633, 110
Trd, 258642.717, 109
Trd, 258642.900, 118
Trd, 258643.067, 119
Trd, 258643.283, 110
Trd, 258643.400, 108
Trd, 258643.417, 128
Trd, 258643.500, 102
Trd, 258643.717, 140
Trd, 258643.733, 132
Trd, 258644.150, 124
Trd, 258644.217, 123
Trd, 258644.617, 109
Trd, 258644.950, 125
Trd, 258645.217, 111
Trd, 258645.367, 137
Trd, 258645.933, 112
Trd, 258646.067, 128
Trd, 258646.467, 105
Trd, 258646.983, 134
Trd, 258647.317, 129
Trd, 258647.450, 128
Trd, 258647.483, 125
Trd, 258647.617, 120
Trd, 258647.683, 120
Trd, 258648.217, 115
Trd, 258649.283, 135
Trd, 258649.617, 140
Trd, 258649.733, 122
Trd, 258649.783, 120
Trd, 258649.867, 115
Trd, 258650.067, 112
Trd, 258650.167, 104
Trd, 258650.300, 139
Trd, 258650.417, 128
Trd, 258650.783, 132
Trd, 258650.867, 139
Trd, 258651.067, 110
Trd, 258651.167, 113
Trd, 258651.300, 108
Trd, 258651.600, 103
Trd, 258651.900, 107
Trd, 258652.283, 130
Trd, 258652.700, 108
Trd, 258652.883, 111
Trd, 258652.983, 99
Trd, 258653.367, 102
Trd, 258653.483, 131
Trd, 258653.650, 102
Trd, 258654.150, 132
Trd, 258654.367, 128
Trd, 258654.517, 121
Trd, 258654.567, 119
Trd, 258654.867, 139
Trd, 258655.067, 130
Trd, 258655.133, 114
Trd, 258655.417, 133
Trd, 258655.683, 137
Trd, 258656.533, 132
Trd, 258656.550, 125
Trd, 258656.600, 125
Trd, 258656.850, 136
Trd, 258656.883, 135
Trd, 258657.067, 132
Trd, 258657.133, 116
Trd, 258657.233, 130
Trd, 258657.267, 110
Trd, 258657.683, 104
Trd, 258657.900, 97
Trd, 258658.667, 128
Trd, 258658.983, 112
Trd, 258659.267, 123
Trd, 258659.383, 135
Trd, 258659.533, 106
Trd, 258659.700, 124
Trd, 258659.983, 123
Trd, 258660.083, 120
Trd, 258660.300, 124
Trd, 258660.583, 115
Trd, 258660.833, 111
Trd, 258660.917, 125
Trd, 258661.333, 121
Trd, 258661.750, 115
Trd, 258661.867, 111
Trd, 258662.217, 132
Trd, 258662.267, 99
Trd, 258662.633, 128
Trd, 258662.883, 127
Trd, 258662.933, 133
Trd, 258663.550, 114
Trd, 258663.917, 132
Trd, 258664.050, 136
Trd, 258664.350, 137
Trd, 258664.500, 136
Trd, 258664.800, 131
Trd, 258664.933, 131
Trd, 258665.300, 123
Trd, 258665.850, 138
Trd, 258666.300, 135
Trd, 258666.433, 134
Trd, 258666.667, 129
Trd, 258666.850, 128
Trd, 258666.883, 124
Trd, 258667.000, 115
Trd, 258667.133, 115
Trd, 258667.250, 110
Trd, 258667.800, 116
Trd, 258668.067, 111
Trd, 258668.100, 108
Trd, 258668.200, 114
Trd, 258668.233, 134
Trd, 258668.483, 104
Trd, 258668.883, 97
Trd, 258669.450, 109
Trd, 258669.600, 104
Trd, 258669.667, 103
Trd, 258670.033, 108
Trd, 258670.183, 109
Trd, 258670.283, 106
Trd, 258670.383, 99
Trd, 258670.500, 109
Trd, 258670.550, 129
Trd, 258670.650, 129
Trd, 258670.983, 140
Trd, 258671.250, 109
Trd, 258671.350, 95
Trd, 258671.367, 93
Trd, 258671.650, 87
Trd, 258672.200, 114
Trd, 258672.567, 111
Trd, 258674.100, 133
Trd, 258674.117, 122
Trd, 258674.200, 122
Trd, 258674.367, 130
Trd, 258674.417, 118
Trd, 258674.450, 109
Trd, 258674.850, 112
Trd, 258674.883, 106
Trd, 258675.183, 121
Trd, 258675.283, 123
Trd, 258675.583, 99
Trd, 258675.950, 119
Trd, 258676.150, 109
Trd, 258676.183, 102
Trd, 258676.267, 111
Trd, 258676.683, 128
Trd, 258676.733, 93
Trd, 258677.733, 136
Trd, 258677.750, 108
Trd, 258678.117, 140
Trd, 258678.250, 112
Trd, 258678.533, 119
Trd, 258678.867, 127
Trd, 258679.200, 133
Trd, 258679.350, 132
Trd, 258679.633, 133
Trd, 258679.733, 130
Trd, 258680.233, 126
Trd, 258680.450, 125
Trd, 258680.533, 121
Trd, 258680.550, 120
Trd, 258680.717, 120
Trd, 258680.917, 116
Trd, 258681.600, 129
Trd, 258681.667, 139
Trd, 258681.900, 134
Trd, 258681.967, 123
Trd, 258682.000, 120
Trd, 258682.467, 128
Trd, 258682.600, 109
Trd, 258683.050, 137
Trd, 258683.800, 102
Trd, 258683.883, 96
Trd, 258684.333, 130
Trd, 258684.400, 96
Trd, 258684.450, 96
Trd, 258684.750, 109
Trd, 258685.567, 115
Trd, 258685.883, 120
Trd, 258685.967, 124
Trd, 258686.100, 110
Trd, 258686.150, 102
Trd, 258686.250, 105
Trd, 258686.400, 94
Trd, 258686.733, 115
Trd, 258686.750, 121
Trd, 258687.050, 116
Trd, 258687.317, 130
Trd, 258687.917, 120
Trd, 258687.933, 118
Trd, 258688.183, 120
Trd, 258688.200, 110
Trd, 258688.317, 109
Trd, 258688.500, 130
Trd, 258688.800, 122
Trd, 258689.033, 107
Trd, 258689.083, 106
Trd, 258689.567, 135
Trd, 258689.683, 128
Trd, 258690.450, 134
Trd, 258690.550, 133
Trd, 258691.333, 127
Trd, 258691.433, 126
Trd, 258691.550, 124
Trd, 258691.800, 131
Trd, 258692.033, 116
Trd, 258692.150, 105
Trd, 258692.250, 104
Trd, 258692.333, 100
Trd, 258692.517, 125
Trd, 258692.617, 107
Trd, 258692.800, 99
Trd, 258693.350, 128
Trd, 258693.600, 123
Trd, 258693.633, 119
Trd, 258693.817, 119
Trd, 258694.617, 135
Trd, 258695.183, 136
Trd, 258695.700, 132
Trd, 258695.733, 122
Trd, 258695.883, 121
Trd, 258696.000, 117
Trd, 258696.167, 121
Trd, 258696.417, 121
Trd, 258696.567, 129
Trd, 258696.950, 121
Trd, 258696.967, 116
Trd, 258697.067, 109
Trd, 258697.233, 135
Trd, 258697.450, 128
Trd, 258697.767, 126
Trd, 258697.817, 102
Trd, 258698.017, 110
Trd, 258698.067, 114
Trd, 258698.367, 112
Trd, 258698.467, 118
Trd, 258698.900, 104
Trd, 258699.050, 99
Trd, 258699.217, 137
Trd, 258699.450, 101
Trd, 258699.467, 96
Trd, 258699.683, 86
Trd, 258699.800, 116
Trd, 258699.900, 103
Trd, 258700.067, 115
Trd, 258700.267, 109
Trd, 258700.617, 95
Trd, 258701.633, 115
Trd, 258701.650, 120
Trd, 258701.700, 108
Trd, 258702.250, 136
Trd, 258702.783, 138
Trd, 258703.067, 132
Trd, 258703.717, 129
Trd, 258703.750, 128
Trd, 258703.967, 133
Trd, 258704.183, 138
Trd, 258704.250, 134
Trd, 258705.117, 131
Trd, 258705.483, 133
Trd, 258705.700, 124
Trd, 258705.817, 122
Trd, 258705.833, 121
Trd, 258705.917, 119
Trd, 258706.183, 103
Trd, 258706.617, 116
Trd, 258707.017, 103
Trd, 258707.217, 101
Trd, 258707.483, 133
Trd, 258707.900, 139
Trd, 258708.317, 124
Trd, 258708.483, 119
Trd, 258708.917, 117
Trd, 258709.083, 107
Trd, 258709.183, 106
Trd, 258709.300, 102
Trd, 258709.367, 116
Trd, 258709.417, 95
Trd, 258709.667, 128
Trd, 258710.467, 118
Trd, 258710.617, 128
Trd, 258710.700, 120
Trd, 258710.717, 113
Trd, 258710.783, 105
Trd, 258710.833, 102
Trd, 258711.300, 115
Trd, 258711.550, 93
Trd, 258712.283, 106
Trd, 258712.317, 99
Trd, 258712.467, 101
Trd, 258712.600, 97
Trd, 258712.783, 100
Trd, 258712.833, 89
Trd, 258713.283, 138
Trd, 258713.667, 122
Trd, 258713.683, 120
Trd, 258713.817, 120
Trd, 258714.233, 109
Trd, 258714.283, 106
Trd, 258714.300, 99
Trd, 258714.667, 139
Trd, 258714.817, 109
Trd, 258714.900, 114
Trd, 258715.733, 128
Trd, 258715.817, 115
Trd, 258716.067, 114
Trd, 258716.333, 132
Trd, 258716.450, 120
Trd, 258717.000, 120
Trd, 258717.100, 116
Trd, 258717.350, 121
Trd, 258717.417, 118
Trd, 258717.483, 112
Trd, 258717.733, 123
Trd, 258717.883, 113
Trd, 258718.033, 128
Trd, 258718.167, 111
Trd, 258718.517, 108
Trd, 258718.950, 137
Trd, 258719.233, 113
Trd, 258719.367, 107
Trd, 258719.450, 122
Trd, 258719.567, 104
Trd, 258719.583, 100
Trd, 258719.833, 95
Trd, 258720.383, 94
Trd, 258720.633, 127
Trd, 258720.833, 122
Trd, 258721.067, 140
Trd, 258721.133, 122
Trd, 258721.300, 125
Trd, 258721.983, 118
Trd, 258722.533, 118
Trd, 258722.800, 129
Trd, 258723.033, 117
Trd, 258723.083, 138
Trd, 258723.217, 138
Trd, 258724.250, 137
Trd, 258724.317, 123
Trd, 258724.400, 122
Trd, 258725.117, 136
Trd, 258725.333, 139
Trd, 258725.417, 116
Trd, 258726.117, 139
Trd, 258726.167, 121
Trd, 258726.683, 129
Trd, 258726.867, 127
Trd, 258727.000, 122
Trd, 258727.067, 129
Trd, 258727.150, 121
Trd, 258727.267, 136
Trd, 258727.450, 115
Trd, 258727.500, 111
Trd, 258727.917, 108
Trd, 258728.233, 94
Trd, 258728.433, 98
Trd, 258728.483, 93
Trd, 258728.600, 118
Trd, 258728.633, 106
Trd, 258728.767, 99
Trd, 258729.183, 89
Trd, 258729.283, 119
Trd, 258729.600, 121
Trd, 258729.933, 127
Trd, 258730.700, 103
Trd, 258731.100, 138
Trd, 258731.300, 123
Trd, 258731.333, 110
Trd, 258731.583, 103
Trd, 258731.683, 128
Trd, 258731.700, 88
Trd, 258731.867, 99
Trd, 258732.050, 128
Trd, 258732.383, 131
Trd, 258732.817, 139
Trd, 258733.167, 130
Trd, 258733.217, 121
Trd, 258733.433, 134
Trd, 258734.083, 139
Trd, 258734.367, 125
Trd, 258734.450, 120
Trd, 258735.117, 135
Trd, 258735.167, 127
Trd, 258735.417, 127
Trd, 258735.567, 123
Trd, 258735.650, 120
Trd, 258735.800, 130
Trd, 258735.867, 117
Trd, 258735.900, 117
Trd, 258736.533, 123
Trd, 258736.883, 120
Trd, 258736.900, 114
Trd, 258737.283, 126
Trd, 258737.367, 132
Trd, 258737.467, 116
Trd, 258738.167, 140
Trd, 258738.250, 122
Trd, 258738.283, 120
Trd, 258738.583, 137
Trd, 258738.667, 118
Trd, 258739.383, 111
Trd, 258739.517, 110
Trd, 258739.617, 110
Trd, 258739.717, 94
Trd, 258740.100, 136
Trd, 258740.233, 117
Trd, 258740.417, 123
Trd, 258740.800, 101
Trd, 258741.017, 133
Trd, 258741.233, 121
Trd, 258741.800, 139
Trd, 258742.000, 133
Trd, 258742.100, 131
Trd, 258742.283, 123
Trd, 258742.500, 115
Trd, 258742.700, 137
Trd, 258743.500, 105
Trd, 258743.533, 106
Trd, 258743.650, 117
Trd, 258743.783, 111
Trd, 258744.117, 109
Trd, 258744.417, 121
Trd, 258745.183, 117
Trd, 258745.567, 112
Trd, 258745.867, 124
Trd, 258745.917, 110
Trd, 258746.050, 126
Trd, 258746.133, 108
Trd, 258746.317, 126
Trd, 258746.467, 120
Trd, 258746.483, 135
Trd, 258746.600, 106
Trd, 258747.167, 96
Trd, 258747.300, 106
Trd, 258747.483, 107
Trd, 258747.533, 95
Trd, 258747.783, 132
Trd, 258747.917, 124
Trd, 258748.000, 114
Trd, 258748.050, 132
Trd, 258748.933, 97
Trd, 258749.033, 84
Trd, 258749.167, 135
Trd, 258749.833, 129
Trd, 258749.917, 114
Trd, 258750.150, 119
Trd, 258750.300, 139
Trd, 258750.483, 140
Trd, 258750.833, 138
Trd, 258750.933, 118
Trd, 258751.717, 127
Trd, 258751.733, 121
Trd, 258751.767, 116
Trd, 258752.200, 121
Trd, 258752.817, 124
Trd, 258753.200, 115
Trd, 258753.300, 128
Trd, 258753.317, 108
Trd, 258753.467, 119
Trd, 258753.533, 124
Trd, 258753.667, 116
Trd, 258754.067, 108
Trd, 258754.383, 107
Trd, 258754.550, 106
Trd, 258754.600, 128
Trd, 258754.683, 104
Trd, 258755.233, 103
Trd, 258755.950, 112
Trd, 258756.083, 139
Trd, 258756.533, 138
Trd, 258756.950, 115
Trd, 258757.517, 137
Trd, 258757.783, 120
Trd, 258757.850, 120
Trd, 258757.917, 117
Trd, 258757.967, 114
Trd, 258758.050, 109
Trd, 258758.250, 121
Trd, 258758.317, 108
Trd, 258758.933, 130
Trd, 258759.283, 130
Trd, 258759.367, 109
Trd, 258759.767, 109
Trd, 258760.400, 133
Trd, 258760.833, 115
Trd, 258760.900, 109
Trd, 258761.150, 105
Trd, 258761.200, 105
Trd, 258761.867, 118
Trd, 258761.983, 133
Trd, 258762.050, 112
Trd, 258762.150, 105
Trd, 258762.600, 137
Trd, 258763.117, 127
Trd, 258763.233, 121
Trd, 258763.300, 120
Trd, 258763.483, 123
Trd, 258763.583, 107
Trd, 258763.683, 105
Trd, 258764.117, 111
Trd, 258764.617, 118
Trd, 258764.833, 99
Trd, 258765.200, 131
Trd, 258765.883, 123
Trd, 258765.983, 112
Trd, 258766.100, 137
Trd, 258766.367, 134
Trd, 258766.533, 132
Trd, 258766.950, 126
Trd, 258767.333, 132
Trd, 258767.350, 128
Trd, 258767.517, 127
Trd, 258767.650, 115
Trd, 258767.800, 111
Trd, 258767.867, 110
Trd, 258768.000, 101
Trd, 258768.117, 128
Trd, 258768.517, 115
Trd, 258768.567, 113
Trd, 258768.933, 107
Trd, 258768.967, 114
Trd, 258769.417, 124
Trd, 258769.717, 119
Trd, 258769.933, 109
Trd, 258770.167, 128
Trd, 258770.667, 137
Trd, 258770.717, 128
Trd, 258770.817, 121
Trd, 258771.017, 109
Trd, 258771.133, 108
Trd, 258771.733, 120
Trd, 258772.150, 111
Trd, 258772.217, 107
Trd, 258772.717, 119
Trd, 258772.767, 139
Trd, 258773.300, 138
Trd, 258773.550, 129
Trd, 258773.733, 129
Trd, 258773.750, 108
Trd, 258773.767, 105
Trd, 258774.333, 129
Trd, 258774.350, 125
Trd, 258774.383, 122
Trd, 258774.617, 133
Trd, 258774.650, 136
Trd, 258774.683, 113
Trd, 258775.383, 121
Trd, 258775.517, 109
Trd, 258775.783, 140
Trd, 258775.967, 122
Trd, 258776.100, 113
Trd, 258776.233, 109
Trd, 258776.333, 123
Trd, 258776.950, 95
Trd, 258777.350, 137
Trd, 258777.400, 123
Trd, 258778.083, 115
Trd, 258778.317, 123
Trd, 258778.567, 99
Trd, 258778.583, 118
Trd, 258778.633, 131
Trd, 258778.717, 97
Trd, 258779.200, 112
Trd, 258779.300, 104
Trd, 258779.567, 111
Trd, 258779.583, 120
Trd, 258779.667, 107
Trd, 258779.750, 92
Trd, 258780.083, 101
Trd, 258780.150, 105
Trd, 258780.550, 99
Trd, 258780.933, 102
Trd, 258781.017, 97
Trd, 258781.067, 93
Trd, 258781.100, 99
Trd, 258781.183, 103
Trd, 258782.383, 115
Trd, 258782.483, 105
Trd, 258782.550, 126
Trd, 258782.717, 137
Trd, 258782.800, 120
Trd, 258782.983, 121
Trd, 258783.167, 105
Trd, 258783.400, 102
Trd, 258784.017, 98
Trd, 258784.150, 112
Trd, 258784.583, 107
Trd, 258784.733, 97
Trd, 258785.150, 110
Trd, 258785.217, 106
Trd, 258785.283, 119
Trd, 258785.300, 113
Trd, 258785.767, 138
Trd, 258785.933, 117
Trd, 258785.950, 99
Trd, 258786.300, 98
Trd, 258786.517, 93
Trd, 258786.750, 121
Trd, 258787.317, 139
Trd, 258787.467, 127
Trd, 258787.517, 119
Trd, 258787.600, 98
Trd, 258788.317, 138
Trd, 258788.367, 126
Trd, 258788.517, 140
Trd, 258788.550, 132
Trd, 258788.783, 123
Trd, 258789.267, 122
Trd, 258789.350, 110
Trd, 258789.650, 115
Trd, 258789.717, 104
Trd, 258789.783, 107
Trd, 258789.867, 134
Trd, 258790.150, 136
Trd, 258790.200, 107
Trd, 258790.683, 102
Trd, 258791.067, 92
Trd, 258791.367, 100
Trd, 258792.067, 134
Trd, 258792.300, 122
Trd, 258792.383, 134
Trd, 258792.733, 132
Trd, 258793.450, 121
Trd, 258793.483, 109
Trd, 258793.783, 140
Trd, 258794.083, 139
Trd, 258794.150, 130
Trd, 258794.200, 140
Trd, 258794.233, 139
Trd, 258794.583, 122
Trd, 258794.750, 114
Trd, 258794.967, 138
Trd, 258795.400, 96
Trd, 258795.733, 118
Trd, 258795.817, 100
Trd, 258796.050, 102
Trd, 258796.300, 127
Trd, 258796.433, 116
Trd, 258796.933, 125
Trd, 258797.033, 118
Trd, 258797.117, 116
Trd, 258797.433, 140
Trd, 258797.483, 130
Trd, 258797.500, 110
Trd, 258797.667, 106
Trd, 258798.200, 135
Trd, 258798.283, 123
Trd, 258798.417, 135
Trd, 258798.567, 128
Trd, 258798.683, 131
Trd, 258798.850, 112
Trd, 258798.933, 121
Trd, 258799.167, 109
Trd, 258799.183, 95
Trd, 258799.433, 97
Trd, 258799.483, 96
Trd, 258799.917, 115
Trd, 258800.217, 128
Trd, 258800.483, 117
Trd, 258800.767, 103
Trd, 258801.083, 104
Trd, 258801.100, 103
Trd, 258801.367, 139
Trd, 258801.933, 121
Trd, 258802.083, 107
Trd, 258802.317, 125
Trd, 258802.333, 121
Trd, 258802.433, 101
Trd, 258802.500, 93
Trd, 258802.850, 124
Trd, 258803.367, 124
Trd, 258803.433, 123
Trd, 258803.517, 115
Trd, 258803.583, 111
Trd, 258803.867, 124
Trd, 258803.933, 115
Trd, 258804.233, 99
Trd, 258804.417, 128
Trd, 258804.900, 96
Trd, 258805.267, 89
Trd, 258805.317, 87
Trd, 258805.350, 83
Trd, 258805.817, 81
Trd, 258806.033, 84
Trd, 258806.350, 115
Trd, 258806.783, 99
Trd, 258806.817, 95
Trd, 258807.050, 115
Trd, 258807.100, 123
Trd, 258807.267, 87
Trd, 258807.483, 130
Trd, 258807.717, 122
Trd, 258808.050, 134
Trd, 258808.367, 129
Trd, 258808.750, 126
Trd, 258808.800, 126
Trd, 258809.583, 140
Trd, 258809.733, 135
Trd, 258809.900, 139
Trd, 258809.950, 133
Trd, 258810.600, 137
Trd, 258810.900, 135
Trd, 258811.267, 135
Trd, 258811.533, 129
Trd, 258811.583, 127
Trd, 258811.900, 127
Trd, 258812.450, 130
Trd, 258812.583, 125
Trd, 258813.050, 125
Trd, 258813.817, 133
Trd, 258813.867, 122
Trd, 258813.950, 121
Trd, 258814.067, 121
Trd, 258814.083, 117
Trd, 258814.117, 117
Trd, 258814.467, 135
Trd, 258814.583, 134
Trd, 258814.667, 111
Trd, 258814.717, 109
Trd, 258815.033, 106
Trd, 258815.167, 103
Trd, 258815.533, 136
Trd, 258815.767, 97
Trd, 258815.833, 94
Trd, 258816.067, 86
Trd, 258816.350, 101
Trd, 258816.433, 94
Trd, 258816.483, 112
Trd, 258816.650, 121
Trd, 258816.950, 113
Trd, 258817.250, 110
Trd, 258817.433, 114
Trd, 258817.683, 121
Trd, 258817.867, 128
Trd, 258818.050, 136
Trd, 258818.233, 120
Trd, 258818.300, 123
Trd, 258818.333, 120
Trd, 258818.483, 140
Trd, 258819.383, 114
Trd, 258821.233, 125
Trd, 258821.450, 114
Trd, 258821.750, 109
Trd, 258821.767, 107
Trd, 258821.867, 106
Trd, 258821.900, 112
Trd, 258822.250, 103
Trd, 258822.433, 102
Trd, 258822.450, 116
Trd, 258822.500, 96
Trd, 258822.967, 138
Trd, 258823.350, 137
Trd, 258823.400, 125
Trd, 258823.700, 129
Trd, 258823.783, 132
Trd, 258824.067, 130
Trd, 258824.433, 139
Trd, 258824.583, 118
Trd, 258824.767, 118
Trd, 258824.783, 113
Trd, 258824.983, 126
Trd, 258825.133, 104
Trd, 258825.883, 82
Trd, 258825.967, 78
Trd, 258826.550, 75
Trd, 258826.633, 79
Trd, 258826.750, 90
Trd, 258827.033, 105
Trd, 258827.067, 70
Trd, 258827.267, 78
Trd, 258827.333, 108
Trd, 258828.067, 132
Trd, 258828.083, 129
Trd, 258828.100, 120
Trd, 258828.233, 115
Trd, 258828.317, 112
Trd, 258828.500, 94
Trd, 258828.650, 124
Trd, 258829.150, 113
Trd, 258829.183, 109
Trd, 258830.267, 139
Trd, 258830.483, 130
Trd, 258830.533, 129
Trd, 258830.567, 122
Trd, 258831.033, 112
Trd, 258831.100, 117
Trd, 258831.150, 110
Trd, 258831.583, 119
Trd, 258831.600, 109
Trd, 258832.117, 128
Trd, 258832.183, 122
Trd, 258832.783, 121
Trd, 258833.017, 118
Trd, 258833.300, 119
Trd, 258833.967, 128
Trd, 258834.133, 118
Trd, 258834.317, 130
Trd, 258834.500, 140
Trd, 258834.533, 123
Trd, 258834.583, 114
Trd, 258834.717, 118
Trd, 258835.267, 128
Trd, 258835.700, 110
Trd, 258836.050, 113
Trd, 258836.117, 104
Trd, 258836.133, 107
Trd, 258836.183, 102
Trd, 258836.367, 132
Trd, 258836.500, 124
Trd, 258836.967, 136
Trd, 258837.217, 134
Trd, 258837.367, 121
Trd, 258837.633, 112
Trd, 258838.067, 118
Trd, 258838.417, 98
Trd, 258838.683, 140
Trd, 258838.867, 123
Trd, 258839.017, 124
Trd, 258839.050, 115
Trd, 258839.333, 115
Trd, 258839.800, 128
Trd, 258839.850, 104
Trd, 258840.983, 100
Trd, 258841.033, 107
Trd, 258841.233, 119
Trd, 258841.467, 117
Trd, 258841.933, 115
Trd, 258842.267, 118
Trd, 258842.283, 114
Trd, 258842.583, 110
Trd, 258842.750, 116
Trd, 258843.233, 130
Trd, 258843.267, 116
Trd, 258843.850, 128
Trd, 258844.167, 129
Trd, 258844.283, 114
Trd, 258844.717, 125
Trd, 258845.583, 135
Trd, 258845.633, 134
Trd, 258845.700, 123
Trd, 258845.833, 121
Trd, 258846.050, 139
Trd, 258846.450, 138
Trd, 258846.533, 126
Trd, 258846.950, 121
Trd, 258847.267, 134
Trd, 258847.367, 112
Trd, 258847.533, 133
Trd, 258847.667, 140
Trd, 258847.983, 114
Trd, 258848.183, 130
Trd, 258848.983, 126
Trd, 258849.517, 122
Trd, 258849.733, 117
Trd, 258849.900, 137
Trd, 258850.250, 125
Trd, 258850.417, 114
Trd, 258850.633, 111
Trd, 258850.683, 102
Trd, 258850.750, 101
Trd, 258851.033, 116
Trd, 258851.183, 124
Trd, 258851.650, 114
Trd, 258851.900, 110
Trd, 258852.383, 103
Trd, 258852.950, 101
Trd, 258853.633, 107
Trd, 258854.050, 132
Trd, 258854.100, 117
Trd, 258854.233, 109
Trd, 258854.533, 119
Trd, 258854.617, 133
Trd, 258854.667, 103
Trd, 258855.083, 135
Trd, 258855.183, 132
Trd, 258855.283, 124
Trd, 258855.567, 109
Trd, 258856.433, 117
Trd, 258856.750, 124
Trd, 258857.317, 128
Trd, 258857.583, 126
Trd, 258858.350, 130
Trd, 258858.433, 135
Trd, 258858.633, 122
Trd, 258859.033, 136
Trd, 258859.100, 135
Trd, 258859.167, 125
Trd, 258859.467, 136
Trd, 258859.517, 122
Trd, 258859.750, 119
Trd, 258860.083, 127
Trd, 258860.333, 119
Trd, 258860.450, 117
Trd, 258860.650, 116
Trd, 258860.833, 106
Trd, 258860.983, 123
Trd, 258861.017, 106
Trd, 258861.133, 90
Trd, 258861.250, 89
Trd, 258861.633, 127
Trd, 258861.700, 112
Trd, 258862.000, 106
Trd, 258862.017, 104
Trd, 258862.167, 117
Trd, 258863.350, 130
Trd, 258863.517, 130
Trd, 258863.867, 124
Trd, 258864.233, 121
Trd, 258864.300, 123
Trd, 258864.417, 111
Trd, 258864.667, 129
Trd, 258864.867, 107
Trd, 258864.900, 106
Trd, 258865.333, 102
Trd, 258865.600, 131
Trd, 258865.833, 113
Trd, 258865.933, 126
Trd, 258866.133, 130
Trd, 258866.233, 127
Trd, 258866.750, 122
Trd, 258867.467, 136
Trd, 258867.583, 136
Trd, 258867.700, 133
Trd, 258867.833, 125
Trd, 258868.533, 127
Trd, 258869.000, 127
Trd, 258869.167, 137
Trd, 258869.333, 139
Trd, 258869.433, 126
Trd, 258869.450, 120
Trd, 258869.500, 117
Trd, 258869.933, 135
Trd, 258869.967, 116
Trd, 258870.017, 113
Trd, 258870.283, 118
Trd, 258870.733, 121
Trd, 258870.967, 114
Trd, 258871.183, 117
Trd, 258871.300, 113
Trd, 258871.367, 126
Trd, 258871.933, 137
Trd, 258872.117, 135
Trd, 258872.417, 135
Trd, 258872.533, 127
Trd, 258873.500, 132
Trd, 258873.533, 128
Trd, 258873.583, 123
Trd, 258873.967, 140
Trd, 258874.667, 128
Trd, 258875.033, 118
Trd, 258875.133, 104
Trd, 258875.150, 100
Trd, 258875.467, 127
Trd, 258875.533, 121
Trd, 258875.933, 108
Trd, 258876.350, 128
Trd, 258876.583, 133
Trd, 258876.750, 119
Trd, 258876.933, 124
Trd, 258876.950, 115
Trd, 258877.150, 131
Trd, 258877.250, 123
Trd, 258877.733, 118
Trd, 258877.817, 112
Trd, 258878.000, 106
Trd, 258878.083, 131
Trd, 258879.050, 138
Trd, 258879.067, 122
Trd, 258879.100, 111
Trd, 258879.583, 118
Trd, 258880.167, 106
Trd, 258880.367, 104
Trd, 258880.467, 131
Trd, 258880.800, 122
Trd, 258880.967, 122
Trd, 258881.200, 124
Trd, 258881.283, 112
Trd, 258881.483, 108
Trd, 258881.950, 124
Trd, 258882.017, 102
Trd, 258882.117, 126
Trd, 258882.500, 127
Trd, 258882.650, 87
Trd, 258883.050, 125
Trd, 258883.417, 106
Trd, 258883.550, 107
Trd, 258883.683, 111
Trd, 258883.933, 118
Trd, 258884.150, 117
Trd, 258884.317, 114
Trd, 258884.350, 106
Trd, 258884.600, 127
Trd, 258884.650, 109
Trd, 258884.933, 139
Trd, 258885.433, 139
Trd, 258886.200, 119
Trd, 258886.483, 125
Trd, 258886.583, 111
Trd, 258886.883, 109
Trd, 258886.950, 103
Trd, 258887.650, 113
Trd, 258887.717, 118
Trd, 258887.750, 111
Trd, 258888.000, 112
Trd, 258888.417, 138
Trd, 258888.533, 129
Trd, 258888.550, 128
Trd, 258888.733, 111
Trd, 258888.917, 118
Trd, 258888.967, 137
Trd, 258889.267, 126
Trd, 258889.867, 102
Trd, 258890.050, 101
Trd, 258890.100, 104
Trd, 258890.250, 108
Trd, 258891.283, 137
Trd, 258891.400, 135
Trd, 258891.517, 126
Trd, 258891.717, 105
Trd, 258891.850, 83
Trd, 258892.217, 112
Trd, 258892.550, 127
Trd, 258892.567, 111
Trd, 258892.633, 129
Trd, 258892.733, 112
Trd, 258892.817, 102
Trd, 258892.833, 101
Trd, 258893.900, 117
Trd, 258893.983, 123
Trd, 258894.200, 123
Trd, 258894.250, 125
Trd, 258894.467, 129
Trd, 258895.050, 128
Trd, 258895.117, 128
Trd, 258895.233, 135
Trd, 258895.967, 125
Trd, 258896.133, 116
Trd, 258896.150, 114
Trd, 258896.167, 114
Trd, 258896.217, 113
Trd, 258896.517, 138
Trd, 258896.700, 115
Trd, 258896.717, 114
Trd, 258896.833, 107
Trd, 258897.050, 130
Trd, 258897.450, 120
Trd, 258897.583, 125
Trd, 258897.683, 132
Trd, 258898.233, 121
Trd, 258898.333, 137
Trd, 258898.650, 99
Trd, 258898.817, 117
Trd, 258898.967, 89
Trd, 258899.450, 112
Trd, 258899.750, 112
Trd, 258899.800, 119
Trd, 258900.900, 136
Trd, 258901.000, 110
Trd, 258901.233, 99
Trd, 258902.250, 136
Trd, 258902.467, 118
Trd, 258902.483, 111
Trd, 258902.850, 128
Trd, 258903.250, 109
Trd, 258903.317, 128
Trd, 258903.467, 101
Trd, 258903.983, 114
Trd, 258904.017, 129
Trd, 258904.067, 114
Trd, 258904.400, 112
Trd, 258904.583, 107
Trd, 258904.733, 109
Trd, 258905.183, 125
Trd, 258905.200, 107
Trd, 258905.250, 136
Trd, 258905.700, 131
Trd, 258905.733, 120
Trd, 258905.767, 102
Trd, 258906.133, 128
Trd, 258906.433, 111
Trd, 258906.767, 140
Trd, 258907.217, 135
Trd, 258907.483, 138
Trd, 258907.583, 114
Trd, 258908.217, 135
Trd, 258908.550, 136
Trd, 258909.967, 137
Trd, 258910.533, 130
Trd, 258910.600, 129
Trd, 258910.617, 128
Trd, 258910.783, 129
Trd, 258911.150, 125
Trd, 258911.500, 128
Trd, 258911.633, 119
Trd, 258911.683, 128
Trd, 258911.700, 115
Trd, 258911.883, 114
Trd, 258912.200, 134
Trd, 258912.383, 133
Trd, 258912.417, 112
Trd, 258912.850, 110
Trd, 258913.017, 107
Trd, 258913.200, 106
Trd, 258913.633, 118
Trd, 258913.783, 105
Trd, 258914.283, 113
Trd, 258914.517, 108
Trd, 258914.667, 99
Trd, 258914.717, 97
Trd, 258914.783, 93
Trd, 258915.367, 122
Trd, 258915.600, 129
Trd, 258915.783, 136
Trd, 258915.883, 101
Trd, 258915.933, 95
Trd, 258916.150, 114
Trd, 258916.600, 122
Trd, 258917.167, 132
Trd, 258917.550, 130
Trd, 258917.800, 130
Trd, 258918.217, 126
Trd, 258918.333, 126
Trd, 258918.383, 118
Trd, 258918.417, 117
Trd, 258918.550, 132
Trd, 258919.017, 124
Trd, 258919.317, 136
Trd, 258919.367, 120
Trd, 258919.833, 114
Trd, 258920.400, 140
Trd, 258920.417, 102
Trd, 258920.983, 124
Trd, 258921.583, 126
Trd, 258921.667, 120
Trd, 258921.800, 118
Trd, 258921.850, 117
Trd, 258922.250, 135
Trd, 258922.467, 132
Trd, 258922.683, 123
Trd, 258923.583, 131
Trd, 258924.183, 137
Trd, 258924.217, 136
Trd, 258924.517, 124
Trd, 258924.600, 123
Trd, 258924.900, 117
Trd, 258925.200, 133
Trd, 258925.350, 135
Trd, 258925.433, 132
Trd, 258925.783, 121
Trd, 258925.833, 114
Trd, 258925.900, 108
Trd, 258926.083, 140
Trd, 258926.167, 124
Trd, 258926.367, 112
Trd, 258926.433, 106
Trd, 258926.467, 124
Trd, 258926.917, 90
Trd, 258926.983, 85
Trd, 258927.017, 84
Trd, 258927.183, 100
Trd, 258927.333, 88
Trd, 258927.400, 79
Trd, 258927.450, 86
Trd, 258927.533, 97
Trd, 258927.650, 108
Trd, 258928.800, 119
Trd, 258928.900, 112
Trd, 258929.000, 108
Trd, 258930.133, 133
Trd, 258930.200, 131
Trd, 258930.283, 136
Trd, 258930.383, 121
Trd, 258930.750, 132
Trd, 258930.800, 127
Trd, 258931.500, 116
Trd, 258931.750, 130
Trd, 258931.950, 110
Trd, 258932.150, 129
Trd, 258932.350, 128
Trd, 258932.450, 112
Trd, 258932.700, 127
Trd, 258933.750, 121
Trd, 258933.767, 115
Trd, 258933.967, 116
Trd, 258934.200, 114
Trd, 258934.550, 140
Trd, 258935.317, 113
Trd, 258935.350, 108
Trd, 258935.367, 103
Trd, 258935.617, 130
Trd, 258935.633, 118
Trd, 258935.850, 127
Trd, 258935.967, 115
Trd, 258936.217, 111
Trd, 258936.233, 106
Trd, 258936.433, 104
Trd, 258936.783, 126
Trd, 258936.867, 138
Trd, 258937.067, 114
Trd, 258937.100, 100
Trd, 258938.050, 135
Trd, 258938.250, 123
Trd, 258938.600, 111
Trd, 258938.717, 94
Trd, 258939.117, 133
Trd, 258939.867, 133
Trd, 258940.067, 131
Trd, 258940.900, 127
Trd, 258941.000, 127
Trd, 258941.767, 118
Trd, 258941.933, 114
Trd, 258942.350, 134
Trd, 258943.200, 140
Trd, 258943.217, 140
Trd, 258943.267, 118
Trd, 258943.350, 116
Trd, 258943.583, 115
Trd, 258944.117, 140
Trd, 258944.200, 127
Trd, 258944.233, 126
Trd, 258944.400, 140
Trd, 258944.533, 130
Trd, 258944.550, 125
Trd, 258944.683, 124
Trd, 258944.700, 123
Trd, 258944.717, 114
Trd, 258944.733, 113
Trd, 258945.350, 112
Trd, 258945.783, 135
Trd, 258945.950, 117
Trd, 258945.983, 112
Trd, 258946.067, 101
Trd, 258946.183, 111
Trd, 258946.267, 137
Trd, 258946.500, 128
Trd, 258946.633, 124
Trd, 258947.567, 111
Trd, 258947.783, 112
Trd, 258948.183, 107
Trd, 258948.283, 122
Trd, 258948.450, 108
Trd, 258948.817, 105
Trd, 258949.033, 121
Trd, 258949.200, 131
Trd, 258949.333, 120
Trd, 258949.367, 108
Trd, 258949.517, 127
Trd, 258949.550, 106
Trd, 258949.633, 123
Trd, 258949.917, 108
Trd, 258950.117, 125
Trd, 258950.333, 104
Trd, 258950.717, 127
Trd, 258951.067, 126
Trd, 258951.300, 103
Trd, 258951.533, 129
Trd, 258951.833, 122
Trd, 258952.083, 125
Trd, 258952.850, 123
Trd, 258953.100, 117
Trd, 258953.150, 116
Trd, 258953.233, 122
Trd, 258953.283, 121
Trd, 258953.367, 109
Trd, 258953.650, 125
Trd, 258954.250, 118
Trd, 258954.883, 111
Trd, 258954.950, 120
Trd, 258955.033, 106
Trd, 258955.217, 136
Trd, 258955.283, 114
Trd, 258955.333, 104
Trd, 258956.000, 105
Trd, 258956.067, 119
Trd, 258956.150, 98
Trd, 258956.583, 105
Trd, 258956.767, 96
Trd, 258957.200, 132
Trd, 258957.633, 139
Trd, 258957.717, 119
Trd, 258958.283, 136
Trd, 258958.467, 105
Trd, 258958.750, 129
Trd, 258958.900, 116
Trd, 258958.933, 115
Trd, 258959.233, 139
Trd, 258959.417, 113
Trd, 258959.683, 124
Trd, 258959.717, 100
Trd, 258960.683, 140
Trd, 258961.500, 131
Trd, 258961.600, 125
Trd, 258961.883, 139
Trd, 258962.100, 138
Trd, 258962.367, 122
Trd, 258962.950, 114
Trd, 258963.000, 109
Trd, 258963.200, 133
Trd, 258963.283, 107
Trd, 258963.300, 111
Trd, 258963.483, 122
Trd, 258963.500, 97
Trd, 258963.650, 136
Trd, 258964.017, 132
Trd, 258964.350, 133
Trd, 258964.500, 131
Trd, 258964.783, 131
Trd, 258965.217, 135
Trd, 258965.317, 133
Trd, 258965.650, 128
Trd, 258965.733, 121
Trd, 258965.783, 126
Trd, 258966.383, 120
Trd, 258966.417, 119
Trd, 258966.500, 119
Trd, 258966.567, 112
Trd, 258966.933, 111
Trd, 258966.983, 140
Trd, 258967.100, 129
Trd, 258967.267, 106
Trd, 258967.750, 134
Trd, 258968.350, 135
Trd, 258968.717, 134
Trd, 258968.900, 131
Trd, 258969.067, 118
Trd, 258969.433, 117
Trd, 258969.733, 117
Trd, 258969.900, 112
Trd, 258969.983, 105
Trd, 258970.317, 104
Trd, 258970.400, 112
Trd, 258970.550, 107
Trd, 258970.900, 112
Trd, 258970.967, 104
Trd, 258971.417, 118
Trd, 258971.583, 108
Trd, 258971.817, 97
Trd, 258972.400, 122
Trd, 258972.633, 131
Trd, 258973.017, 137
Trd, 258973.033, 121
Trd, 258973.067, 131
Trd, 258973.150, 120
Trd, 258973.167, 119
Trd, 258973.233, 119
Trd, 258973.950, 108
Trd, 258974.167, 108
Trd, 258974.667, 118
Trd, 258974.683, 106
Trd, 258974.767, 110
Trd, 258974.983, 119
Trd, 258975.017, 121
Trd, 258975.650, 123
Trd, 258976.150, 114
Trd, 258976.233, 119
Trd, 258976.750, 131
Trd, 258976.817, 107
Trd, 258976.833, 106
Trd, 258977.017, 125
Trd, 258977.267, 111
Trd, 258977.433, 107
Trd, 258977.717, 119
Trd, 258977.817, 117
Trd, 258978.767, 102
Trd, 258978.983, 107
Trd, 258979.183, 99
Trd, 258979.233, 109
Trd, 258979.683, 94
Trd, 258979.800, 113
Trd, 258979.850, 102
Trd, 258980.017, 117
Trd, 258980.033, 130
Trd, 258980.283, 135
Trd, 258980.300, 134
Trd, 258980.783, 110
Trd, 258980.917, 79
Trd, 258981.250, 140
Trd, 258981.600, 136
Trd, 258982.083, 117
Trd, 258982.367, 114
Trd, 258982.383, 103
Trd, 258982.617, 126
Trd, 258983.233, 135
Trd, 258983.267, 134
Trd, 258983.717, 135
Trd, 258983.817, 138
Trd, 258983.867, 135
Trd, 258984.167, 132
Trd, 258984.200, 134
Trd, 258984.550, 137
Trd, 258984.917, 139
Trd, 258985.300, 124
Trd, 258985.583, 128
Trd, 258985.667, 122
Trd, 258985.917, 131
Trd, 258986.267, 123
Trd, 258986.450, 133
Trd, 258987.300, 126
Trd, 258987.783, 133
Trd, 258987.817, 131
Trd, 258988.017, 121
Trd, 258988.217, 118
Trd, 258988.600, 122
Trd, 258988.750, 117
Trd, 258988.867, 134
Trd, 258988.900, 110
Trd, 258989.117, 108
Trd, 258989.200, 98
Trd, 258989.467, 108
Trd, 258989.783, 126
Trd, 258990.017, 97
Trd, 258990.217, 102
Trd, 258990.333, 96
Trd, 258990.800, 104
Trd, 258991.050, 134
Trd, 258991.267, 95
Trd, 258991.567, 129
Trd, 258991.600, 104
Trd, 258992.267, 100
Trd, 258992.483, 87
Trd, 258992.817, 87
Trd, 258992.883, 88
Trd, 258993.667, 94
Trd, 258993.967, 94
Trd, 258994.017, 93
Trd, 258994.067, 113
Trd, 258994.333, 122
Trd, 258994.367, 86
Trd, 258994.433, 85
Trd, 258994.700, 122
Trd, 258994.733, 108
Trd, 258994.800, 98
Trd, 258995.050, 137
Trd, 258995.717, 125
Trd, 258995.750, 111
Trd, 258996.017, 128
Trd, 258996.300, 138
Trd, 258996.350, 131
Trd, 258996.450, 121
Trd, 258996.467, 114
Trd, 258996.517, 113
Trd, 258996.767, 109
Trd, 258997.417, 106
Trd, 258997.667, 104
Trd, 258997.817, 100
Trd, 258998.050, 104
Trd, 258998.200, 121
Trd, 258998.217, 103
Trd, 258998.400, 129
Trd, 258998.533, 128
Trd, 258998.583, 101
Trd, 258998.900, 96
Trd, 258998.950, 94
Trd, 258999.083, 105
Trd, 258999.117, 108
Trd, 258999.483, 105
Trd, 258999.733, 127
Trd, 259000.000, 121
Trd, 259001.017, 139
Trd, 259001.117, 129
Trd, 259001.450, 125
Trd, 259001.533, 123
Trd, 259001.867, 120
Trd, 259002.083, 120
Trd, 259002.267, 107
Trd, 259002.833, 138
Trd, 259003.117, 123
Trd, 259003.383, 136
Trd, 259003.417, 127
Trd, 259003.450, 118
Trd, 259003.467, 114
Trd, 259003.667, 120
Trd, 259003.783, 101
Trd, 259004.167, 138
Trd, 259004.300, 126
Trd, 259004.450, 125
Trd, 259005.667, 127
Trd, 259005.833, 131
Trd, 259006.017, 121
Trd, 259006.050, 120
Trd, 259006.250, 112
Trd, 259006.283, 106
Trd, 259006.450, 103
Trd, 259006.817, 134
Trd, 259006.867, 139
Trd, 259007.000, 130
Trd, 259007.017, 102
Trd, 259008.567, 120
Trd, 259008.583, 113
Trd, 259008.733, 129
Trd, 259009.017, 127
Trd, 259009.117, 129
Trd, 259009.267, 130
Trd, 259009.367, 137
Trd, 259009.433, 122
Trd, 259009.917, 119
Trd, 259010.467, 118
Trd, 259010.517, 113
Trd, 259010.600, 133
Trd, 259010.767, 128
Trd, 259010.983, 125
Trd, 259011.250, 135
Trd, 259011.283, 128
Trd, 259011.733, 130
Trd, 259012.350, 138
Trd, 259012.700, 138
Trd, 259012.867, 133
Trd, 259012.917, 132
Trd, 259013.000, 127
Trd, 259013.983, 134
Trd, 259014.150, 112
Trd, 259014.300, 111
Trd, 259014.383, 106
Trd, 259014.433, 106
Trd, 259014.617, 116
Trd, 259014.933, 126
Trd, 259014.983, 125
Trd, 259015.283, 99
Trd, 259015.417, 106
Trd, 259015.600, 92
Trd, 259016.100, 92
Trd, 259016.167, 108
Trd, 259016.250, 86
Trd, 259016.567, 112
Trd, 259016.817, 113
Trd, 259017.117, 130
Trd, 259017.617, 129
Trd, 259018.217, 132
Trd, 259018.333, 130
Trd, 259018.483, 127
Trd, 259018.683, 125
Trd, 259019.083, 126
Trd, 259019.433, 119
Trd, 259019.717, 109
Trd, 259019.850, 102
Trd, 259020.117, 121
Trd, 259020.700, 110
Trd, 259021.317, 132
Trd, 259021.567, 118
Trd, 259021.683, 130
Trd, 259022.033, 131
Trd, 259022.067, 122
Trd, 259022.183, 135
Trd, 259022.600, 114
Trd, 259022.617, 112
Trd, 259022.717, 119
Trd, 259022.983, 118
Trd, 259023.083, 103
Trd, 259023.367, 116
Trd, 259023.733, 96
Trd, 259024.033, 136
Trd, 259024.250, 122
Trd, 259024.333, 118
Trd, 259024.450, 138
Trd, 259024.600, 114
Trd, 259024.767, 131
Trd, 259025.450, 120
Trd, 259025.567, 123
Trd, 259025.733, 127
Trd, 259026.267, 120
Trd, 259026.383, 116
Trd, 259026.450, 113
Trd, 259026.650, 123
Trd, 259026.683, 112
Trd, 259026.733, 128
Trd, 259026.750, 111
Trd, 259026.933, 112
Trd, 259027.450, 138
Trd, 259027.683, 122
Trd, 259027.750, 116
Trd, 259028.000, 125
Trd, 259028.150, 114
Trd, 259028.333, 140
Trd, 259028.533, 107
Trd, 259029.100, 100
Trd, 259029.317, 120
Trd, 259029.383, 95
Trd, 259029.683, 93
Trd, 259030.200, 122
Trd, 259030.333, 118
Trd, 259030.800, 136
Trd, 259030.900, 134
Trd, 259031.217, 132
Trd, 259031.333, 124
Trd, 259031.617, 123
Trd, 259031.683, 126
Trd, 259031.783, 122
Trd, 259031.817, 137
Trd, 259032.133, 136
Trd, 259032.417, 104
Trd, 259032.467, 113
Trd, 259032.517, 92
Trd, 259034.067, 128
Trd, 259034.533, 109
Trd, 259034.667, 109
Trd, 259034.800, 108
Trd, 259035.000, 94
Trd, 259035.533, 137
Trd, 259035.617, 133
Trd, 259036.200, 126
Trd, 259036.533, 125
Trd, 259036.633, 131
Trd, 259036.900, 133
Trd, 259037.017, 131
Trd, 259038.350, 139
Trd, 259038.467, 131
Trd, 259038.500, 129
Trd, 259038.533, 126
Trd, 259038.983, 126
Trd, 259039.267, 120
Trd, 259039.467, 130
Trd, 259039.667, 116
Trd, 259040.400, 131
Trd, 259040.500, 129
Trd, 259040.617, 121
Trd, 259040.867, 127
Trd, 259041.033, 128
Trd, 259041.083, 117
Trd, 259042.350, 102
Trd, 259042.417, 119
Trd, 259042.583, 91
Trd, 259042.633, 122
Trd, 259042.700, 89
Trd, 259043.000, 86
Trd, 259043.233, 101
Trd, 259043.350, 95
Trd, 259044.250, 120
Trd, 259044.500, 117
Trd, 259044.533, 127
Trd, 259044.800, 139
Trd, 259044.867, 134
Trd, 259045.200, 138
Trd, 259045.283, 135
Trd, 259046.217, 123
Trd, 259046.483, 134
Trd, 259046.583, 119
Trd, 259046.817, 138
Trd, 259046.883, 129
Trd, 259046.933, 126
Trd, 259046.967, 109
Trd, 259047.067, 106
Trd, 259047.333, 140
Trd, 259047.633, 109
Trd, 259047.967, 136
Trd, 259048.050, 102
Trd, 259048.450, 122
Trd, 259048.467, 108
Trd, 259048.517, 111
Trd, 259048.533, 106
Trd, 259049.550, 111
Trd, 259049.950, 114
Trd, 259050.200, 118
Trd, 259050.283, 135
Trd, 259050.367, 137
Trd, 259050.417, 107
Trd, 259050.467, 96
Trd, 259051.383, 97
Trd, 259051.883, 121
Trd, 259052.067, 96
Trd, 259052.300, 90
Trd, 259052.433, 111
Trd, 259052.500, 123
Trd, 259052.550, 108
Trd, 259052.717, 100
Trd, 259053.033, 100
Trd, 259053.133, 117
Trd, 259053.433, 92
Trd, 259053.783, 126
Trd, 259053.917, 110
Trd, 259054.233, 114
Trd, 259054.550, 91
Trd, 259054.800, 122
Trd, 259055.050, 129
Trd, 259055.433, 128
Trd, 259055.700, 120
Trd, 259055.767, 136
Trd, 259056.783, 138
Trd, 259056.867, 135
Trd, 259056.917, 132
Trd, 259057.300, 135
Trd, 259057.433, 134
Trd, 259057.933, 140
Trd, 259058.000, 135
Trd, 259058.217, 139
Trd, 259058.283, 138
Trd, 259058.467, 129
Trd, 259058.717, 120
Trd, 259058.950, 114
Trd, 259059.150, 111
Trd, 259059.400, 116
Trd, 259059.467, 130
Trd, 259059.750, 123
Trd, 259059.917, 131
Trd, 259059.967, 109
Trd, 259060.533, 116
Trd, 259060.900, 103
Trd, 259061.383, 106
Trd, 259061.500, 99
Trd, 259062.100, 130
Trd, 259062.333, 122
Trd, 259062.917, 138
Trd, 259063.067, 137
Trd, 259063.200, 124
Trd, 259063.217, 112
Trd, 259063.667, 114
Trd, 259064.150, 108
Trd, 259064.433, 113
Trd, 259064.550, 109
Trd, 259064.650, 135
Trd, 259064.700, 109
Trd, 259064.967, 122
Trd, 259065.200, 128
Trd, 259065.400, 132
Trd, 259065.917, 101
Trd, 259066.100, 131
Trd, 259066.350, 102
Trd, 259066.583, 102
Trd, 259067.133, 113
Trd, 259067.167, 111
Trd, 259067.317, 104
Trd, 259067.533, 101
Trd, 259067.600, 95
Trd, 259067.867, 118
Trd, 259068.183, 114
Trd, 259068.217, 101
Trd, 259068.250, 128
Trd, 259068.317, 109
Trd, 259068.717, 92
Trd, 259068.867, 113
Trd, 259069.000, 111
Trd, 259069.017, 132
Trd, 259069.250, 110
Trd, 259069.333, 109
Trd, 259070.000, 135
Trd, 259070.017, 124
Trd, 259071.167, 138
Trd, 259071.483, 137
Trd, 259071.900, 137
Trd, 259071.933, 136
Trd, 259071.950, 133
Trd, 259072.283, 132
Trd, 259072.683, 122
Trd, 259073.767, 120
Trd, 259073.967, 119
Trd, 259074.450, 139
Trd, 259074.483, 134
Trd, 259074.500, 130
Trd, 259075.200, 139
Trd, 259075.267, 127
Trd, 259075.333, 127
Trd, 259075.450, 129
Trd, 259075.883, 119
Trd, 259075.900, 118
Trd, 259075.933, 117
Trd, 259076.117, 106
Trd, 259076.917, 113
Trd, 259077.200, 140
Trd, 259077.333, 126
Trd, 259078.050, 135
Trd, 259078.183, 120
Trd, 259078.367, 120
Trd, 259078.517, 116
Trd, 259078.683, 115
Trd, 259078.717, 114
Trd, 259078.800, 111
Trd, 259078.867, 136
Trd, 259078.883, 111
Trd, 259079.017, 110
Trd, 259079.550, 124
Trd, 259079.867, 122
Trd, 259080.383, 106
Trd, 259080.633, 113
Trd, 259081.250, 114
Trd, 259081.317, 139
Trd, 259081.500, 116
Trd, 259081.767, 117
Trd, 259082.450, 134
Trd, 259082.867, 123
Trd, 259082.933, 112
Trd, 259082.983, 110
Trd, 259083.000, 109
Trd, 259083.300, 124
Trd, 259083.483, 115
Trd, 259083.767, 124
Trd, 259083.900, 105
Trd, 259084.333, 104
Trd, 259084.433, 119
Trd, 259084.500, 103
Trd, 259084.683, 127
Trd, 259084.700, 89
Trd, 259084.767, 88
Trd, 259085.100, 90
Trd, 259085.783, 100
Trd, 259085.833, 87
Trd, 259085.983, 87
Trd, 259086.067, 86
Trd, 259086.367, 106
Trd, 259086.700, 89
Trd, 259086.983, 110
Trd, 259087.217, 131
Trd, 259087.283, 122
Trd, 259087.383, 95
Trd, 259087.583, 77
Trd, 259087.700, 77
Trd, 259088.083, 123
Trd, 259088.250, 98
Trd, 259088.500, 125
Trd, 259088.833, 140
Trd, 259088.950, 120
Trd, 259089.317, 136
Trd, 259089.567, 134
Trd, 259089.683, 111
Trd, 259090.233, 110
Trd, 259090.250, 103
Trd, 259091.017, 120
Trd, 259091.167, 116
Trd, 259091.617, 131
Trd, 259091.833, 126
Trd, 259092.650, 137
Trd, 259092.700, 132
Trd, 259092.733, 130
Trd, 259092.783, 127
Trd, 259092.800, 117
Trd, 259093.200, 133
Trd, 259093.233, 124
Trd, 259093.400, 133
Trd, 259093.483, 135
Trd, 259093.700, 111
Trd, 259093.733, 111
Trd, 259094.100, 109
Trd, 259094.133, 92
Trd, 259094.200, 81
Trd, 259095.117, 137
Trd, 259095.517, 112
Trd, 259095.917, 135
Trd, 259096.417, 114
Trd, 259096.583, 133
Trd, 259096.600, 128
Trd, 259096.750, 132
Trd, 259096.867, 127
Trd, 259097.700, 137
Trd, 259097.917, 134
Trd, 259098.033, 128
Trd, 259098.333, 135
Trd, 259098.450, 126
Trd, 259099.133, 134
Trd, 259099.500, 130
Trd, 259099.817, 130
Trd, 259099.933, 120
Trd, 259100.100, 116
Trd, 259100.217, 115
Trd, 259100.500, 122
Trd, 259100.633, 134
Trd, 259100.767, 132
Trd, 259100.967, 119
Trd, 259101.183, 137
Trd, 259101.350, 112
Trd, 259101.433, 109
Trd, 259101.683, 105
Trd, 259101.900, 109
Trd, 259101.967, 119
Trd, 259102.500, 132
Trd, 259103.067, 136
Trd, 259103.100, 128
Trd, 259103.133, 117
Trd, 259103.617, 107
Trd, 259103.717, 104
Trd, 259104.033, 123
Trd, 259104.383, 125
Trd, 259104.517, 103
Trd, 259104.533, 132
Trd, 259104.617, 103
Trd, 259104.683, 100
Trd, 259104.800, 123
Trd, 259104.983, 100
Trd, 259105.383, 116
Trd, 259105.717, 119
Trd, 259105.750, 112
Trd, 259106.033, 139
Trd, 259106.700, 112
Trd, 259106.817, 111
Trd, 259108.250, 134
Trd, 259108.300, 130
Trd, 259108.733, 131
Trd, 259108.950, 124
Trd, 259109.150, 125
Trd, 259109.167, 124
Trd, 259109.650, 137
Trd, 259109.733, 116
Trd, 259109.800, 90
Trd, 259109.950, 119
Trd, 259110.350, 132
Trd, 259110.500, 125
Trd, 259110.750, 124
Trd, 259110.783, 122
Trd, 259111.117, 117
Trd, 259111.133, 115
Trd, 259111.617, 107
Trd, 259111.883, 107
Trd, 259111.917, 117
Trd, 259111.933, 118
Trd, 259112.117, 119
Trd, 259112.283, 122
Trd, 259113.183, 129
Trd, 259113.383, 128
Trd, 259113.417, 127
Trd, 259114.217, 127
Trd, 259114.233, 126
Trd, 259114.517, 122
Trd, 259114.683, 116
Trd, 259114.767, 110
Trd, 259115.317, 113
Trd, 259115.383, 127
Trd, 259115.850, 123
Trd, 259115.900, 114
Trd, 259116.000, 114
Trd, 259116.167, 102
Trd, 259116.317, 115
Trd, 259116.483, 120
Trd, 259116.600, 118
Trd, 259117.350, 114
Trd, 259117.367, 114
Trd, 259117.933, 127
Trd, 259118.000, 113
Trd, 259118.433, 122
Trd, 259118.850, 128
Trd, 259118.950, 127
Trd, 259119.150, 130
Trd, 259119.417, 139
Trd, 259119.650, 131
Trd, 259119.783, 130
Trd, 259120.117, 126
Trd, 259120.233, 110
Trd, 259120.700, 133
Trd, 259121.000, 139
Trd, 259121.100, 128
Trd, 259121.467, 128
Trd, 259121.617, 127
Trd, 259121.883, 115
Trd, 259121.900, 113
Trd, 259121.967, 96
Trd, 259122.133, 95
Trd, 259122.500, 124
Trd, 259122.817, 103
Trd, 259123.133, 129
Trd, 259123.217, 103
Trd, 259123.367, 97
Trd, 259124.133, 98
Trd, 259124.500, 130
Trd, 259124.517, 125
Trd, 259124.617, 123
Trd, 259124.750, 134
Trd, 259124.917, 93
Trd, 259124.983, 110
Trd, 259125.833, 123
Trd, 259125.867, 119
Trd, 259126.117, 136
Trd, 259126.733, 140
Trd, 259126.967, 132
Trd, 259127.417, 140
Trd, 259127.467, 130
Trd, 259127.683, 116
Trd, 259127.767, 125
Trd, 259128.467, 122
Trd, 259128.500, 108
Trd, 259129.433, 110
Trd, 259129.767, 139
Trd, 259129.917, 131
Trd, 259130.300, 120
Trd, 259130.617, 113
Trd, 259130.750, 134
Trd, 259130.883, 131
Trd, 259130.900, 131
Trd, 259131.267, 116
Trd, 259131.667, 135
Trd, 259132.067, 127
Trd, 259132.467, 125
Trd, 259132.683, 125
Trd, 259132.733, 122
Trd, 259133.017, 116
Trd, 259133.100, 130
Trd, 259133.400, 116
Trd, 259133.583, 111
Trd, 259133.600, 109
Trd, 259133.783, 129
Trd, 259133.833, 106
Trd, 259134.100, 101
Trd, 259134.417, 99
Trd, 259134.617, 104
Trd, 259134.900, 119
Trd, 259135.183, 91
Trd, 259135.450, 109
Trd, 259135.600, 123
Trd, 259135.850, 132
Trd, 259136.167, 116
Trd, 259136.217, 128
Trd, 259136.450, 124
Trd, 259136.950, 132
Trd, 259137.533, 109
Trd, 259137.600, 105
Trd, 259137.850, 138
Trd, 259138.150, 128
Trd, 259138.183, 114
Trd, 259138.533, 126
Trd, 259138.700, 110
Trd, 259138.750, 133
Trd, 259138.867, 133
Trd, 259139.000, 106
Trd, 259139.283, 98
Trd, 259139.367, 128
Trd, 259139.567, 91
Trd, 259139.767, 112
Trd, 259139.950, 87
Trd, 259140.233, 90
Trd, 259141.300, 113
Trd, 259141.417, 100
Trd, 259141.633, 95
Trd, 259141.733, 109
Trd, 259142.883, 140
Trd, 259143.033, 139
Trd, 259143.083, 125
Trd, 259143.350, 115
Trd, 259143.400, 110
Trd, 259143.767, 135
Trd, 259143.817, 136
Trd, 259143.917, 122
Trd, 259144.167, 118
Trd, 259144.300, 116
Trd, 259144.717, 106
Trd, 259144.800, 105
Trd, 259145.167, 114
Trd, 259145.717, 133
Trd, 259146.017, 124
Trd, 259146.167, 139
Trd, 259146.350, 118
Trd, 259146.367, 117
Trd, 259146.950, 128
Trd, 259147.267, 116
Trd, 259147.500, 116
Trd, 259147.967, 122
Trd, 259149.167, 139
Trd, 259149.200, 134
Trd, 259149.350, 132
Trd, 259149.567, 124
Trd, 259149.683, 118
Trd, 259150.150, 125
Trd, 259150.217, 124
Trd, 259150.467, 116
Trd, 259150.517, 110
Trd, 259150.667, 110
Trd, 259150.700, 103
Trd, 259150.767, 122
Trd, 259151.100, 128
Trd, 259151.433, 122
Trd, 259151.450, 103
Trd, 259151.517, 138
Trd, 259151.733, 136
Trd, 259151.750, 134
Trd, 259152.100, 125
Trd, 259152.150, 111
Trd, 259152.233, 127
Trd, 259152.300, 112
Trd, 259152.650, 110
Trd, 259152.717, 118
Trd, 259152.850, 123
Trd, 259153.000, 113
Trd, 259153.033, 126
Trd, 259153.400, 124
Trd, 259153.433, 109
Trd, 259153.500, 131
Trd, 259153.750, 102
Trd, 259154.233, 123
Trd, 259154.300, 114
Trd, 259154.950, 124
Trd, 259155.333, 138
Trd, 259155.417, 137
Trd, 259155.733, 110
Trd, 259155.867, 108
Trd, 259156.467, 111
Trd, 259156.633, 108
Trd, 259156.817, 102
Trd, 259156.950, 126
Trd, 259157.000, 111
Trd, 259157.300, 108
Trd, 259157.950, 111
Trd, 259158.383, 136
Trd, 259158.567, 138
Trd, 259158.667, 135
Trd, 259158.717, 128
Trd, 259159.383, 123
Trd, 259159.550, 128
Trd, 259159.933, 126
Trd, 259160.150, 131
Trd, 259160.633, 128
Trd, 259160.950, 128
Trd, 259160.967, 127
Trd, 259161.083, 140
Trd, 259161.100, 122
Trd, 259161.183, 119
Trd, 259161.383, 105
Trd, 259161.533, 123
Trd, 259161.867, 108
Trd, 259162.017, 118
Trd, 259162.317, 102
Trd, 259162.350, 120
Trd, 259162.467, 106
Trd, 259162.983, 134
Trd, 259163.550, 112
Trd, 259164.050, 140
Trd, 259164.267, 139
Trd, 259164.583, 132
Trd, 259164.950, 134
Trd, 259165.500, 139
Trd, 259165.517, 135
Trd, 259165.950, 135
Trd, 259166.283, 136
Trd, 259166.367, 125
Trd, 259166.400, 124
Trd, 259166.483, 124
Trd, 259166.767, 124
Trd, 259166.900, 122
Trd, 259167.133, 119
Trd, 259167.267, 112
Trd, 259167.433, 111
Trd, 259167.600, 115
Trd, 259169.117, 140
Trd, 259169.267, 135
Trd, 259169.367, 128
Trd, 259169.583, 140
Trd, 259169.783, 135
Trd, 259169.850, 129
Trd, 259170.133, 132
Trd, 259170.250, 132
Trd, 259170.667, 140
Trd, 259170.950, 135
Trd, 259171.850, 126
Trd, 259172.167, 124
Trd, 259172.317, 131
Trd, 259172.483, 125
Trd, 259172.650, 116
Trd, 259172.700, 112
Trd, 259173.200, 107
Trd, 259173.350, 116
Trd, 259173.450, 115
Trd, 259173.650, 135
Trd, 259173.783, 111
Trd, 259173.800, 109
Trd, 259173.917, 98
Trd, 259173.933, 95
Trd, 259174.883, 109
Trd, 259175.417, 111
Trd, 259175.550, 118
Trd, 259175.800, 106
Trd, 259176.100, 107
Trd, 259176.383, 132
Trd, 259176.567, 117
Trd, 259176.800, 127
Trd, 259177.367, 139
Trd, 259177.433, 121
Trd, 259177.833, 135
Trd, 259178.283, 112
Trd, 259178.400, 125
Trd, 259178.433, 117
Trd, 259178.517, 105
Trd, 259178.533, 101
Trd, 259178.600, 94
Trd, 259178.950, 104
Trd, 259179.250, 136
Trd, 259179.700, 138
Trd, 259179.833, 118
Trd, 259179.967, 112
Trd, 259180.350, 108
Trd, 259180.783, 120
Trd, 259180.800, 109
Trd, 259180.900, 107
Trd, 259181.533, 102
Trd, 259181.600, 101
Trd, 259181.883, 134
Trd, 259181.967, 103
Trd, 259182.050, 100
Trd, 259182.183, 132
Trd, 259182.483, 124
Trd, 259182.883, 119
Trd, 259183.033, 107
Trd, 259183.133, 137
Trd, 259183.283, 140
Trd, 259183.533, 137
Trd, 259183.833, 118
Trd, 259183.933, 112
Trd, 259184.067, 116
Trd, 259184.083, 94
Trd, 259184.350, 134
Trd, 259184.517, 93
Trd, 259184.833, 95
Trd, 259184.950, 97
Trd, 259185.633, 132
Trd, 259185.683, 112
Trd, 259186.067, 140
Trd, 259186.233, 140
Trd, 259186.250, 133
Trd, 259186.300, 127
Trd, 259186.617, 109
Trd, 259186.867, 103
Trd, 259186.900, 95
Trd, 259187.233, 129
Trd, 259187.567, 127
Trd, 259188.067, 127
Trd, 259188.100, 112
Trd, 259188.650, 134
Trd, 259188.850, 130
Trd, 259188.883, 122
Trd, 259189.117, 131
Trd, 259189.433, 129
Trd, 259189.500, 140
Trd, 259189.800, 121
Trd, 259190.367, 117
Trd, 259190.600, 129
Trd, 259190.850, 114
Trd, 259191.133, 130
Trd, 259191.167, 124
Trd, 259191.517, 116
Trd, 259191.883, 97
Trd, 259191.950, 102
Trd, 259192.083, 88
Trd, 259192.200, 82
Trd, 259192.267, 106
Trd, 259193.483, 94
Trd, 259193.700, 94
Trd, 259193.717, 112
Trd, 259193.817, 123
Trd, 259193.950, 126
Trd, 259194.283, 113
Trd, 259194.683, 129
Trd, 259194.900, 126
Trd, 259195.300, 126
Trd, 259195.450, 128
Trd, 259195.683, 131
Trd, 259195.883, 122
Trd, 259195.967, 118
Trd, 259196.433, 114
Trd, 259196.483, 107
Trd, 259196.600, 128
Trd, 259196.950, 129
Trd, 259197.267, 119
Trd, 259197.400, 118
Trd, 259197.467, 106
Trd, 259197.900, 114
Trd, 259198.517, 136
Trd, 259199.433, 128
Trd, 259199.583, 122
Trd, 259199.933, 125
Trd, 259199.950, 118
