Trd, 258602.433, 65
Trd, 258602.450, 66
Trd, 258602.717, 65
Trd, 258603.450, 60
Trd, 258603.533, 60
Trd, 258603.650, 60
Trd, 258603.733, 60
Trd, 258603.783, 60
Trd, 258604.083, 60
Trd, 258604.367, 60
Trd, 258604.567, 60
Trd, 258604.667, 60
Trd, 258604.850, 61
Trd, 258605.050, 60
Trd, 258605.100, 60
Trd, 258605.483, 60
Trd, 258605.517, 60
Trd, 258605.550, 60
Trd, 258605.783, 63
Trd, 258605.817, 62
Trd, 258605.983, 65
Trd, 258606.017, 61
Trd, 258606.083, 81
Trd, 258606.367, 63
Trd, 258606.533, 62
Trd, 258606.800, 138
Trd, 258607.400, 140
Trd, 258607.683, 140
Trd, 258607.950, 140
Trd, 258608.367, 140
Trd, 258608.933, 140
Trd, 258609.000, 140
Trd, 258609.067, 140
Trd, 258609.367, 140
Trd, 258609.700, 139
Trd, 258610.333, 139
Trd, 258610.433, 138
Trd, 258610.467, 128
Trd, 258612.100, 140
Trd, 258612.150, 140
Trd, 258612.383, 140
Trd, 258612.817, 140
Trd, 258613.033, 140
Trd, 258613.300, 140
Trd, 258613.450, 139
Trd, 258613.933, 140
Trd, 258614.000, 140
Trd, 258614.050, 140
Trd, 258614.117, 139
Trd, 258614.500, 128
Trd, 258614.667, 114
Trd, 258615.033, 101
Trd, 258615.133, 98
Trd, 258615.233, 133
Trd, 258615.283, 134
Trd, 258615.317, 99
Trd, 258615.333, 98
Trd, 258615.400, 136
Trd, 258615.567, 140
Trd, 258615.733, 140
Trd, 258615.767, 139
Trd, 258616.017, 93
Trd, 258616.333, 90
Trd, 258616.817, 134
Trd, 258616.867, 103
Trd, 258616.917, 81
Trd, 258617.550, 61
Trd, 258617.567, 62
Trd, 258617.683, 133
Trd, 258617.733, 134
Trd, 258618.167, 62
Trd, 258618.350, 131
Trd, 258618.417, 132
Trd, 258618.850, 64
Trd, 258619.000, 68
Trd, 258619.167, 68
Trd, 258619.233, 69
Trd, 258619.250, 63
Trd, 258619.300, 62
Trd, 258619.467, 62
Trd, 258619.483, 61
Trd, 258619.717, 62
Trd, 258619.867, 63
Trd, 258619.933, 64
Trd, 258620.433, 61
Trd, 258620.500, 64
Trd, 258620.633, 61
Trd, 258621.517, 60
Trd, 258621.733, 60
Trd, 258621.950, 64
Trd, 258622.083, 62
Trd, 258622.867, 60
Trd, 258623.017, 60
Trd, 258623.133, 60
Trd, 258623.600, 60
Trd, 258623.633, 61
Trd, 258623.667, 63
Trd, 258623.850, 64
Trd, 258624.917, 140
Trd, 258625.117, 140
Trd, 258625.817, 140
Trd, 258625.983, 140
Trd, 258626.050, 140
Trd, 258626.183, 140
Trd, 258626.917, 139
Trd, 258627.267, 139
Trd, 258627.383, 137
Trd, 258627.400, 136
Trd, 258627.500, 136
Trd, 258627.650, 128
Trd, 258627.733, 123
Trd, 258627.883, 125
Trd, 258628.200, 126
Trd, 258628.467, 140
Trd, 258628.833, 140
Trd, 258628.850, 139
Trd, 258628.867, 125
Trd, 258628.933, 123
Trd, 258629.017, 110
Trd, 258629.550, 121
Trd, 258629.983, 140
Trd, 258630.183, 140
Trd, 258630.200, 140
Trd, 258630.367, 140
Trd, 258630.467, 138
Trd, 258630.483, 128
Trd, 258630.750, 110
Trd, 258630.767, 110
Trd, 258631.583, 111
Trd, 258631.900, 116
Trd, 258631.933, 112
Trd, 258632.000, 117
Trd, 258632.050, 110
Trd, 258632.217, 138
Trd, 258632.300, 108
Trd, 258632.383, 135
Trd, 258632.567, 101
Trd, 258632.633, 135
Trd, 258632.750, 90
Trd, 258633.300, 134
Trd, 258633.317, 104
Trd, 258633.500, 100
Trd, 258633.533, 135
Trd, 258634.283, 135
Trd, 258634.383, 91
Trd, 258634.467, 66
Trd, 258634.533, 67
Trd, 258634.717, 62
Trd, 258635.200, 60
Trd, 258635.300, 61
Trd, 258635.550, 61
Trd, 258636.150, 66
Trd, 258636.467, 65
Trd, 258636.483, 65
Trd, 258636.600, 66
Trd, 258636.700, 71
Trd, 258637.033, 63
Trd, 258637.200, 63
Trd, 258637.217, 64
Trd, 258637.250, 70
Trd, 258637.617, 63
Trd, 258637.700, 65
Trd, 258637.833, 66
Trd, 258637.867, 80
Trd, 258638.050, 66
Trd, 258638.267, 124
Trd, 258638.600, 74
Trd, 258638.617, 73
Trd, 258638.700, 123
Trd, 258638.933, 124
Trd, 258639.167, 82
Trd, 258639.400, 99
Trd, 258639.783, 115
Trd, 258640.183, 103
Trd, 258640.317, 127
Trd, 258640.700, 125
Trd, 258640.850, 110
Trd, 258640.967, 100
Trd, 258640.983, 99
Trd, 258641.017, 128
Trd, 258641.067, 93
Trd, 258641.583, 104
Trd, 258641.600, 103
Trd, 258641.983, 105
Trd, 258642.050, 104
Trd, 258642.417, 140
Trd, 258642.433, 120
Trd, 258642.483, 102
Trd, 258642.600, 140
Trd, 258642.683, 140
Trd, 258642.850, 129
Trd, 258642.917, 138
Trd, 258643.217, 140
Trd, 258643.350, 140
Trd, 258643.383, 140
Trd, 258643.917, 140
Trd, 258644.767, 140
Trd, 258645.100, 140
Trd, 258645.150, 140
Trd, 258645.167, 140
Trd, 258645.633, 140
Trd, 258645.767, 140
Trd, 258645.783, 140
Trd, 258646.267, 139
Trd, 258646.400, 139
Trd, 258646.433, 138
Trd, 258646.467, 140
Trd, 258647.017, 136
Trd, 258647.100, 136
Trd, 258647.517, 121
Trd, 258647.900, 138
Trd, 258648.200, 134
Trd, 258648.283, 138
Trd, 258648.600, 129
Trd, 258648.817, 126
Trd, 258648.983, 122
Trd, 258649.000, 119
Trd, 258649.017, 130
Trd, 258649.433, 131
Trd, 258649.500, 120
Trd, 258649.983, 120
Trd, 258650.133, 121
Trd, 258650.217, 125
Trd, 258650.283, 128
Trd, 258650.450, 124
Trd, 258650.483, 120
Trd, 258650.650, 112
Trd, 258650.867, 125
Trd, 258651.233, 124
Trd, 258651.317, 111
Trd, 258651.400, 110
Trd, 258651.417, 105
Trd, 258651.533, 87
Trd, 258651.650, 77
Trd, 258651.783, 72
Trd, 258651.883, 84
Trd, 258652.133, 65
Trd, 258652.533, 64
Trd, 258652.917, 110
Trd, 258653.267, 110
Trd, 258654.083, 140
Trd, 258654.133, 72
Trd, 258654.633, 136
Trd, 258654.817, 140
Trd, 258655.033, 103
Trd, 258655.933, 140
Trd, 258655.967, 140
Trd, 258656.267, 140
Trd, 258656.383, 140
Trd, 258656.400, 139
Trd, 258656.633, 139
Trd, 258656.767, 137
Trd, 258656.900, 138
Trd, 258656.983, 137
Trd, 258657.083, 134
Trd, 258657.250, 136
Trd, 258657.267, 127
Trd, 258657.500, 136
Trd, 258657.517, 126
Trd, 258657.750, 118
Trd, 258657.900, 116
Trd, 258657.950, 116
Trd, 258658.367, 135
Trd, 258658.567, 116
Trd, 258658.883, 115
Trd, 258658.917, 113
Trd, 258658.933, 135
Trd, 258659.200, 109
Trd, 258659.633, 87
Trd, 258659.817, 95
Trd, 258660.250, 101
Trd, 258660.267, 68
Trd, 258660.600, 61
Trd, 258661.000, 60
Trd, 258661.400, 60
Trd, 258661.650, 60
Trd, 258661.750, 60
Trd, 258661.817, 61
Trd, 258661.833, 62
Trd, 258661.983, 60
Trd, 258662.033, 61
Trd, 258662.400, 62
Trd, 258662.517, 62
Trd, 258662.550, 69
Trd, 258662.583, 61
Trd, 258662.650, 125
Trd, 258662.683, 107
Trd, 258662.850, 67
Trd, 258662.933, 66
Trd, 258663.750, 63
Trd, 258663.800, 88
Trd, 258664.017, 60
Trd, 258664.033, 60
Trd, 258664.500, 60
Trd, 258664.683, 60
Trd, 258665.117, 60
Trd, 258665.200, 60
Trd, 258665.367, 60
Trd, 258665.433, 60
Trd, 258665.467, 60
Trd, 258665.583, 61
Trd, 258665.717, 62
Trd, 258665.800, 61
Trd, 258666.017, 60
Trd, 258666.067, 63
Trd, 258667.133, 61
Trd, 258667.317, 62
Trd, 258667.683, 60
Trd, 258667.800, 60
Trd, 258667.817, 60
Trd, 258667.833, 62
Trd, 258668.050, 61
Trd, 258668.233, 61
Trd, 258668.267, 61
Trd, 258668.317, 61
Trd, 258668.433, 63
Trd, 258668.783, 62
Trd, 258669.433, 135
Trd, 258669.650, 81
Trd, 258670.233, 122
Trd, 258670.533, 104
Trd, 258670.900, 105
Trd, 258671.150, 132
Trd, 258671.250, 133
Trd, 258671.517, 137
Trd, 258671.650, 106
Trd, 258671.683, 105
Trd, 258671.917, 102
Trd, 258671.950, 112
Trd, 258671.967, 93
Trd, 258672.117, 93
Trd, 258672.250, 82
Trd, 258672.450, 83
Trd, 258672.583, 140
Trd, 258672.800, 140
Trd, 258673.033, 139
Trd, 258673.717, 86
Trd, 258674.017, 137
Trd, 258674.333, 139
Trd, 258674.433, 137
Trd, 258675.017, 140
Trd, 258675.083, 140
Trd, 258675.350, 129
Trd, 258675.383, 127
Trd, 258675.567, 119
Trd, 258675.833, 114
Trd, 258676.100, 135
Trd, 258676.233, 113
Trd, 258676.633, 112
Trd, 258676.750, 109
Trd, 258676.800, 134
Trd, 258676.867, 105
Trd, 258677.100, 129
Trd, 258677.433, 129
Trd, 258677.483, 103
Trd, 258677.567, 129
Trd, 258677.600, 82
Trd, 258677.667, 130
Trd, 258677.750, 132
Trd, 258678.133, 74
Trd, 258678.450, 61
Trd, 258678.533, 62
Trd, 258678.717, 77
Trd, 258679.117, 65
Trd, 258679.300, 61
Trd, 258679.700, 87
Trd, 258679.717, 80
Trd, 258679.783, 126
Trd, 258680.267, 125
Trd, 258680.717, 100
Trd, 258680.767, 123
Trd, 258681.017, 122
Trd, 258681.350, 103
Trd, 258681.567, 122
Trd, 258681.733, 123
Trd, 258681.900, 104
Trd, 258682.100, 103
Trd, 258682.167, 102
Trd, 258682.183, 101
Trd, 258682.283, 96
Trd, 258682.467, 96
Trd, 258682.600, 116
Trd, 258682.633, 126
Trd, 258682.650, 115
Trd, 258682.667, 128
Trd, 258682.783, 139
Trd, 258683.167, 139
Trd, 258683.217, 119
Trd, 258683.267, 111
Trd, 258683.733, 140
Trd, 258684.550, 140
Trd, 258684.683, 140
Trd, 258684.917, 140
Trd, 258685.267, 140
Trd, 258685.367, 140
Trd, 258685.617, 140
Trd, 258685.717, 140
Trd, 258686.150, 140
Trd, 258686.417, 140
Trd, 258686.850, 140
Trd, 258687.083, 140
Trd, 258687.200, 136
Trd, 258687.417, 136
Trd, 258687.683, 128
Trd, 258688.200, 140
Trd, 258688.617, 139
Trd, 258688.667, 137
Trd, 258688.833, 137
Trd, 258688.867, 107
Trd, 258688.933, 107
Trd, 258689.633, 139
Trd, 258689.700, 139
Trd, 258689.817, 140
Trd, 258689.950, 124
Trd, 258690.000, 123
Trd, 258690.033, 103
Trd, 258690.150, 97
Trd, 258690.317, 138
Trd, 258690.383, 95
Trd, 258690.400, 84
Trd, 258690.550, 139
Trd, 258690.733, 137
Trd, 258690.850, 137
Trd, 258690.883, 136
Trd, 258691.150, 69
Trd, 258691.400, 136
Trd, 258691.767, 60
Trd, 258692.067, 69
Trd, 258692.183, 69
Trd, 258693.067, 62
Trd, 258693.100, 63
Trd, 258693.217, 64
Trd, 258693.483, 64
Trd, 258693.517, 64
Trd, 258693.900, 64
Trd, 258694.050, 63
Trd, 258694.250, 62
Trd, 258694.350, 63
Trd, 258694.533, 64
Trd, 258694.800, 65
Trd, 258694.917, 62
Trd, 258695.667, 139
Trd, 258696.183, 139
Trd, 258696.583, 140
Trd, 258696.650, 140
Trd, 258696.833, 137
Trd, 258697.000, 137
Trd, 258697.117, 137
Trd, 258697.317, 136
Trd, 258697.500, 140
Trd, 258697.583, 140
Trd, 258697.717, 140
Trd, 258697.900, 140
Trd, 258698.000, 140
Trd, 258698.433, 140
Trd, 258698.500, 128
Trd, 258698.617, 114
Trd, 258698.717, 140
Trd, 258698.900, 140
Trd, 258698.950, 140
Trd, 258699.500, 138
Trd, 258699.533, 98
Trd, 258699.750, 136
Trd, 258699.850, 137
Trd, 258699.983, 97
Trd, 258700.150, 94
Trd, 258700.383, 126
Trd, 258700.450, 130
Trd, 258701.100, 96
Trd, 258701.283, 91
Trd, 258701.533, 134
Trd, 258701.600, 127
Trd, 258701.700, 135
Trd, 258701.733, 108
Trd, 258702.367, 139
Trd, 258702.450, 108
Trd, 258703.000, 103
Trd, 258703.100, 138
Trd, 258703.267, 137
Trd, 258703.483, 104
Trd, 258703.500, 136
Trd, 258703.683, 109
Trd, 258703.883, 101
Trd, 258704.683, 96
Trd, 258704.750, 96
Trd, 258704.800, 95
Trd, 258704.900, 125
Trd, 258705.117, 93
Trd, 258705.133, 90
Trd, 258705.233, 124
Trd, 258705.250, 129
Trd, 258705.483, 131
Trd, 258705.500, 135
Trd, 258705.600, 127
Trd, 258705.650, 122
Trd, 258705.967, 105
Trd, 258706.367, 66
Trd, 258706.517, 65
Trd, 258706.950, 60
Trd, 258707.017, 62
Trd, 258707.533, 60
Trd, 258707.600, 60
Trd, 258707.900, 60
Trd, 258708.067, 60
Trd, 258708.167, 60
Trd, 258708.233, 62
Trd, 258708.650, 60
Trd, 258708.700, 60
Trd, 258709.133, 60
Trd, 258709.367, 60
Trd, 258709.500, 61
Trd, 258709.767, 64
Trd, 258710.200, 60
Trd, 258710.250, 60
Trd, 258710.283, 63
Trd, 258710.600, 60
Trd, 258711.000, 60
Trd, 258711.033, 60
Trd, 258711.083, 61
Trd, 258711.117, 63
Trd, 258711.367, 61
Trd, 258711.717, 61
Trd, 258711.800, 65
Trd, 258711.850, 70
Trd, 258712.033, 71
Trd, 258712.133, 67
Trd, 258712.433, 64
Trd, 258713.067, 63
Trd, 258713.083, 62
Trd, 258713.200, 62
Trd, 258713.650, 60
Trd, 258713.733, 60
Trd, 258713.750, 60
Trd, 258713.800, 62
Trd, 258714.100, 64
Trd, 258714.117, 62
Trd, 258714.250, 62
Trd, 258714.283, 61
Trd, 258714.800, 66
Trd, 258714.933, 66
Trd, 258715.083, 67
Trd, 258715.217, 61
Trd, 258715.617, 62
Trd, 258715.767, 60
Trd, 258715.950, 62
Trd, 258716.067, 63
Trd, 258716.150, 66
Trd, 258716.333, 66
Trd, 258716.683, 66
Trd, 258716.850, 64
Trd, 258717.167, 63
Trd, 258717.417, 62
Trd, 258717.700, 62
Trd, 258717.733, 63
Trd, 258717.983, 60
Trd, 258718.067, 62
Trd, 258718.300, 61
Trd, 258718.333, 62
Trd, 258718.367, 63
Trd, 258718.917, 138
Trd, 258720.017, 139
Trd, 258720.183, 139
Trd, 258720.250, 139
Trd, 258720.350, 138
Trd, 258720.400, 135
Trd, 258720.417, 105
Trd, 258720.600, 140
Trd, 258720.983, 114
Trd, 258721.200, 105
Trd, 258721.550, 125
Trd, 258721.717, 128
Trd, 258721.867, 97
Trd, 258721.983, 96
Trd, 258722.050, 129
Trd, 258722.350, 95
Trd, 258722.417, 128
Trd, 258722.533, 120
Trd, 258722.550, 81
Trd, 258722.600, 80
Trd, 258722.617, 76
Trd, 258723.133, 60
Trd, 258723.317, 60
Trd, 258723.400, 60
Trd, 258723.617, 60
Trd, 258723.800, 60
Trd, 258723.950, 61
Trd, 258724.317, 61
Trd, 258724.683, 60
Trd, 258724.783, 60
Trd, 258725.033, 61
Trd, 258725.083, 61
Trd, 258725.100, 62
Trd, 258725.350, 61
Trd, 258725.483, 63
Trd, 258725.733, 61
Trd, 258725.950, 61
Trd, 258725.967, 60
Trd, 258726.367, 60
Trd, 258726.600, 60
Trd, 258726.683, 60
Trd, 258726.983, 62
Trd, 258727.400, 60
Trd, 258727.467, 62
Trd, 258727.650, 61
Trd, 258727.783, 61
Trd, 258728.383, 60
Trd, 258728.650, 60
Trd, 258728.733, 61
Trd, 258728.917, 61
Trd, 258728.933, 61
Trd, 258729.417, 61
Trd, 258729.467, 62
Trd, 258729.617, 61
Trd, 258730.117, 60
Trd, 258730.350, 60
Trd, 258730.433, 60
Trd, 258730.467, 61
Trd, 258730.517, 64
Trd, 258730.700, 64
Trd, 258730.783, 63
Trd, 258730.800, 65
Trd, 258730.917, 66
Trd, 258731.033, 62
Trd, 258731.233, 68
Trd, 258731.250, 62
Trd, 258731.283, 70
Trd, 258731.733, 60
Trd, 258731.933, 70
Trd, 258732.700, 60
Trd, 258732.767, 60
Trd, 258733.200, 60
Trd, 258733.383, 60
Trd, 258733.767, 60
Trd, 258733.867, 60
Trd, 258734.100, 61
Trd, 258734.300, 60
Trd, 258734.500, 62
Trd, 258734.883, 62
Trd, 258734.917, 65
Trd, 258734.950, 65
Trd, 258735.067, 61
Trd, 258735.300, 64
Trd, 258735.400, 79
Trd, 258735.533, 61
Trd, 258735.617, 60
Trd, 258735.717, 61
Trd, 258735.783, 61
Trd, 258736.050, 66
Trd, 258736.300, 62
Trd, 258736.600, 61
Trd, 258736.733, 63
Trd, 258736.833, 61
Trd, 258736.983, 62
Trd, 258737.067, 75
Trd, 258737.350, 62
Trd, 258737.500, 73
Trd, 258737.900, 66
Trd, 258738.150, 140
Trd, 258738.283, 101
Trd, 258738.433, 109
Trd, 258738.950, 104
Trd, 258739.167, 140
Trd, 258739.250, 104
Trd, 258739.383, 140
Trd, 258739.417, 103
Trd, 258739.450, 102
Trd, 258739.483, 95
Trd, 258740.183, 61
Trd, 258740.717, 60
Trd, 258740.750, 60
Trd, 258741.550, 60
Trd, 258741.567, 60
Trd, 258741.650, 60
Trd, 258741.767, 63
Trd, 258742.067, 60
Trd, 258742.250, 60
Trd, 258742.417, 61
Trd, 258742.667, 60
Trd, 258742.700, 64
Trd, 258743.083, 64
Trd, 258743.100, 65
Trd, 258743.450, 61
Trd, 258743.617, 62
Trd, 258743.967, 62
Trd, 258744.200, 61
Trd, 258744.233, 65
Trd, 258744.317, 61
Trd, 258744.383, 64
Trd, 258744.450, 72
Trd, 258744.517, 62
Trd, 258745.000, 99
Trd, 258745.033, 100
Trd, 258745.167, 100
Trd, 258745.350, 94
Trd, 258745.467, 94
Trd, 258745.500, 93
Trd, 258745.700, 100
Trd, 258745.917, 71
Trd, 258746.217, 69
Trd, 258746.400, 67
Trd, 258746.517, 66
Trd, 258746.767, 61
Trd, 258746.800, 62
Trd, 258747.233, 62
Trd, 258747.367, 68
Trd, 258747.417, 69
Trd, 258748.000, 60
Trd, 258748.117, 70
Trd, 258748.333, 63
Trd, 258748.383, 75
Trd, 258748.600, 118
Trd, 258748.683, 127
Trd, 258748.983, 129
Trd, 258749.450, 69
Trd, 258749.617, 64
Trd, 258749.733, 69
Trd, 258749.783, 63
Trd, 258750.200, 60
Trd, 258750.217, 64
Trd, 258750.300, 60
Trd, 258750.650, 62
Trd, 258750.733, 61
Trd, 258751.050, 60
Trd, 258751.067, 70
Trd, 258752.250, 60
Trd, 258752.600, 60
Trd, 258752.683, 60
Trd, 258752.800, 60
Trd, 258752.817, 60
Trd, 258752.850, 60
Trd, 258753.200, 60
Trd, 258753.317, 60
Trd, 258753.367, 60
Trd, 258753.417, 61
Trd, 258753.550, 62
Trd, 258753.667, 63
Trd, 258753.867, 60
Trd, 258753.933, 66
Trd, 258754.400, 64
Trd, 258754.417, 62
Trd, 258754.600, 61
Trd, 258754.717, 60
Trd, 258754.733, 62
Trd, 258755.000, 63
Trd, 258755.133, 66
Trd, 258755.633, 65
Trd, 258755.750, 64
Trd, 258755.850, 63
Trd, 258756.300, 65
Trd, 258756.733, 60
Trd, 258757.250, 60
Trd, 258757.333, 60
Trd, 258757.650, 60
Trd, 258757.667, 60
Trd, 258757.950, 60
Trd, 258758.050, 60
Trd, 258758.233, 62
Trd, 258758.533, 62
Trd, 258758.583, 63
Trd, 258758.633, 61
Trd, 258758.650, 64
Trd, 258758.867, 67
Trd, 258759.033, 69
Trd, 258759.367, 60
Trd, 258759.533, 60
Trd, 258759.667, 61
Trd, 258759.700, 60
Trd, 258759.800, 62
Trd, 258760.467, 60
Trd, 258760.717, 63
Trd, 258760.850, 60
Trd, 258760.900, 64
Trd, 258761.300, 66
Trd, 258761.683, 61
Trd, 258761.717, 64
Trd, 258762.117, 63
Trd, 258762.167, 63
Trd, 258762.300, 63
Trd, 258762.350, 64
Trd, 258762.517, 67
Trd, 258762.617, 69
Trd, 258762.667, 64
Trd, 258762.817, 65
Trd, 258763.167, 109
Trd, 258763.750, 120
Trd, 258763.867, 118
Trd, 258764.100, 108
Trd, 258764.300, 121
Trd, 258764.433, 136
Trd, 258764.517, 96
Trd, 258764.867, 140
Trd, 258764.883, 140
Trd, 258765.017, 109
Trd, 258765.333, 136
Trd, 258765.600, 139
Trd, 258765.683, 106
Trd, 258766.250, 140
Trd, 258766.267, 107
Trd, 258766.633, 106
Trd, 258766.850, 105
Trd, 258767.767, 140
Trd, 258768.183, 140
Trd, 258768.283, 140
Trd, 258768.617, 140
Trd, 258768.650, 140
Trd, 258768.733, 137
Trd, 258769.050, 133
Trd, 258769.250, 131
Trd, 258769.400, 129
Trd, 258769.533, 128
Trd, 258769.600, 124
Trd, 258769.633, 131
Trd, 258769.767, 97
Trd, 258769.883, 129
Trd, 258770.200, 117
Trd, 258770.500, 93
Trd, 258770.650, 92
Trd, 258770.733, 123
Trd, 258770.883, 68
Trd, 258771.067, 124
Trd, 258771.350, 116
Trd, 258771.550, 123
Trd, 258771.617, 73
Trd, 258771.683, 124
Trd, 258772.433, 111
Trd, 258772.483, 121
Trd, 258773.083, 76
Trd, 258773.100, 63
Trd, 258773.183, 60
Trd, 258773.350, 70
Trd, 258773.717, 66
Trd, 258773.917, 99
Trd, 258774.267, 84
Trd, 258774.283, 96
Trd, 258774.350, 85
Trd, 258774.450, 98
Trd, 258774.567, 83
Trd, 258775.217, 77
Trd, 258775.283, 68
Trd, 258775.533, 68
Trd, 258775.633, 69
Trd, 258776.183, 98
Trd, 258776.217, 100
Trd, 258776.383, 82
Trd, 258776.500, 71
Trd, 258776.817, 109
Trd, 258777.083, 76
Trd, 258777.183, 68
Trd, 258777.233, 67
Trd, 258777.400, 61
Trd, 258777.500, 113
Trd, 258777.950, 77
Trd, 258778.417, 64
Trd, 258778.667, 65
Trd, 258778.717, 67
Trd, 258778.733, 74
Trd, 258779.200, 71
Trd, 258779.300, 72
Trd, 258779.317, 62
Trd, 258779.467, 73
Trd, 258779.617, 73
Trd, 258779.683, 63
Trd, 258780.000, 63
Trd, 258780.333, 74
Trd, 258780.667, 65
Trd, 258780.717, 64
Trd, 258780.750, 66
Trd, 258781.017, 68
Trd, 258781.317, 137
Trd, 258781.350, 103
Trd, 258781.383, 140
Trd, 258781.600, 76
Trd, 258781.967, 77
Trd, 258782.750, 139
Trd, 258782.767, 139
Trd, 258782.950, 128
Trd, 258783.250, 124
Trd, 258783.567, 140
Trd, 258783.683, 140
Trd, 258783.833, 140
Trd, 258783.950, 140
Trd, 258784.250, 140
Trd, 258784.300, 140
Trd, 258784.733, 139
Trd, 258784.800, 138
Trd, 258784.850, 128
Trd, 258784.883, 124
Trd, 258785.283, 140
Trd, 258786.167, 140
Trd, 258786.183, 140
Trd, 258786.333, 140
Trd, 258787.067, 140
Trd, 258787.183, 122
Trd, 258787.267, 139
Trd, 258787.633, 140
Trd, 258787.850, 139
Trd, 258788.133, 140
Trd, 258788.150, 139
Trd, 258788.217, 137
Trd, 258788.550, 140
Trd, 258788.700, 137
Trd, 258788.717, 136
Trd, 258788.850, 129
Trd, 258789.100, 129
Trd, 258789.183, 140
Trd, 258789.267, 129
Trd, 258789.417, 128
Trd, 258789.550, 138
Trd, 258789.783, 118
Trd, 258789.950, 116
Trd, 258790.167, 136
Trd, 258790.500, 116
Trd, 258790.550, 124
Trd, 258790.633, 116
Trd, 258790.750, 134
Trd, 258790.817, 113
Trd, 258791.050, 109
Trd, 258791.100, 133
Trd, 258791.217, 131
Trd, 258791.617, 130
Trd, 258791.783, 129
Trd, 258792.017, 127
Trd, 258792.500, 130
Trd, 258792.733, 131
Trd, 258792.883, 135
Trd, 258793.067, 129
Trd, 258793.083, 126
Trd, 258793.517, 117
Trd, 258793.767, 140
Trd, 258793.833, 140
Trd, 258793.917, 138
Trd, 258794.317, 109
Trd, 258794.650, 113
Trd, 258794.733, 109
Trd, 258795.217, 140
Trd, 258795.583, 139
Trd, 258795.817, 83
Trd, 258796.050, 140
Trd, 258796.267, 140
Trd, 258796.283, 82
Trd, 258796.300, 80
Trd, 258796.667, 138
Trd, 258796.900, 138
Trd, 258797.167, 139
Trd, 258797.183, 137
Trd, 258797.250, 137
Trd, 258797.400, 129
Trd, 258797.433, 97
Trd, 258797.967, 139
Trd, 258797.983, 126
Trd, 258798.300, 92
Trd, 258798.600, 117
Trd, 258798.933, 140
Trd, 258799.217, 140
Trd, 258799.417, 140
Trd, 258799.500, 139
Trd, 258800.333, 140
Trd, 258800.417, 139
Trd, 258800.567, 139
Trd, 258800.783, 139
Trd, 258800.850, 128
Trd, 258800.933, 109
Trd, 258801.267, 140
Trd, 258801.600, 139
Trd, 258801.833, 133
Trd, 258801.950, 132
Trd, 258801.967, 131
Trd, 258802.533, 126
Trd, 258802.567, 132
Trd, 258802.650, 125
Trd, 258802.817, 124
Trd, 258802.883, 132
Trd, 258803.050, 122
Trd, 258803.200, 123
Trd, 258803.833, 120
Trd, 258804.050, 126
Trd, 258804.117, 127
Trd, 258804.250, 112
Trd, 258804.267, 128
Trd, 258804.367, 132
Trd, 258804.783, 112
Trd, 258804.817, 111
Trd, 258805.300, 111
Trd, 258805.633, 107
Trd, 258806.383, 140
Trd, 258806.500, 139
Trd, 258806.517, 136
Trd, 258806.533, 107
Trd, 258806.750, 103
Trd, 258807.000, 100
Trd, 258807.283, 81
Trd, 258807.367, 131
Trd, 258807.500, 128
Trd, 258807.700, 129
Trd, 258807.950, 131
Trd, 258808.333, 123
Trd, 258808.417, 126
Trd, 258808.500, 121
Trd, 258808.533, 123
Trd, 258808.683, 112
Trd, 258808.950, 94
Trd, 258809.667, 115
Trd, 258809.783, 115
Trd, 258809.867, 98
Trd, 258810.267, 112
Trd, 258810.600, 114
Trd, 258810.700, 114
Trd, 258810.717, 115
Trd, 258810.817, 101
Trd, 258810.867, 100
Trd, 258811.017, 116
Trd, 258811.367, 99
Trd, 258811.617, 114
Trd, 258811.683, 113
Trd, 258811.700, 112
Trd, 258812.000, 99
Trd, 258812.033, 115
Trd, 258812.333, 134
Trd, 258812.517, 113
Trd, 258812.650, 110
Trd, 258812.767, 104
Trd, 258812.867, 103
Trd, 258813.217, 139
Trd, 258813.733, 140
Trd, 258814.017, 140
Trd, 258814.067, 140
Trd, 258814.200, 140
Trd, 258814.233, 138
Trd, 258814.533, 129
Trd, 258814.617, 139
Trd, 258814.750, 140
Trd, 258815.450, 140
Trd, 258815.567, 140
Trd, 258815.867, 138
Trd, 258816.200, 140
Trd, 258816.317, 140
Trd, 258816.650, 138
Trd, 258817.533, 140
Trd, 258817.867, 140
Trd, 258817.883, 140
Trd, 258818.133, 140
Trd, 258818.250, 140
Trd, 258818.767, 140
Trd, 258818.800, 136
Trd, 258819.150, 140
Trd, 258819.367, 134
Trd, 258819.583, 128
Trd, 258819.750, 139
Trd, 258819.950, 140
Trd, 258820.233, 139
Trd, 258820.317, 138
Trd, 258820.483, 138
Trd, 258820.550, 135
Trd, 258820.650, 127
Trd, 258821.117, 139
Trd, 258821.217, 137
Trd, 258821.450, 139
Trd, 258821.600, 136
Trd, 258821.800, 135
Trd, 258821.817, 134
Trd, 258821.967, 139
Trd, 258822.050, 127
Trd, 258822.150, 126
Trd, 258822.433, 140
Trd, 258822.700, 134
Trd, 258822.933, 140
Trd, 258823.100, 128
Trd, 258823.217, 128
Trd, 258823.517, 139
Trd, 258823.717, 139
Trd, 258824.000, 127
Trd, 258824.317, 124
Trd, 258824.367, 123
Trd, 258824.450, 114
Trd, 258825.033, 131
Trd, 258825.167, 102
Trd, 258825.583, 101
Trd, 258825.850, 124
Trd, 258826.067, 101
Trd, 258826.417, 90
Trd, 258826.633, 126
Trd, 258826.883, 78
Trd, 258827.100, 93
Trd, 258827.217, 97
Trd, 258827.300, 97
Trd, 258827.317, 77
Trd, 258827.467, 86
Trd, 258827.500, 98
Trd, 258827.533, 99
Trd, 258827.967, 77
Trd, 258828.233, 140
Trd, 258828.733, 140
Trd, 258828.900, 138
Trd, 258828.967, 80
Trd, 258829.017, 77
Trd, 258829.350, 88
Trd, 258829.367, 80
Trd, 258829.433, 76
Trd, 258829.483, 115
Trd, 258829.683, 115
Trd, 258829.850, 116
Trd, 258830.717, 140
Trd, 258830.817, 140
Trd, 258831.250, 140
Trd, 258831.350, 140
Trd, 258831.433, 140
Trd, 258831.700, 140
Trd, 258831.867, 140
Trd, 258831.950, 140
Trd, 258832.000, 140
Trd, 258832.050, 137
Trd, 258832.067, 134
Trd, 258832.233, 121
Trd, 258832.700, 118
Trd, 258832.733, 138
Trd, 258832.883, 106
Trd, 258833.167, 105
Trd, 258833.383, 91
Trd, 258833.567, 93
Trd, 258833.733, 136
Trd, 258833.783, 83
Trd, 258834.133, 69
Trd, 258834.317, 140
Trd, 258834.600, 140
Trd, 258834.867, 140
Trd, 258835.400, 140
Trd, 258835.617, 140
Trd, 258835.700, 140
Trd, 258836.900, 140
Trd, 258837.033, 140
Trd, 258837.367, 140
Trd, 258837.850, 140
Trd, 258837.883, 140
Trd, 258838.000, 140
Trd, 258838.033, 140
Trd, 258838.183, 140
Trd, 258838.233, 140
Trd, 258838.883, 140
Trd, 258838.967, 136
Trd, 258839.433, 140
Trd, 258839.600, 139
Trd, 258839.833, 126
Trd, 258840.033, 119
Trd, 258840.483, 130
Trd, 258840.783, 129
Trd, 258840.917, 129
Trd, 258840.967, 120
Trd, 258841.033, 129
Trd, 258841.167, 117
Trd, 258841.183, 116
Trd, 258841.717, 109
Trd, 258842.150, 115
Trd, 258842.200, 126
Trd, 258842.250, 93
Trd, 258842.300, 133
Trd, 258842.350, 132
Trd, 258842.450, 92
Trd, 258842.550, 125
Trd, 258842.800, 122
Trd, 258843.000, 121
Trd, 258843.117, 98
Trd, 258843.333, 122
Trd, 258843.567, 130
Trd, 258843.817, 129
Trd, 258844.250, 116
Trd, 258844.350, 115
Trd, 258844.400, 104
Trd, 258844.650, 133
Trd, 258845.000, 106
Trd, 258845.267, 105
Trd, 258845.350, 106
Trd, 258845.567, 124
Trd, 258845.617, 106
Trd, 258845.750, 105
Trd, 258845.883, 102
Trd, 258846.083, 120
Trd, 258846.333, 114
Trd, 258846.817, 82
Trd, 258846.833, 117
Trd, 258846.850, 118
Trd, 258847.250, 65
Trd, 258847.350, 65
Trd, 258847.383, 66
Trd, 258847.617, 63
Trd, 258847.650, 64
Trd, 258847.700, 62
Trd, 258848.000, 61
Trd, 258848.383, 60
Trd, 258848.483, 60
Trd, 258848.500, 61
Trd, 258848.667, 61
Trd, 258848.983, 60
Trd, 258849.067, 60
Trd, 258849.300, 61
Trd, 258850.033, 60
Trd, 258850.317, 60
Trd, 258850.383, 60
Trd, 258850.467, 61
Trd, 258850.633, 63
Trd, 258850.733, 64
Trd, 258851.083, 60
Trd, 258851.450, 60
Trd, 258851.550, 65
Trd, 258851.767, 65
Trd, 258852.133, 65
Trd, 258852.150, 60
Trd, 258852.433, 63
Trd, 258852.467, 68
Trd, 258852.483, 69
Trd, 258852.700, 106
Trd, 258852.717, 134
Trd, 258852.900, 73
Trd, 258852.983, 61
Trd, 258853.450, 89
Trd, 258853.483, 88
Trd, 258853.800, 131
Trd, 258853.850, 133
Trd, 258854.300, 140
Trd, 258854.467, 140
Trd, 258854.800, 140
Trd, 258855.083, 140
Trd, 258855.133, 140
Trd, 258855.167, 138
Trd, 258855.250, 136
Trd, 258855.317, 99
Trd, 258855.950, 138
Trd, 258856.067, 132
Trd, 258856.083, 127
Trd, 258856.117, 115
Trd, 258856.250, 140
Trd, 258856.750, 88
Trd, 258857.033, 120
Trd, 258857.117, 90
Trd, 258857.233, 133
Trd, 258857.283, 136
Trd, 258857.450, 92
Trd, 258857.700, 135
Trd, 258857.817, 91
Trd, 258858.017, 88
Trd, 258858.050, 133
Trd, 258858.083, 105
Trd, 258858.117, 71
Trd, 258859.383, 129
Trd, 258859.567, 126
Trd, 258859.700, 125
Trd, 258859.767, 127
Trd, 258859.883, 124
Trd, 258859.933, 121
Trd, 258860.183, 127
Trd, 258860.400, 114
Trd, 258860.583, 113
Trd, 258860.633, 109
Trd, 258860.750, 108
Trd, 258860.967, 127
Trd, 258861.150, 139
Trd, 258861.167, 109
Trd, 258861.617, 140
Trd, 258862.500, 140
Trd, 258862.567, 139
Trd, 258862.700, 138
Trd, 258863.633, 140
Trd, 258863.650, 139
Trd, 258863.933, 138
Trd, 258863.967, 137
Trd, 258864.533, 138
Trd, 258864.667, 138
Trd, 258864.733, 137
Trd, 258864.817, 135
Trd, 258864.850, 133
Trd, 258864.900, 127
Trd, 258864.983, 136
Trd, 258865.050, 136
Trd, 258865.483, 107
Trd, 258865.683, 103
Trd, 258865.883, 102
Trd, 258866.117, 87
Trd, 258866.167, 75
Trd, 258866.367, 101
Trd, 258866.500, 60
Trd, 258866.533, 60
Trd, 258866.650, 60
Trd, 258866.733, 69
Trd, 258866.883, 115
Trd, 258866.917, 118
Trd, 258867.300, 71
Trd, 258867.633, 60
Trd, 258867.800, 61
Trd, 258868.017, 62
Trd, 258868.333, 61
Trd, 258868.483, 69
Trd, 258868.833, 95
Trd, 258868.850, 94
Trd, 258868.867, 93
Trd, 258869.017, 63
Trd, 258869.400, 65
Trd, 258869.600, 62
Trd, 258869.817, 67
Trd, 258869.917, 135
Trd, 258870.100, 136
Trd, 258870.167, 108
Trd, 258870.267, 107
Trd, 258870.633, 140
Trd, 258871.033, 140
Trd, 258871.450, 140
Trd, 258871.483, 140
Trd, 258871.567, 140
Trd, 258871.650, 140
Trd, 258871.750, 133
Trd, 258871.800, 131
Trd, 258872.117, 139
Trd, 258872.350, 128
Trd, 258872.950, 140
Trd, 258873.050, 140
Trd, 258873.167, 139
Trd, 258873.250, 138
Trd, 258873.750, 129
Trd, 258873.767, 127
Trd, 258873.917, 132
Trd, 258874.200, 129
Trd, 258874.467, 128
Trd, 258874.633, 128
Trd, 258874.750, 126
Trd, 258874.933, 125
Trd, 258875.233, 100
Trd, 258875.267, 86
Trd, 258875.450, 125
Trd, 258875.567, 125
Trd, 258875.867, 116
Trd, 258876.150, 120
Trd, 258876.267, 125
Trd, 258876.367, 126
Trd, 258877.150, 140
Trd, 258877.383, 140
Trd, 258877.500, 140
Trd, 258877.717, 135
Trd, 258877.850, 127
Trd, 258878.050, 126
Trd, 258878.217, 140
Trd, 258878.517, 136
Trd, 258879.617, 140
Trd, 258879.750, 140
Trd, 258879.767, 140
Trd, 258879.867, 140
Trd, 258879.917, 139
Trd, 258880.050, 136
Trd, 258880.367, 138
Trd, 258880.383, 137
Trd, 258880.483, 129
Trd, 258881.067, 136
Trd, 258881.083, 129
Trd, 258881.300, 117
Trd, 258881.433, 131
Trd, 258881.750, 108
Trd, 258881.817, 133
Trd, 258882.100, 95
Trd, 258882.200, 96
Trd, 258882.933, 111
Trd, 258882.967, 110
Trd, 258883.317, 113
Trd, 258883.633, 112
Trd, 258883.783, 120
Trd, 258883.817, 91
Trd, 258883.933, 67
Trd, 258884.067, 120
Trd, 258884.250, 63
Trd, 258884.517, 62
Trd, 258884.633, 62
Trd, 258884.650, 61
Trd, 258884.700, 64
Trd, 258884.717, 70
Trd, 258884.883, 60
Trd, 258885.283, 60
Trd, 258885.300, 68
Trd, 258885.517, 67
Trd, 258885.700, 68
Trd, 258885.917, 64
Trd, 258885.933, 68
Trd, 258886.083, 60
Trd, 258886.350, 60
Trd, 258886.717, 60
Trd, 258886.867, 60
Trd, 258887.467, 60
Trd, 258887.717, 60
Trd, 258888.150, 60
Trd, 258888.533, 60
Trd, 258888.567, 60
Trd, 258888.600, 62
Trd, 258888.617, 63
Trd, 258888.700, 62
Trd, 258888.867, 82
Trd, 258888.883, 85
Trd, 258888.900, 62
Trd, 258889.000, 61
Trd, 258889.250, 129
Trd, 258889.417, 126
Trd, 258889.567, 60
Trd, 258889.667, 63
Trd, 258889.867, 61
Trd, 258890.300, 60
Trd, 258890.650, 85
Trd, 258890.817, 62
Trd, 258891.250, 61
Trd, 258891.267, 61
Trd, 258891.283, 62
Trd, 258892.000, 61
Trd, 258892.033, 63
Trd, 258892.117, 64
Trd, 258892.133, 65
Trd, 258892.867, 140
Trd, 258893.283, 140
Trd, 258894.100, 140
Trd, 258894.200, 140
Trd, 258894.267, 140
Trd, 258894.333, 140
Trd, 258895.017, 140
Trd, 258895.050, 140
Trd, 258895.150, 140
Trd, 258895.267, 140
Trd, 258895.333, 140
Trd, 258895.500, 140
Trd, 258895.517, 140
Trd, 258895.850, 140
Trd, 258896.250, 140
Trd, 258896.283, 140
Trd, 258896.583, 140
Trd, 258896.633, 140
Trd, 258896.650, 140
Trd, 258896.783, 140
Trd, 258896.900, 140
Trd, 258897.000, 136
Trd, 258897.150, 128
Trd, 258897.217, 140
Trd, 258897.900, 140
Trd, 258898.067, 134
Trd, 258898.200, 124
Trd, 258899.167, 131
Trd, 258899.217, 130
Trd, 258899.317, 139
Trd, 258899.633, 140
Trd, 258899.933, 139
Trd, 258900.050, 139
Trd, 258900.133, 138
Trd, 258900.283, 136
Trd, 258900.600, 139
Trd, 258900.917, 125
Trd, 258901.050, 124
Trd, 258901.083, 135
Trd, 258901.300, 84
Trd, 258901.483, 91
Trd, 258901.700, 87
Trd, 258902.033, 89
Trd, 258902.283, 129
Trd, 258902.383, 116
Trd, 258902.433, 130
Trd, 258903.000, 129
Trd, 258903.050, 128
Trd, 258903.183, 127
Trd, 258903.417, 126
Trd, 258903.500, 128
Trd, 258903.933, 106
Trd, 258904.050, 136
Trd, 258904.467, 140
Trd, 258904.517, 140
Trd, 258904.900, 140
Trd, 258905.133, 140
Trd, 258905.217, 128
Trd, 258906.650, 140
Trd, 258906.883, 140
Trd, 258906.917, 140
Trd, 258907.017, 140
Trd, 258907.133, 140
Trd, 258907.400, 140
Trd, 258907.567, 140
Trd, 258907.650, 140
Trd, 258907.667, 139
Trd, 258907.867, 140
Trd, 258908.483, 140
Trd, 258908.617, 139
Trd, 258908.933, 140
Trd, 258909.117, 140
Trd, 258909.217, 139
Trd, 258909.383, 139
Trd, 258909.950, 139
Trd, 258910.167, 138
Trd, 258910.300, 138
Trd, 258910.400, 137
Trd, 258910.567, 137
Trd, 258910.800, 132
Trd, 258910.950, 127
Trd, 258910.967, 106
Trd, 258911.500, 103
Trd, 258911.917, 133
Trd, 258912.017, 103
Trd, 258912.483, 101
Trd, 258912.533, 101
Trd, 258912.600, 124
Trd, 258912.683, 124
Trd, 258912.850, 122
Trd, 258912.933, 92
Trd, 258913.317, 97
Trd, 258914.033, 114
Trd, 258914.133, 114
Trd, 258914.183, 117
Trd, 258914.333, 106
Trd, 258914.383, 98
Trd, 258914.617, 118
Trd, 258914.733, 106
Trd, 258914.767, 106
Trd, 258914.850, 67
Trd, 258915.183, 60
Trd, 258915.217, 61
Trd, 258915.500, 61
Trd, 258915.550, 68
Trd, 258916.100, 63
Trd, 258916.283, 66
Trd, 258916.483, 68
Trd, 258916.533, 69
Trd, 258917.200, 60
Trd, 258917.367, 60
Trd, 258917.383, 60
Trd, 258917.733, 60
Trd, 258917.967, 60
Trd, 258918.217, 60
Trd, 258918.367, 60
Trd, 258918.400, 60
Trd, 258918.417, 60
Trd, 258918.533, 62
Trd, 258918.617, 63
Trd, 258918.833, 64
Trd, 258919.083, 65
Trd, 258919.100, 66
Trd, 258919.267, 66
Trd, 258919.283, 67
Trd, 258920.000, 140
Trd, 258920.167, 140
Trd, 258920.300, 138
Trd, 258920.333, 127
Trd, 258920.550, 140
Trd, 258920.583, 139
Trd, 258920.800, 139
Trd, 258920.950, 138
Trd, 258921.167, 136
Trd, 258921.567, 137
Trd, 258921.750, 115
Trd, 258921.850, 116
Trd, 258922.117, 115
Trd, 258922.150, 114
Trd, 258922.250, 90
Trd, 258922.317, 116
Trd, 258922.333, 117
Trd, 258922.733, 140
Trd, 258922.783, 140
Trd, 258922.900, 136
Trd, 258923.100, 116
Trd, 258923.400, 139
Trd, 258923.700, 132
Trd, 258923.933, 88
Trd, 258924.283, 135
Trd, 258924.300, 110
Trd, 258924.600, 137
Trd, 258924.650, 140
Trd, 258924.717, 134
Trd, 258925.183, 138
Trd, 258925.467, 140
Trd, 258925.517, 140
Trd, 258925.650, 140
Trd, 258925.783, 139
Trd, 258925.900, 138
Trd, 258926.217, 93
Trd, 258926.550, 118
Trd, 258926.567, 117
Trd, 258926.733, 137
Trd, 258927.183, 126
Trd, 258927.433, 139
Trd, 258927.767, 137
Trd, 258927.833, 132
Trd, 258927.917, 118
Trd, 258928.050, 138
Trd, 258928.250, 115
Trd, 258928.283, 106
Trd, 258928.333, 101
Trd, 258928.583, 116
Trd, 258929.317, 135
Trd, 258929.733, 118
Trd, 258929.783, 118
Trd, 258929.950, 117
Trd, 258930.017, 131
Trd, 258930.117, 132
Trd, 258930.583, 126
Trd, 258930.717, 131
Trd, 258930.750, 132
Trd, 258930.917, 131
Trd, 258931.050, 132
Trd, 258931.117, 102
Trd, 258931.167, 100
Trd, 258931.700, 140
Trd, 258932.250, 140
Trd, 258932.433, 139
Trd, 258932.450, 139
Trd, 258932.650, 138
Trd, 258932.717, 129
Trd, 258932.800, 128
Trd, 258933.200, 100
Trd, 258933.967, 140
Trd, 258934.283, 138
Trd, 258934.683, 136
Trd, 258934.750, 136
Trd, 258934.783, 135
Trd, 258935.483, 140
Trd, 258935.667, 138
Trd, 258936.133, 140
Trd, 258936.233, 139
Trd, 258936.417, 135
Trd, 258936.683, 140
Trd, 258937.067, 140
Trd, 258937.100, 129
Trd, 258937.183, 122
Trd, 258937.400, 99
Trd, 258938.083, 124
Trd, 258938.183, 140
Trd, 258938.400, 124
Trd, 258938.433, 140
Trd, 258938.683, 138
Trd, 258938.700, 135
Trd, 258938.733, 123
Trd, 258938.767, 105
Trd, 258939.817, 135
Trd, 258940.200, 129
Trd, 258940.400, 128
Trd, 258940.417, 121
Trd, 258940.550, 127
Trd, 258940.617, 129
Trd, 258940.983, 130
Trd, 258941.300, 127
Trd, 258941.417, 126
Trd, 258941.483, 125
Trd, 258941.517, 124
Trd, 258941.650, 123
Trd, 258941.733, 130
Trd, 258941.917, 120
Trd, 258941.933, 120
Trd, 258942.067, 115
Trd, 258942.100, 84
Trd, 258942.517, 77
Trd, 258942.683, 103
Trd, 258942.733, 138
Trd, 258942.800, 81
Trd, 258942.833, 77
Trd, 258943.450, 140
Trd, 258943.817, 140
Trd, 258943.850, 140
Trd, 258943.950, 140
Trd, 258944.167, 79
Trd, 258944.617, 90
Trd, 258944.750, 140
Trd, 258944.817, 90
Trd, 258945.183, 62
Trd, 258945.367, 62
Trd, 258945.900, 60
Trd, 258946.033, 63
Trd, 258946.317, 60
Trd, 258946.800, 60
Trd, 258946.967, 60
Trd, 258946.983, 62
Trd, 258947.000, 63
Trd, 258947.900, 60
Trd, 258948.683, 60
Trd, 258948.700, 60
Trd, 258948.833, 60
Trd, 258948.900, 60
Trd, 258949.150, 60
Trd, 258949.300, 60
Trd, 258949.333, 60
Trd, 258949.417, 60
Trd, 258949.717, 60
Trd, 258949.767, 60
Trd, 258949.783, 61
Trd, 258949.883, 60
Trd, 258949.917, 61
Trd, 258950.033, 62
Trd, 258950.317, 62
Trd, 258950.483, 62
Trd, 258950.667, 63
Trd, 258950.800, 64
Trd, 258951.117, 69
Trd, 258951.150, 63
Trd, 258951.700, 63
Trd, 258951.717, 62
Trd, 258951.833, 64
Trd, 258952.150, 67
Trd, 258952.200, 64
Trd, 258952.550, 62
Trd, 258953.650, 60
Trd, 258953.900, 60
Trd, 258953.917, 60
Trd, 258953.933, 60
Trd, 258954.100, 60
Trd, 258954.417, 60
Trd, 258954.833, 60
Trd, 258955.200, 60
Trd, 258955.400, 61
Trd, 258955.567, 61
Trd, 258955.967, 61
Trd, 258956.033, 62
Trd, 258956.300, 62
Trd, 258956.350, 63
Trd, 258956.467, 61
Trd, 258956.483, 63
Trd, 258956.567, 64
Trd, 258956.617, 60
Trd, 258956.633, 61
Trd, 258956.650, 71
Trd, 258956.750, 140
Trd, 258957.617, 140
Trd, 258957.917, 140
Trd, 258958.183, 140
Trd, 258958.633, 140
Trd, 258958.733, 140
Trd, 258958.767, 140
Trd, 258958.817, 140
Trd, 258958.967, 140
Trd, 258959.033, 140
Trd, 258959.083, 140
Trd, 258959.467, 138
Trd, 258960.117, 140
Trd, 258960.167, 140
Trd, 258960.317, 140
Trd, 258960.450, 138
Trd, 258960.467, 135
Trd, 258960.550, 140
Trd, 258960.683, 136
Trd, 258961.200, 138
Trd, 258961.733, 117
Trd, 258962.017, 111
Trd, 258962.067, 129
Trd, 258962.250, 130
Trd, 258962.667, 129
Trd, 258962.783, 120
Trd, 258963.033, 97
Trd, 258963.183, 118
Trd, 258963.267, 103
Trd, 258963.433, 99
Trd, 258963.483, 119
Trd, 258963.583, 122
Trd, 258963.700, 98
Trd, 258964.117, 98
Trd, 258964.233, 96
Trd, 258964.600, 117
Trd, 258964.633, 124
Trd, 258964.700, 127
Trd, 258964.733, 103
Trd, 258964.817, 88
Trd, 258965.017, 104
Trd, 258965.183, 139
Trd, 258965.400, 130
Trd, 258966.050, 140
Trd, 258966.167, 140
Trd, 258966.517, 140
Trd, 258966.617, 140
Trd, 258966.650, 139
Trd, 258966.950, 139
Trd, 258967.117, 136
Trd, 258967.683, 139
Trd, 258967.950, 137
Trd, 258968.167, 140
Trd, 258968.233, 139
Trd, 258968.567, 137
Trd, 258968.783, 136
Trd, 258969.000, 136
Trd, 258969.083, 138
Trd, 258969.317, 133
Trd, 258969.533, 119
Trd, 258969.700, 114
Trd, 258969.717, 135
Trd, 258969.983, 103
Trd, 258970.250, 98
Trd, 258970.383, 97
Trd, 258970.550, 108
Trd, 258970.867, 104
Trd, 258970.883, 103
Trd, 258970.967, 88
Trd, 258971.000, 131
Trd, 258971.400, 127
Trd, 258971.550, 86
Trd, 258971.700, 129
Trd, 258971.833, 130
Trd, 258971.850, 132
Trd, 258971.900, 87
Trd, 258972.000, 132
Trd, 258972.267, 115
Trd, 258972.400, 139
Trd, 258972.483, 138
Trd, 258972.900, 138
Trd, 258972.967, 104
Trd, 258973.017, 88
Trd, 258973.133, 138
Trd, 258973.283, 135
Trd, 258974.817, 140
Trd, 258975.250, 140
Trd, 258975.550, 140
Trd, 258975.683, 140
Trd, 258976.350, 140
Trd, 258976.533, 140
Trd, 258976.633, 140
Trd, 258976.650, 140
Trd, 258976.733, 140
Trd, 258977.550, 140
Trd, 258978.117, 140
Trd, 258978.417, 140
Trd, 258978.533, 140
Trd, 258978.733, 140
Trd, 258979.183, 140
Trd, 258979.383, 140
Trd, 258979.900, 140
Trd, 258979.983, 140
Trd, 258980.100, 140
Trd, 258980.717, 140
Trd, 258980.883, 140
Trd, 258981.050, 138
Trd, 258981.117, 136
Trd, 258981.333, 136
Trd, 258981.417, 128
Trd, 258981.467, 127
Trd, 258981.567, 127
Trd, 258981.600, 105
Trd, 258981.650, 79
Trd, 258981.700, 133
Trd, 258981.850, 136
Trd, 258981.900, 131
Trd, 258982.100, 137
Trd, 258982.633, 132
Trd, 258982.917, 108
Trd, 258983.117, 108
Trd, 258983.367, 140
Trd, 258983.783, 140
Trd, 258983.950, 136
Trd, 258983.967, 135
Trd, 258984.233, 129
Trd, 258984.533, 137
Trd, 258984.550, 138
Trd, 258984.633, 127
Trd, 258984.850, 138
Trd, 258984.900, 126
Trd, 258985.017, 123
Trd, 258985.050, 123
Trd, 258985.083, 122
Trd, 258985.500, 133
Trd, 258985.617, 134
Trd, 258985.950, 127
Trd, 258986.450, 130
Trd, 258986.650, 129
Trd, 258986.783, 129
Trd, 258986.817, 113
Trd, 258986.983, 108
Trd, 258987.217, 124
Trd, 258987.617, 126
Trd, 258987.850, 107
Trd, 258988.067, 124
Trd, 258988.133, 120
Trd, 258988.367, 127
Trd, 258988.383, 105
Trd, 258988.417, 103
Trd, 258988.633, 130
Trd, 258988.667, 98
Trd, 258989.183, 109
Trd, 258989.600, 111
Trd, 258989.650, 108
Trd, 258989.917, 123
Trd, 258990.100, 77
Trd, 258990.167, 62
Trd, 258990.367, 61
Trd, 258991.233, 81
Trd, 258991.317, 81
Trd, 258991.500, 64
Trd, 258991.533, 81
Trd, 258991.733, 63
Trd, 258991.917, 82
Trd, 258992.333, 121
Trd, 258992.583, 119
Trd, 258992.717, 122
Trd, 258992.733, 119
Trd, 258992.783, 118
Trd, 258992.900, 73
Trd, 258993.033, 131
Trd, 258993.250, 140
Trd, 258993.367, 139
Trd, 258993.567, 140
Trd, 258993.883, 140
Trd, 258994.400, 140
Trd, 258994.650, 140
Trd, 258994.667, 140
Trd, 258995.017, 133
Trd, 258995.167, 121
Trd, 258995.283, 113
Trd, 258995.400, 102
Trd, 258996.117, 125
Trd, 258996.900, 140
Trd, 258996.967, 140
Trd, 258997.117, 140
Trd, 258997.217, 140
Trd, 258997.433, 139
Trd, 258997.617, 138
Trd, 258997.700, 140
Trd, 258997.867, 134
Trd, 258997.917, 133
Trd, 258998.067, 133
Trd, 258998.133, 119
Trd, 258998.183, 112
Trd, 258998.233, 110
Trd, 258998.317, 134
Trd, 258998.733, 103
Trd, 258998.783, 95
Trd, 258999.267, 140
Trd, 258999.500, 140
Trd, 258999.650, 140
Trd, 258999.767, 140
Trd, 259000.017, 140
Trd, 259000.167, 140
Trd, 259000.317, 139
Trd, 259000.500, 140
Trd, 259001.050, 139
Trd, 259001.167, 138
Trd, 259001.633, 136
Trd, 259002.200, 137
Trd, 259002.317, 134
Trd, 259002.433, 117
Trd, 259002.783, 140
Trd, 259002.917, 140
Trd, 259003.300, 137
Trd, 259003.733, 136
Trd, 259003.983, 123
Trd, 259004.467, 140
Trd, 259004.667, 130
Trd, 259004.717, 129
Trd, 259005.033, 139
Trd, 259005.133, 139
Trd, 259005.850, 140
Trd, 259005.867, 140
Trd, 259005.883, 140
Trd, 259006.350, 140
Trd, 259006.433, 139
Trd, 259006.833, 140
Trd, 259006.900, 139
Trd, 259006.917, 139
Trd, 259006.933, 138
Trd, 259007.033, 135
Trd, 259007.217, 129
Trd, 259007.283, 140
Trd, 259007.767, 128
Trd, 259007.883, 133
Trd, 259008.350, 121
Trd, 259008.483, 120
Trd, 259008.567, 133
Trd, 259008.600, 112
Trd, 259009.017, 93
Trd, 259009.050, 134
Trd, 259009.517, 116
Trd, 259010.217, 126
Trd, 259010.250, 125
Trd, 259010.417, 99
Trd, 259010.650, 91
Trd, 259011.433, 114
Trd, 259011.533, 91
Trd, 259011.567, 90
Trd, 259011.617, 116
Trd, 259011.650, 96
Trd, 259011.733, 116
Trd, 259012.067, 70
Trd, 259012.167, 63
Trd, 259012.250, 116
Trd, 259012.483, 96
Trd, 259012.500, 95
Trd, 259012.517, 62
Trd, 259012.600, 60
Trd, 259012.800, 113
Trd, 259012.950, 63
Trd, 259012.967, 115
Trd, 259013.167, 116
Trd, 259013.250, 118
Trd, 259013.350, 73
Trd, 259013.367, 63
Trd, 259013.650, 140
Trd, 259013.850, 140
Trd, 259014.250, 140
Trd, 259014.767, 140
Trd, 259015.150, 140
Trd, 259015.383, 140
Trd, 259015.950, 140
Trd, 259016.267, 140
Trd, 259016.333, 140
Trd, 259016.383, 140
Trd, 259016.517, 140
Trd, 259016.667, 140
Trd, 259016.833, 140
Trd, 259016.867, 140
Trd, 259016.900, 139
Trd, 259017.017, 139
Trd, 259017.050, 140
Trd, 259017.200, 140
Trd, 259017.567, 139
Trd, 259018.083, 139
Trd, 259018.817, 139
Trd, 259019.067, 137
Trd, 259019.500, 130
Trd, 259019.717, 128
Trd, 259019.950, 136
Trd, 259020.267, 128
Trd, 259020.367, 132
Trd, 259020.533, 123
Trd, 259020.600, 122
Trd, 259021.317, 123
Trd, 259021.383, 123
Trd, 259021.500, 122
Trd, 259021.600, 120
Trd, 259021.633, 121
Trd, 259021.683, 122
Trd, 259021.733, 120
Trd, 259022.933, 113
Trd, 259023.083, 115
Trd, 259023.100, 112
Trd, 259023.117, 117
Trd, 259023.700, 111
Trd, 259023.783, 110
Trd, 259023.817, 118
Trd, 259023.883, 109
Trd, 259023.933, 103
Trd, 259024.000, 120
Trd, 259024.083, 125
Trd, 259024.167, 77
Trd, 259024.350, 69
Trd, 259024.467, 139
Trd, 259024.500, 60
Trd, 259024.633, 118
Trd, 259024.983, 139
Trd, 259025.033, 125
Trd, 259025.383, 138
Trd, 259025.450, 128
Trd, 259026.200, 139
Trd, 259026.383, 136
Trd, 259027.233, 140
Trd, 259027.317, 140
Trd, 259027.400, 137
Trd, 259027.933, 127
Trd, 259028.200, 133
Trd, 259028.800, 140
Trd, 259028.967, 140
Trd, 259029.067, 140
Trd, 259029.267, 140
Trd, 259029.283, 139
Trd, 259029.633, 139
Trd, 259029.850, 121
Trd, 259030.483, 139
Trd, 259030.517, 140
Trd, 259030.583, 136
Trd, 259030.800, 126
Trd, 259031.033, 125
Trd, 259031.100, 125
Trd, 259031.150, 134
Trd, 259031.350, 124
Trd, 259031.533, 124
Trd, 259031.667, 110
Trd, 259031.683, 101
Trd, 259032.983, 123
Trd, 259033.017, 122
Trd, 259033.050, 123
Trd, 259033.183, 120
Trd, 259033.217, 119
Trd, 259033.300, 67
Trd, 259033.400, 73
Trd, 259033.633, 76
Trd, 259033.833, 123
Trd, 259034.083, 79
Trd, 259034.133, 75
Trd, 259034.500, 121
Trd, 259034.533, 123
Trd, 259034.800, 85
Trd, 259034.883, 120
Trd, 259034.950, 96
Trd, 259035.033, 84
Trd, 259035.533, 60
Trd, 259035.850, 60
Trd, 259035.967, 60
Trd, 259036.033, 60
Trd, 259036.183, 60
Trd, 259036.200, 61
Trd, 259036.533, 68
Trd, 259037.033, 64
Trd, 259037.150, 68
Trd, 259037.217, 62
Trd, 259037.483, 63
Trd, 259037.633, 65
Trd, 259037.667, 69
Trd, 259037.917, 72
Trd, 259038.217, 73
Trd, 259038.250, 82
Trd, 259038.467, 115
Trd, 259039.000, 121
Trd, 259039.100, 116
Trd, 259039.183, 115
Trd, 259039.267, 113
Trd, 259039.517, 120
Trd, 259039.683, 110
Trd, 259039.800, 109
Trd, 259040.033, 103
Trd, 259040.217, 117
Trd, 259040.267, 117
Trd, 259040.483, 114
Trd, 259040.600, 84
Trd, 259040.650, 79
Trd, 259040.850, 76
Trd, 259041.467, 112
Trd, 259042.000, 107
Trd, 259042.033, 103
Trd, 259042.200, 99
Trd, 259042.317, 114
Trd, 259042.367, 115
Trd, 259042.417, 140
Trd, 259042.733, 140
Trd, 259043.317, 140
Trd, 259043.617, 139
Trd, 259044.250, 139
Trd, 259044.367, 139
Trd, 259044.567, 139
Trd, 259044.767, 139
Trd, 259044.933, 140
Trd, 259045.100, 140
Trd, 259045.150, 139
Trd, 259045.250, 140
Trd, 259045.533, 139
Trd, 259045.700, 127
Trd, 259045.833, 128
Trd, 259045.900, 111
Trd, 259046.100, 107
Trd, 259046.300, 102
Trd, 259047.083, 60
Trd, 259047.350, 60
Trd, 259047.383, 60
Trd, 259047.500, 60
Trd, 259048.217, 60
Trd, 259048.250, 60
Trd, 259048.283, 60
Trd, 259048.383, 60
Trd, 259048.583, 60
Trd, 259048.633, 60
Trd, 259048.883, 61
Trd, 259049.033, 60
Trd, 259049.433, 60
Trd, 259049.583, 60
Trd, 259049.617, 62
Trd, 259049.883, 62
Trd, 259049.983, 63
Trd, 259050.350, 61
Trd, 259050.367, 60
Trd, 259050.433, 62
Trd, 259050.567, 61
Trd, 259050.867, 64
Trd, 259051.183, 61
Trd, 259051.250, 63
Trd, 259051.517, 64
Trd, 259051.533, 63
Trd, 259051.617, 65
Trd, 259051.650, 67
Trd, 259052.017, 62
Trd, 259052.283, 63
Trd, 259052.300, 75
Trd, 259052.433, 106
Trd, 259052.750, 61
Trd, 259052.817, 61
Trd, 259053.233, 61
Trd, 259053.333, 61
Trd, 259053.467, 61
Trd, 259053.633, 62
Trd, 259053.717, 69
Trd, 259053.900, 69
Trd, 259054.150, 62
Trd, 259054.267, 63
Trd, 259054.617, 71
Trd, 259054.967, 63
Trd, 259055.150, 64
Trd, 259055.417, 60
Trd, 259056.050, 60
Trd, 259056.667, 60
Trd, 259056.800, 60
Trd, 259057.267, 60
Trd, 259057.400, 61
Trd, 259057.617, 60
Trd, 259057.650, 62
Trd, 259057.750, 60
Trd, 259057.883, 60
Trd, 259057.967, 61
Trd, 259058.433, 61
Trd, 259058.500, 62
Trd, 259058.767, 62
Trd, 259058.867, 67
Trd, 259058.967, 64
Trd, 259059.033, 69
Trd, 259059.467, 84
Trd, 259059.667, 137
Trd, 259060.000, 140
Trd, 259060.067, 140
Trd, 259060.250, 140
Trd, 259060.317, 140
Trd, 259060.517, 140
Trd, 259060.767, 140
Trd, 259060.817, 136
Trd, 259060.833, 84
Trd, 259061.733, 128
Trd, 259061.817, 127
Trd, 259061.900, 139
Trd, 259062.050, 127
Trd, 259062.483, 140
Trd, 259062.650, 139
Trd, 259063.033, 133
Trd, 259063.417, 140
Trd, 259063.467, 140
Trd, 259063.567, 132
Trd, 259063.667, 140
Trd, 259063.733, 125
Trd, 259063.800, 110
Trd, 259063.883, 96
Trd, 259064.067, 140
Trd, 259064.217, 140
Trd, 259064.333, 96
Trd, 259064.733, 138
Trd, 259064.983, 134
Trd, 259065.550, 140
Trd, 259065.650, 140
Trd, 259066.550, 140
Trd, 259066.583, 140
Trd, 259066.717, 136
Trd, 259066.917, 120
Trd, 259067.633, 138
Trd, 259067.650, 122
Trd, 259068.083, 137
Trd, 259068.533, 140
Trd, 259068.550, 140
Trd, 259068.567, 139
Trd, 259068.583, 138
Trd, 259068.683, 122
Trd, 259069.000, 120
Trd, 259069.050, 118
Trd, 259069.150, 139
Trd, 259069.300, 114
Trd, 259069.350, 140
Trd, 259069.617, 139
Trd, 259069.683, 131
Trd, 259070.133, 126
Trd, 259070.217, 138
Trd, 259070.367, 137
Trd, 259070.850, 123
Trd, 259070.900, 133
Trd, 259071.467, 132
Trd, 259071.633, 109
Trd, 259071.867, 131
Trd, 259072.000, 130
Trd, 259072.033, 109
Trd, 259072.267, 132
Trd, 259072.367, 123
Trd, 259072.400, 132
Trd, 259072.517, 122
Trd, 259073.067, 122
Trd, 259073.233, 122
Trd, 259073.467, 126
Trd, 259073.867, 122
Trd, 259074.083, 122
Trd, 259074.183, 121
Trd, 259074.350, 121
Trd, 259074.483, 130
Trd, 259074.567, 120
Trd, 259074.583, 132
Trd, 259074.817, 135
Trd, 259074.883, 124
Trd, 259075.150, 121
Trd, 259075.200, 136
Trd, 259075.283, 116
Trd, 259075.533, 135
Trd, 259075.700, 137
Trd, 259075.733, 104
Trd, 259075.933, 125
Trd, 259076.300, 61
Trd, 259076.850, 61
Trd, 259077.067, 103
Trd, 259077.633, 130
Trd, 259077.667, 117
Trd, 259077.750, 131
Trd, 259077.767, 115
Trd, 259078.267, 126
Trd, 259078.450, 126
Trd, 259078.533, 128
Trd, 259078.733, 129
Trd, 259078.767, 99
Trd, 259078.950, 140
Trd, 259079.117, 98
Trd, 259079.200, 81
Trd, 259079.483, 83
Trd, 259079.767, 137
Trd, 259079.850, 83
Trd, 259080.450, 109
Trd, 259080.550, 140
Trd, 259080.583, 103
Trd, 259080.617, 81
Trd, 259081.100, 120
Trd, 259081.133, 91
Trd, 259081.167, 81
Trd, 259082.017, 126
Trd, 259082.083, 135
Trd, 259082.350, 140
Trd, 259082.417, 140
Trd, 259082.733, 83
Trd, 259083.133, 121
Trd, 259083.633, 87
Trd, 259083.667, 118
Trd, 259083.750, 118
Trd, 259083.833, 117
Trd, 259083.917, 81
Trd, 259084.800, 111
Trd, 259084.817, 105
Trd, 259084.917, 112
Trd, 259084.933, 117
Trd, 259084.983, 82
Trd, 259085.367, 102
Trd, 259085.467, 92
Trd, 259085.667, 89
Trd, 259085.767, 122
Trd, 259085.867, 116
Trd, 259086.083, 86
Trd, 259086.183, 120
Trd, 259086.517, 83
Trd, 259086.533, 82
Trd, 259086.750, 60
Trd, 259086.950, 61
Trd, 259087.017, 61
Trd, 259087.083, 64
Trd, 259087.267, 61
Trd, 259087.450, 62
Trd, 259088.400, 60
Trd, 259088.583, 60
Trd, 259089.033, 60
Trd, 259089.150, 60
Trd, 259089.233, 60
Trd, 259089.350, 60
Trd, 259089.717, 60
Trd, 259089.800, 60
Trd, 259090.283, 60
Trd, 259090.533, 60
Trd, 259090.633, 60
Trd, 259090.717, 60
Trd, 259090.800, 62
Trd, 259090.933, 62
Trd, 259091.183, 63
Trd, 259091.333, 63
Trd, 259091.350, 64
Trd, 259091.483, 61
Trd, 259091.750, 61
Trd, 259091.833, 60
Trd, 259092.167, 61
Trd, 259092.217, 61
Trd, 259092.500, 61
Trd, 259092.700, 62
Trd, 259092.900, 73
Trd, 259093.183, 66
Trd, 259093.283, 65
Trd, 259093.517, 118
Trd, 259093.650, 138
Trd, 259093.683, 94
Trd, 259093.700, 87
Trd, 259094.017, 61
Trd, 259094.083, 71
Trd, 259094.450, 140
Trd, 259094.617, 140
Trd, 259095.033, 140
Trd, 259095.433, 140
Trd, 259095.467, 139
Trd, 259095.550, 137
Trd, 259095.850, 137
Trd, 259095.983, 136
Trd, 259096.017, 119
Trd, 259096.183, 140
Trd, 259096.367, 140
Trd, 259096.533, 140
Trd, 259096.883, 103
Trd, 259097.200, 98
Trd, 259097.517, 130
Trd, 259097.583, 130
Trd, 259097.700, 121
Trd, 259097.817, 126
Trd, 259098.300, 92
Trd, 259098.800, 125
Trd, 259098.867, 110
Trd, 259098.933, 126
Trd, 259098.983, 92
Trd, 259099.083, 91
Trd, 259099.250, 122
Trd, 259099.267, 97
Trd, 259099.283, 123
Trd, 259099.500, 91
Trd, 259099.583, 124
Trd, 259099.983, 136
Trd, 259100.483, 139
Trd, 259100.983, 132
Trd, 259101.467, 140
Trd, 259101.550, 140
Trd, 259101.750, 140
Trd, 259102.067, 139
Trd, 259102.400, 125
Trd, 259102.633, 140
Trd, 259102.983, 140
Trd, 259103.000, 139
Trd, 259103.150, 137
Trd, 259103.233, 139
Trd, 259103.500, 133
Trd, 259104.200, 133
Trd, 259104.483, 122
Trd, 259104.783, 117
Trd, 259104.867, 116
Trd, 259105.000, 126
Trd, 259105.017, 129
Trd, 259105.317, 93
Trd, 259105.383, 90
Trd, 259105.417, 127
Trd, 259105.750, 128
Trd, 259106.233, 118
Trd, 259106.333, 125
Trd, 259106.483, 120
Trd, 259106.833, 122
Trd, 259106.850, 121
Trd, 259107.117, 124
Trd, 259107.283, 129
Trd, 259107.300, 133
Trd, 259107.483, 119
Trd, 259107.550, 99
Trd, 259107.633, 97
Trd, 259107.733, 84
Trd, 259108.383, 60
Trd, 259108.467, 60
Trd, 259108.533, 60
Trd, 259109.033, 61
Trd, 259109.133, 61
Trd, 259109.400, 60
Trd, 259109.483, 60
Trd, 259109.517, 61
Trd, 259109.533, 65
Trd, 259109.567, 65
Trd, 259109.583, 92
Trd, 259109.700, 61
Trd, 259110.217, 61
Trd, 259110.483, 61
Trd, 259110.667, 60
Trd, 259111.017, 61
Trd, 259111.150, 63
Trd, 259111.183, 63
Trd, 259111.233, 61
Trd, 259111.333, 97
Trd, 259111.500, 60
Trd, 259112.317, 140
Trd, 259112.417, 140
Trd, 259112.633, 140
Trd, 259113.283, 126
Trd, 259113.683, 140
Trd, 259113.850, 135
Trd, 259114.183, 140
Trd, 259114.200, 140
Trd, 259114.433, 140
Trd, 259114.983, 140
Trd, 259115.000, 136
Trd, 259115.117, 125
Trd, 259115.233, 126
Trd, 259115.650, 120
Trd, 259115.767, 119
Trd, 259115.783, 82
Trd, 259115.933, 140
Trd, 259116.100, 139
Trd, 259116.567, 138
Trd, 259116.600, 137
Trd, 259116.700, 137
Trd, 259116.833, 137
Trd, 259117.067, 139
Trd, 259117.083, 137
Trd, 259117.467, 140
Trd, 259117.917, 137
Trd, 259118.050, 138
Trd, 259118.233, 140
Trd, 259118.350, 140
Trd, 259118.533, 137
Trd, 259118.700, 138
Trd, 259119.050, 138
Trd, 259119.233, 138
Trd, 259119.267, 126
Trd, 259119.317, 117
Trd, 259119.467, 102
Trd, 259119.533, 93
Trd, 259119.867, 136
Trd, 259119.983, 123
Trd, 259120.067, 101
Trd, 259120.283, 67
Trd, 259120.417, 65
Trd, 259120.717, 60
Trd, 259120.867, 70
Trd, 259121.183, 61
Trd, 259121.550, 60
Trd, 259121.700, 60
Trd, 259121.733, 61
Trd, 259121.817, 62
Trd, 259122.483, 60
Trd, 259122.717, 60
Trd, 259122.817, 60
Trd, 259123.350, 60
Trd, 259123.633, 60
Trd, 259123.767, 61
Trd, 259124.183, 61
Trd, 259124.317, 61
Trd, 259124.333, 62
Trd, 259124.533, 61
Trd, 259124.583, 62
Trd, 259124.733, 62
Trd, 259124.750, 61
Trd, 259125.033, 65
Trd, 259125.233, 127
Trd, 259125.450, 129
Trd, 259125.883, 66
Trd, 259126.067, 137
Trd, 259126.133, 139
Trd, 259126.450, 132
Trd, 259126.800, 140
Trd, 259126.850, 140
Trd, 259127.233, 139
Trd, 259127.300, 138
Trd, 259127.400, 136
Trd, 259127.733, 135
Trd, 259127.967, 139
Trd, 259128.583, 139
Trd, 259129.017, 139
Trd, 259129.067, 138
Trd, 259129.250, 140
Trd, 259129.350, 139
Trd, 259129.517, 137
Trd, 259130.183, 140
Trd, 259130.217, 140
Trd, 259130.233, 139
Trd, 259130.917, 119
Trd, 259131.067, 131
Trd, 259131.083, 129
Trd, 259131.600, 86
Trd, 259131.950, 130
Trd, 259131.983, 129
Trd, 259132.133, 113
Trd, 259132.250, 85
Trd, 259132.267, 129
Trd, 259132.400, 128
Trd, 259132.567, 130
Trd, 259132.900, 132
Trd, 259132.950, 99
Trd, 259133.200, 90
Trd, 259133.217, 87
Trd, 259133.583, 133
Trd, 259133.717, 134
Trd, 259133.883, 122
Trd, 259134.200, 140
Trd, 259134.517, 140
Trd, 259134.600, 140
Trd, 259135.167, 140
Trd, 259135.300, 139
Trd, 259135.417, 139
Trd, 259135.650, 129
Trd, 259135.717, 120
Trd, 259135.733, 105
Trd, 259136.067, 91
Trd, 259136.417, 89
Trd, 259136.633, 133
Trd, 259136.667, 135
Trd, 259136.767, 131
Trd, 259136.817, 119
Trd, 259137.100, 88
Trd, 259137.117, 87
Trd, 259137.483, 134
Trd, 259137.717, 133
Trd, 259137.833, 123
Trd, 259138.017, 122
Trd, 259138.550, 118
Trd, 259138.717, 119
Trd, 259138.750, 118
Trd, 259138.767, 99
Trd, 259138.850, 129
Trd, 259139.450, 64
Trd, 259139.500, 64
Trd, 259139.717, 64
Trd, 259140.317, 65
Trd, 259140.550, 64
Trd, 259140.617, 65
Trd, 259140.917, 64
Trd, 259140.933, 62
Trd, 259141.083, 60
Trd, 259141.200, 61
Trd, 259141.367, 66
Trd, 259141.600, 62
Trd, 259141.700, 61
Trd, 259141.983, 63
Trd, 259142.183, 63
Trd, 259142.317, 63
Trd, 259142.817, 107
Trd, 259142.850, 106
Trd, 259143.233, 63
Trd, 259143.817, 98
Trd, 259143.850, 81
Trd, 259144.017, 117
Trd, 259144.133, 82
Trd, 259144.283, 118
Trd, 259144.400, 120
Trd, 259144.483, 136
Trd, 259144.717, 139
Trd, 259144.817, 137
Trd, 259145.067, 134
Trd, 259145.467, 140
Trd, 259145.600, 121
Trd, 259146.100, 140
Trd, 259146.550, 116
Trd, 259146.767, 138
Trd, 259147.600, 140
Trd, 259147.867, 140
Trd, 259148.150, 140
Trd, 259148.183, 140
Trd, 259148.317, 140
Trd, 259148.350, 140
Trd, 259148.433, 138
Trd, 259148.467, 140
Trd, 259148.667, 140
Trd, 259148.767, 136
Trd, 259149.017, 134
Trd, 259149.350, 124
Trd, 259149.567, 114
Trd, 259149.683, 113
Trd, 259149.933, 132
Trd, 259150.083, 133
Trd, 259150.217, 133
Trd, 259150.367, 134
Trd, 259150.650, 131
Trd, 259150.717, 109
Trd, 259150.850, 129
Trd, 259150.950, 107
Trd, 259151.050, 107
Trd, 259151.167, 130
Trd, 259151.333, 105
Trd, 259151.683, 129
Trd, 259151.767, 124
Trd, 259151.800, 123
Trd, 259151.817, 130
Trd, 259152.050, 130
Trd, 259152.233, 104
Trd, 259152.283, 92
Trd, 259152.583, 88
Trd, 259152.633, 87
Trd, 259153.217, 124
Trd, 259153.250, 92
Trd, 259153.367, 87
Trd, 259153.800, 95
Trd, 259153.917, 101
Trd, 259154.717, 60
Trd, 259154.883, 60
Trd, 259155.033, 60
Trd, 259155.083, 60
Trd, 259155.383, 60
Trd, 259155.483, 60
Trd, 259155.617, 60
Trd, 259155.717, 61
Trd, 259155.933, 62
Trd, 259156.067, 60
Trd, 259156.100, 60
Trd, 259156.317, 60
Trd, 259156.333, 61
Trd, 259156.667, 62
Trd, 259156.867, 63
Trd, 259157.050, 61
Trd, 259157.500, 62
Trd, 259157.550, 63
Trd, 259157.733, 60
Trd, 259157.800, 61
Trd, 259157.817, 63
Trd, 259157.950, 60
Trd, 259158.100, 62
Trd, 259158.183, 64
Trd, 259158.250, 64
Trd, 259158.567, 62
Trd, 259158.867, 67
Trd, 259158.917, 136
Trd, 259159.183, 67
Trd, 259159.700, 82
Trd, 259160.217, 92
Trd, 259160.267, 120
Trd, 259160.600, 140
Trd, 259160.750, 140
Trd, 259160.800, 90
Trd, 259161.067, 132
Trd, 259161.167, 90
Trd, 259161.883, 140
Trd, 259162.033, 140
Trd, 259162.217, 140
Trd, 259162.300, 139
Trd, 259162.400, 139
Trd, 259162.600, 140
Trd, 259162.683, 136
Trd, 259162.867, 133
Trd, 259162.967, 116
Trd, 259163.000, 91
Trd, 259163.417, 60
Trd, 259163.450, 60
Trd, 259164.200, 60
Trd, 259164.367, 60
Trd, 259164.567, 60
Trd, 259164.617, 60
Trd, 259164.733, 60
Trd, 259164.817, 61
Trd, 259164.917, 61
Trd, 259165.050, 63
Trd, 259165.333, 62
Trd, 259165.350, 63
Trd, 259165.533, 61
Trd, 259165.617, 61
Trd, 259165.767, 62
Trd, 259165.783, 63
Trd, 259166.367, 65
Trd, 259166.483, 102
Trd, 259166.783, 112
Trd, 259166.950, 66
Trd, 259167.033, 65
Trd, 259167.117, 134
Trd, 259167.283, 138
Trd, 259167.567, 75
Trd, 259167.683, 97
Trd, 259167.717, 75
Trd, 259167.917, 140
Trd, 259168.033, 74
Trd, 259168.283, 76
Trd, 259168.667, 60
Trd, 259168.717, 65
Trd, 259169.083, 140
Trd, 259169.267, 140
Trd, 259169.350, 140
Trd, 259169.617, 139
Trd, 259169.733, 139
Trd, 259170.000, 140
Trd, 259170.450, 137
Trd, 259170.700, 135
Trd, 259170.717, 134
Trd, 259171.217, 137
Trd, 259171.400, 138
Trd, 259171.467, 139
Trd, 259171.650, 132
Trd, 259171.883, 130
Trd, 259172.033, 127
Trd, 259172.067, 120
Trd, 259172.717, 111
Trd, 259172.767, 128
Trd, 259172.900, 110
Trd, 259172.950, 103
Trd, 259173.083, 78
Trd, 259173.383, 60
Trd, 259173.433, 60
Trd, 259173.450, 123
Trd, 259173.800, 63
Trd, 259174.083, 103
Trd, 259174.117, 126
Trd, 259174.183, 128
Trd, 259174.750, 130
Trd, 259175.150, 126
Trd, 259175.317, 113
Trd, 259175.367, 104
Trd, 259175.533, 95
Trd, 259175.717, 96
Trd, 259176.017, 140
Trd, 259176.233, 133
Trd, 259176.983, 140
Trd, 259177.100, 134
Trd, 259177.117, 133
Trd, 259177.200, 137
Trd, 259177.733, 134
Trd, 259177.900, 134
Trd, 259178.117, 139
Trd, 259178.250, 133
Trd, 259178.583, 138
Trd, 259178.667, 132
Trd, 259178.833, 137
Trd, 259179.283, 140
Trd, 259179.517, 131
Trd, 259179.900, 131
Trd, 259180.017, 130
Trd, 259180.083, 122
Trd, 259180.367, 121
Trd, 259180.433, 121
Trd, 259180.600, 104
Trd, 259180.650, 130
Trd, 259180.717, 130
Trd, 259181.183, 106
Trd, 259181.283, 123
Trd, 259181.550, 122
Trd, 259181.583, 106
Trd, 259181.617, 123
Trd, 259181.700, 125
Trd, 259181.917, 126
Trd, 259182.183, 118
Trd, 259182.233, 117
Trd, 259182.267, 129
Trd, 259182.633, 119
Trd, 259182.800, 129
Trd, 259182.900, 129
Trd, 259183.483, 130
Trd, 259183.583, 130
Trd, 259183.733, 129
Trd, 259183.983, 139
Trd, 259184.083, 136
Trd, 259184.167, 116
Trd, 259184.550, 116
Trd, 259185.017, 138
Trd, 259185.133, 137
Trd, 259185.417, 122
Trd, 259185.600, 119
Trd, 259185.850, 117
Trd, 259185.983, 132
Trd, 259186.017, 116
Trd, 259186.300, 98
Trd, 259186.683, 133
Trd, 259186.700, 88
Trd, 259187.017, 140
Trd, 259187.550, 135
Trd, 259187.633, 137
Trd, 259188.183, 136
Trd, 259188.250, 135
Trd, 259188.350, 134
Trd, 259188.617, 116
Trd, 259188.733, 140
Trd, 259188.933, 111
Trd, 259189.083, 105
Trd, 259189.750, 139
Trd, 259190.567, 140
Trd, 259190.900, 140
Trd, 259191.550, 140
Trd, 259191.817, 140
Trd, 259191.933, 140
Trd, 259191.950, 140
Trd, 259191.967, 140
Trd, 259192.033, 133
Trd, 259192.100, 138
Trd, 259192.283, 128
Trd, 259192.483, 129
Trd, 259192.667, 127
Trd, 259192.967, 127
Trd, 259193.250, 94
Trd, 259193.400, 124
Trd, 259193.483, 124
Trd, 259193.533, 88
Trd, 259193.550, 87
Trd, 259193.733, 81
Trd, 259193.983, 75
Trd, 259194.150, 89
Trd, 259194.417, 118
Trd, 259194.600, 119
Trd, 259194.750, 116
Trd, 259194.900, 119
Trd, 259195.067, 87
Trd, 259195.750, 118
Trd, 259195.883, 86
Trd, 259196.133, 117
Trd, 259196.300, 118
Trd, 259196.317, 88
Trd, 259196.350, 86
Trd, 259196.383, 85
Trd, 259196.650, 116
Trd, 259196.717, 118
Trd, 259197.200, 64
Trd, 259197.250, 69
Trd, 259197.300, 88
Trd, 259197.517, 89
Trd, 259197.583, 139
Trd, 259198.517, 88
Trd, 259198.850, 140
Trd, 259199.167, 140
Trd, 259199.333, 140
Trd, 259199.400, 140
Trd, 259199.750, 137
Trd, 259199.983, 138
