Trd, 258591.850, 140
Trd, 258591.967, 134
Trd, 258592.283, 139
Trd, 258592.317, 132
Trd, 258592.450, 134
Trd, 258592.483, 131
Trd, 258592.533, 138
Trd, 258592.617, 123
Trd, 258592.683, 140
Trd, 258592.733, 125
Trd, 258592.833, 136
Trd, 258593.133, 138
Trd, 258593.883, 140
Trd, 258593.917, 140
Trd, 258594.233, 138
Trd, 258594.400, 123
Trd, 258594.633, 120
Trd, 258594.700, 117
Trd, 258595.100, 140
Trd, 258595.400, 139
Trd, 258595.417, 138
Trd, 258595.717, 137
Trd, 258596.417, 140
Trd, 258596.833, 140
Trd, 258597.000, 140
Trd, 258597.217, 136
Trd, 258597.267, 134
Trd, 258597.450, 137
Trd, 258597.517, 136
Trd, 258598.017, 140
Trd, 258598.033, 135
Trd, 258598.367, 140
Trd, 258598.567, 134
Trd, 258599.250, 140
Trd, 258599.483, 140
Trd, 258599.917, 140
Trd, 258600.633, 140
Trd, 258601.033, 140
Trd, 258601.483, 140
Trd, 258601.617, 140
Trd, 258601.717, 139
Trd, 258601.917, 140
Trd, 258602.067, 140
Trd, 258602.100, 139
Trd, 258602.167, 137
Trd, 258602.283, 134
Trd, 258602.450, 126
Trd, 258602.550, 120
Trd, 258602.900, 107
Trd, 258603.133, 99
Trd, 258603.250, 123
Trd, 258603.350, 97
Trd, 258603.767, 89
Trd, 258603.833, 122
Trd, 258603.950, 126
Trd, 258603.967, 82
Trd, 258604.467, 140
Trd, 258604.933, 140
Trd, 258604.967, 140
Trd, 258605.150, 139
Trd, 258605.300, 139
Trd, 258606.167, 137
Trd, 258606.200, 127
Trd, 258606.417, 118
Trd, 258607.133, 140
Trd, 258607.283, 140
Trd, 258607.400, 140
Trd, 258607.567, 139
Trd, 258607.617, 135
Trd, 258607.683, 132
Trd, 258607.783, 136
Trd, 258607.833, 140
Trd, 258608.183, 123
Trd, 258608.217, 117
Trd, 258608.467, 117
Trd, 258608.600, 132
Trd, 258608.667, 116
Trd, 258608.750, 104
Trd, 258608.883, 118
Trd, 258608.917, 93
Trd, 258608.983, 94
Trd, 258609.217, 140
Trd, 258609.783, 140
Trd, 258610.217, 139
Trd, 258610.350, 136
Trd, 258611.650, 140
Trd, 258611.667, 140
Trd, 258611.700, 140
Trd, 258611.717, 139
Trd, 258611.733, 137
Trd, 258612.217, 140
Trd, 258612.300, 119
Trd, 258612.333, 115
Trd, 258612.767, 128
Trd, 258613.017, 128
Trd, 258613.217, 136
Trd, 258613.367, 138
Trd, 258613.833, 139
Trd, 258614.333, 140
Trd, 258614.600, 140
Trd, 258614.650, 140
Trd, 258614.833, 136
Trd, 258614.883, 140
Trd, 258615.000, 133
Trd, 258615.767, 140
Trd, 258615.850, 139
Trd, 258615.867, 138
Trd, 258615.933, 137
Trd, 258615.950, 137
Trd, 258616.550, 129
Trd, 258616.600, 127
Trd, 258616.750, 140
Trd, 258616.850, 140
Trd, 258616.917, 116
Trd, 258617.133, 103
Trd, 258617.233, 104
Trd, 258618.067, 140
Trd, 258618.200, 130
Trd, 258618.433, 129
Trd, 258618.933, 124
Trd, 258619.333, 137
Trd, 258619.500, 137
Trd, 258619.517, 108
Trd, 258619.617, 140
Trd, 258619.667, 74
Trd, 258619.867, 104
Trd, 258619.967, 140
Trd, 258620.033, 93
Trd, 258620.367, 92
Trd, 258620.433, 138
Trd, 258620.700, 137
Trd, 258620.867, 120
Trd, 258621.083, 101
Trd, 258621.433, 140
Trd, 258621.933, 140
Trd, 258621.967, 140
Trd, 258621.983, 139
Trd, 258622.167, 139
Trd, 258622.433, 138
Trd, 258622.717, 140
Trd, 258622.917, 140
Trd, 258623.317, 139
Trd, 258623.433, 140
Trd, 258623.700, 139
Trd, 258623.800, 139
Trd, 258623.933, 135
Trd, 258623.967, 134
Trd, 258624.417, 140
Trd, 258624.600, 110
Trd, 258624.650, 117
Trd, 258624.750, 107
Trd, 258625.783, 135
Trd, 258625.817, 132
Trd, 258626.267, 138
Trd, 258626.417, 138
Trd, 258627.067, 138
Trd, 258627.100, 137
Trd, 258627.250, 139
Trd, 258627.300, 132
Trd, 258627.383, 129
Trd, 258627.433, 125
Trd, 258627.533, 124
Trd, 258627.817, 120
Trd, 258628.033, 133
Trd, 258628.117, 123
Trd, 258628.550, 140
Trd, 258629.017, 140
Trd, 258629.167, 140
Trd, 258629.233, 140
Trd, 258629.500, 129
Trd, 258629.850, 139
Trd, 258629.967, 140
Trd, 258630.567, 140
Trd, 258630.650, 140
Trd, 258630.667, 139
Trd, 258630.867, 138
Trd, 258631.000, 136
Trd, 258631.167, 139
Trd, 258631.250, 128
Trd, 258631.317, 126
Trd, 258631.483, 101
Trd, 258632.183, 140
Trd, 258632.217, 140
Trd, 258632.350, 140
Trd, 258632.867, 140
Trd, 258632.950, 139
Trd, 258633.067, 124
Trd, 258633.500, 140
Trd, 258633.767, 140
Trd, 258634.133, 140
Trd, 258634.217, 138
Trd, 258634.550, 136
Trd, 258634.633, 135
Trd, 258634.833, 135
Trd, 258635.083, 136
Trd, 258635.283, 128
Trd, 258635.433, 126
Trd, 258636.233, 139
Trd, 258636.250, 135
Trd, 258636.433, 139
Trd, 258636.467, 138
Trd, 258636.617, 128
Trd, 258636.667, 128
Trd, 258637.133, 130
Trd, 258637.250, 123
Trd, 258637.567, 115
Trd, 258637.583, 101
Trd, 258637.700, 130
Trd, 258637.783, 125
Trd, 258638.317, 127
Trd, 258638.333, 128
Trd, 258638.350, 132
Trd, 258638.483, 101
Trd, 258638.750, 101
Trd, 258638.800, 98
Trd, 258638.817, 95
Trd, 258639.300, 140
Trd, 258639.400, 140
Trd, 258639.517, 71
Trd, 258639.783, 140
Trd, 258639.983, 140
Trd, 258640.117, 66
Trd, 258640.483, 138
Trd, 258640.633, 61
Trd, 258640.800, 138
Trd, 258641.383, 75
Trd, 258641.550, 76
Trd, 258641.700, 140
Trd, 258642.067, 68
Trd, 258642.550, 69
Trd, 258642.750, 65
Trd, 258643.083, 64
Trd, 258643.217, 80
Trd, 258643.250, 99
Trd, 258643.350, 103
Trd, 258643.600, 108
Trd, 258643.750, 61
Trd, 258644.417, 67
Trd, 258644.500, 70
Trd, 258644.700, 69
Trd, 258644.883, 81
Trd, 258644.900, 82
Trd, 258645.017, 70
Trd, 258645.067, 68
Trd, 258645.700, 89
Trd, 258646.133, 140
Trd, 258646.183, 140
Trd, 258646.317, 131
Trd, 258646.333, 127
Trd, 258646.350, 107
Trd, 258646.417, 94
Trd, 258646.583, 82
Trd, 258647.200, 84
Trd, 258647.383, 64
Trd, 258647.683, 97
Trd, 258647.717, 93
Trd, 258648.067, 133
Trd, 258648.350, 61
Trd, 258648.550, 67
Trd, 258648.967, 140
Trd, 258649.000, 117
Trd, 258649.450, 139
Trd, 258649.550, 138
Trd, 258650.300, 140
Trd, 258650.500, 140
Trd, 258650.700, 139
Trd, 258650.767, 132
Trd, 258650.933, 128
Trd, 258651.000, 127
Trd, 258651.233, 122
Trd, 258651.383, 116
Trd, 258651.817, 133
Trd, 258651.867, 119
Trd, 258651.900, 115
Trd, 258652.300, 140
Trd, 258652.867, 140
Trd, 258652.933, 139
Trd, 258653.250, 135
Trd, 258653.400, 134
Trd, 258653.517, 132
Trd, 258653.533, 130
Trd, 258653.733, 140
Trd, 258653.800, 107
Trd, 258653.967, 139
Trd, 258653.983, 99
Trd, 258654.067, 140
Trd, 258654.233, 105
Trd, 258654.400, 138
Trd, 258654.633, 123
Trd, 258655.150, 105
Trd, 258655.667, 105
Trd, 258655.817, 102
Trd, 258656.000, 108
Trd, 258656.150, 109
Trd, 258656.267, 137
Trd, 258656.283, 106
Trd, 258656.383, 93
Trd, 258656.467, 139
Trd, 258656.783, 136
Trd, 258657.083, 66
Trd, 258657.300, 105
Trd, 258657.550, 138
Trd, 258657.667, 136
Trd, 258658.367, 140
Trd, 258658.450, 140
Trd, 258658.717, 140
Trd, 258658.917, 140
Trd, 258658.950, 140
Trd, 258659.117, 129
Trd, 258659.133, 120
Trd, 258659.317, 109
Trd, 258659.450, 139
Trd, 258659.533, 122
Trd, 258660.150, 140
Trd, 258660.283, 140
Trd, 258660.350, 139
Trd, 258660.750, 125
Trd, 258660.900, 137
Trd, 258661.400, 139
Trd, 258661.433, 140
Trd, 258661.867, 135
Trd, 258662.100, 130
Trd, 258662.533, 127
Trd, 258662.800, 126
Trd, 258663.033, 129
Trd, 258663.067, 124
Trd, 258663.200, 138
Trd, 258664.033, 139
Trd, 258664.333, 138
Trd, 258664.633, 139
Trd, 258664.667, 139
Trd, 258664.900, 139
Trd, 258665.283, 140
Trd, 258665.450, 139
Trd, 258665.633, 137
Trd, 258665.750, 137
Trd, 258665.767, 136
Trd, 258666.100, 140
Trd, 258666.117, 133
Trd, 258666.633, 137
Trd, 258666.900, 139
Trd, 258667.000, 132
Trd, 258667.683, 139
Trd, 258667.850, 140
Trd, 258668.133, 140
Trd, 258668.167, 139
Trd, 258668.417, 140
Trd, 258668.633, 133
Trd, 258668.683, 132
Trd, 258668.733, 125
Trd, 258669.333, 138
Trd, 258669.667, 125
Trd, 258669.917, 123
Trd, 258669.967, 97
Trd, 258670.233, 122
Trd, 258670.700, 112
Trd, 258671.133, 135
Trd, 258671.217, 108
Trd, 258671.500, 140
Trd, 258671.583, 140
Trd, 258671.650, 136
Trd, 258671.800, 138
Trd, 258671.917, 102
Trd, 258671.933, 101
Trd, 258672.050, 84
Trd, 258672.100, 95
Trd, 258672.367, 119
Trd, 258672.383, 78
Trd, 258672.550, 75
Trd, 258672.800, 140
Trd, 258673.033, 139
Trd, 258673.650, 140
Trd, 258673.900, 118
Trd, 258674.100, 117
Trd, 258674.400, 134
Trd, 258674.433, 138
Trd, 258674.600, 114
Trd, 258674.800, 135
Trd, 258674.817, 124
Trd, 258675.150, 139
Trd, 258675.167, 131
Trd, 258675.567, 117
Trd, 258676.083, 137
Trd, 258676.250, 111
Trd, 258676.350, 140
Trd, 258676.783, 136
Trd, 258676.917, 134
Trd, 258676.933, 128
Trd, 258677.033, 109
Trd, 258677.983, 140
Trd, 258678.250, 140
Trd, 258678.267, 138
Trd, 258678.300, 138
Trd, 258678.367, 134
Trd, 258678.533, 115
Trd, 258678.850, 140
Trd, 258678.933, 132
Trd, 258679.067, 130
Trd, 258679.350, 111
Trd, 258679.733, 139
Trd, 258679.850, 137
Trd, 258679.917, 131
Trd, 258679.950, 129
Trd, 258680.283, 140
Trd, 258680.483, 140
Trd, 258680.550, 127
Trd, 258680.700, 106
Trd, 258680.967, 113
Trd, 258681.117, 105
Trd, 258681.150, 96
Trd, 258681.533, 98
Trd, 258681.650, 97
Trd, 258681.767, 95
Trd, 258681.800, 127
Trd, 258682.183, 139
Trd, 258682.633, 140
Trd, 258682.800, 140
Trd, 258683.367, 140
Trd, 258683.467, 140
Trd, 258683.650, 140
Trd, 258683.683, 134
Trd, 258684.750, 140
Trd, 258684.933, 140
Trd, 258685.033, 139
Trd, 258685.300, 140
Trd, 258685.333, 140
Trd, 258685.417, 139
Trd, 258685.450, 131
Trd, 258685.633, 138
Trd, 258686.850, 140
Trd, 258687.067, 140
Trd, 258687.183, 139
Trd, 258687.200, 131
Trd, 258687.417, 124
Trd, 258687.667, 122
Trd, 258687.767, 121
Trd, 258687.967, 140
Trd, 258688.183, 121
Trd, 258688.550, 137
Trd, 258688.633, 106
Trd, 258688.867, 138
Trd, 258689.100, 137
Trd, 258689.167, 136
Trd, 258689.300, 133
Trd, 258689.333, 132
Trd, 258689.583, 133
Trd, 258689.683, 132
Trd, 258689.817, 134
Trd, 258689.833, 131
Trd, 258689.867, 136
Trd, 258689.883, 111
Trd, 258689.950, 99
Trd, 258690.717, 98
Trd, 258690.733, 95
Trd, 258691.100, 102
Trd, 258691.250, 88
Trd, 258691.300, 104
Trd, 258691.350, 68
Trd, 258691.500, 60
Trd, 258691.867, 137
Trd, 258691.900, 97
Trd, 258692.283, 116
Trd, 258692.650, 138
Trd, 258692.800, 140
Trd, 258693.050, 115
Trd, 258693.233, 108
Trd, 258693.250, 105
Trd, 258694.200, 140
Trd, 258694.417, 139
Trd, 258694.567, 113
Trd, 258694.750, 139
Trd, 258695.150, 132
Trd, 258695.350, 140
Trd, 258695.583, 127
Trd, 258695.817, 140
Trd, 258696.017, 139
Trd, 258696.050, 132
Trd, 258696.067, 131
Trd, 258696.267, 122
Trd, 258696.733, 122
Trd, 258696.750, 121
Trd, 258697.067, 118
Trd, 258697.100, 117
Trd, 258697.717, 140
Trd, 258697.767, 140
Trd, 258697.883, 139
Trd, 258698.400, 140
Trd, 258698.500, 140
Trd, 258698.583, 140
Trd, 258698.700, 140
Trd, 258699.017, 139
Trd, 258699.233, 131
Trd, 258699.267, 129
Trd, 258699.383, 88
Trd, 258699.683, 102
Trd, 258699.717, 93
Trd, 258700.117, 89
Trd, 258700.317, 82
Trd, 258700.483, 95
Trd, 258700.783, 123
Trd, 258700.900, 125
Trd, 258701.017, 65
Trd, 258701.317, 63
Trd, 258701.600, 67
Trd, 258702.100, 63
Trd, 258702.200, 64
Trd, 258702.283, 96
Trd, 258702.867, 138
Trd, 258703.283, 140
Trd, 258703.467, 140
Trd, 258703.817, 140
Trd, 258704.117, 140
Trd, 258704.200, 139
Trd, 258704.650, 139
Trd, 258704.817, 137
Trd, 258704.850, 135
Trd, 258705.717, 140
Trd, 258705.733, 138
Trd, 258705.983, 140
Trd, 258706.333, 140
Trd, 258706.483, 135
Trd, 258706.533, 130
Trd, 258706.567, 129
Trd, 258707.083, 135
Trd, 258707.233, 135
Trd, 258707.383, 120
Trd, 258707.933, 111
Trd, 258708.100, 94
Trd, 258708.283, 128
Trd, 258708.333, 94
Trd, 258708.433, 94
Trd, 258708.517, 93
Trd, 258708.717, 92
Trd, 258708.833, 129
Trd, 258708.983, 91
Trd, 258709.133, 124
Trd, 258709.167, 131
Trd, 258709.300, 91
Trd, 258709.483, 90
Trd, 258709.750, 140
Trd, 258709.817, 109
Trd, 258710.033, 140
Trd, 258710.583, 86
Trd, 258710.617, 84
Trd, 258710.700, 90
Trd, 258710.817, 91
Trd, 258710.850, 80
Trd, 258711.233, 133
Trd, 258711.283, 79
Trd, 258711.300, 78
Trd, 258711.633, 127
Trd, 258711.667, 113
Trd, 258711.967, 140
Trd, 258712.517, 80
Trd, 258712.933, 139
Trd, 258713.767, 140
Trd, 258713.850, 139
Trd, 258714.200, 139
Trd, 258714.233, 139
Trd, 258714.250, 136
Trd, 258714.567, 136
Trd, 258715.233, 140
Trd, 258715.683, 140
Trd, 258715.867, 140
Trd, 258715.883, 140
Trd, 258715.950, 140
Trd, 258716.217, 140
Trd, 258716.233, 140
Trd, 258716.383, 140
Trd, 258717.117, 140
Trd, 258717.267, 140
Trd, 258717.467, 134
Trd, 258717.500, 134
Trd, 258717.833, 127
Trd, 258718.017, 134
Trd, 258718.050, 102
Trd, 258718.333, 139
Trd, 258718.417, 113
Trd, 258718.450, 90
Trd, 258718.517, 140
Trd, 258718.783, 71
Trd, 258719.350, 140
Trd, 258719.517, 131
Trd, 258719.817, 137
Trd, 258720.000, 119
Trd, 258720.183, 125
Trd, 258720.500, 128
Trd, 258720.567, 140
Trd, 258720.917, 140
Trd, 258721.017, 140
Trd, 258721.033, 140
Trd, 258721.667, 119
Trd, 258722.067, 138
Trd, 258722.150, 125
Trd, 258722.333, 128
Trd, 258722.600, 140
Trd, 258722.950, 138
Trd, 258723.067, 128
Trd, 258723.283, 140
Trd, 258723.483, 128
Trd, 258723.517, 136
Trd, 258723.817, 127
Trd, 258723.983, 124
Trd, 258724.067, 123
Trd, 258724.167, 122
Trd, 258724.233, 121
Trd, 258724.633, 119
Trd, 258724.917, 109
Trd, 258724.933, 129
Trd, 258724.950, 130
Trd, 258725.700, 115
Trd, 258725.733, 100
Trd, 258726.600, 140
Trd, 258727.167, 140
Trd, 258727.433, 140
Trd, 258727.533, 138
Trd, 258727.550, 137
Trd, 258727.800, 137
Trd, 258727.883, 136
Trd, 258728.283, 140
Trd, 258728.417, 138
Trd, 258728.467, 133
Trd, 258728.567, 131
Trd, 258728.617, 123
Trd, 258728.800, 121
Trd, 258728.817, 118
Trd, 258728.933, 117
Trd, 258729.033, 103
Trd, 258729.300, 114
Trd, 258729.350, 106
Trd, 258730.283, 133
Trd, 258730.517, 129
Trd, 258730.683, 128
Trd, 258731.233, 137
Trd, 258731.367, 135
Trd, 258731.483, 139
Trd, 258731.750, 140
Trd, 258732.217, 140
Trd, 258732.400, 140
Trd, 258732.500, 140
Trd, 258732.817, 140
Trd, 258733.300, 137
Trd, 258733.367, 132
Trd, 258733.450, 133
Trd, 258733.817, 138
Trd, 258734.000, 132
Trd, 258734.133, 131
Trd, 258734.183, 129
Trd, 258734.300, 128
Trd, 258734.450, 134
Trd, 258734.483, 119
Trd, 258734.750, 117
Trd, 258735.017, 102
Trd, 258735.183, 124
Trd, 258735.233, 93
Trd, 258735.400, 126
Trd, 258735.550, 72
Trd, 258735.817, 138
Trd, 258736.083, 131
Trd, 258736.183, 124
Trd, 258736.833, 140
Trd, 258737.267, 140
Trd, 258737.283, 140
Trd, 258737.467, 140
Trd, 258737.550, 140
Trd, 258737.667, 140
Trd, 258737.967, 139
Trd, 258738.133, 134
Trd, 258738.250, 131
Trd, 258738.467, 129
Trd, 258738.550, 128
Trd, 258739.217, 139
Trd, 258739.417, 117
Trd, 258739.533, 127
Trd, 258739.783, 116
Trd, 258740.333, 140
Trd, 258740.383, 140
Trd, 258740.850, 140
Trd, 258740.867, 139
Trd, 258741.383, 140
Trd, 258741.983, 140
Trd, 258742.583, 140
Trd, 258742.600, 139
Trd, 258742.767, 134
Trd, 258742.967, 126
Trd, 258743.167, 132
Trd, 258743.367, 132
Trd, 258743.967, 138
Trd, 258743.983, 125
Trd, 258744.433, 131
Trd, 258744.650, 131
Trd, 258744.783, 110
Trd, 258745.450, 132
Trd, 258745.583, 125
Trd, 258745.833, 140
Trd, 258746.183, 140
Trd, 258746.217, 140
Trd, 258746.233, 140
Trd, 258746.300, 136
Trd, 258746.317, 134
Trd, 258746.417, 121
Trd, 258746.900, 136
Trd, 258746.983, 104
Trd, 258747.183, 140
Trd, 258747.233, 104
Trd, 258747.583, 89
Trd, 258747.733, 140
Trd, 258747.783, 140
Trd, 258748.350, 139
Trd, 258748.450, 138
Trd, 258748.583, 137
Trd, 258748.633, 136
Trd, 258748.767, 131
Trd, 258749.033, 124
Trd, 258749.117, 118
Trd, 258749.233, 63
Trd, 258749.333, 138
Trd, 258749.533, 132
Trd, 258749.583, 139
Trd, 258749.717, 77
Trd, 258749.750, 135
Trd, 258749.917, 60
Trd, 258750.417, 140
Trd, 258751.500, 140
Trd, 258751.583, 140
Trd, 258751.683, 140
Trd, 258751.750, 140
Trd, 258752.067, 139
Trd, 258752.400, 140
Trd, 258753.117, 140
Trd, 258753.150, 139
Trd, 258753.450, 139
Trd, 258753.933, 138
Trd, 258754.017, 136
Trd, 258754.117, 140
Trd, 258754.850, 134
Trd, 258755.183, 140
Trd, 258755.300, 140
Trd, 258755.483, 134
Trd, 258755.717, 136
Trd, 258755.867, 133
Trd, 258756.050, 138
Trd, 258756.183, 140
Trd, 258756.383, 133
Trd, 258756.400, 132
Trd, 258756.450, 128
Trd, 258757.133, 140
Trd, 258757.150, 140
Trd, 258757.817, 136
Trd, 258757.850, 135
Trd, 258757.900, 133
Trd, 258757.967, 124
Trd, 258758.067, 127
Trd, 258758.517, 139
Trd, 258758.667, 139
Trd, 258758.983, 133
Trd, 258759.033, 125
Trd, 258759.067, 120
Trd, 258759.250, 117
Trd, 258759.267, 100
Trd, 258759.517, 140
Trd, 258759.617, 99
Trd, 258760.167, 68
Trd, 258760.600, 68
Trd, 258760.650, 70
Trd, 258760.900, 140
Trd, 258761.267, 140
Trd, 258761.383, 140
Trd, 258761.500, 140
Trd, 258762.083, 140
Trd, 258762.283, 104
Trd, 258762.917, 140
Trd, 258762.967, 139
Trd, 258763.300, 140
Trd, 258763.650, 131
Trd, 258763.683, 130
Trd, 258763.700, 125
Trd, 258763.817, 119
Trd, 258763.833, 108
Trd, 258764.000, 140
Trd, 258764.100, 103
Trd, 258764.467, 131
Trd, 258764.500, 126
Trd, 258764.617, 140
Trd, 258764.833, 67
Trd, 258765.100, 65
Trd, 258765.167, 79
Trd, 258765.367, 78
Trd, 258765.383, 79
Trd, 258765.450, 67
Trd, 258765.683, 128
Trd, 258765.900, 121
Trd, 258766.150, 90
Trd, 258766.283, 89
Trd, 258766.767, 72
Trd, 258766.933, 131
Trd, 258767.467, 60
Trd, 258767.650, 60
Trd, 258767.717, 60
Trd, 258768.133, 125
Trd, 258768.233, 132
Trd, 258768.550, 124
Trd, 258768.683, 123
Trd, 258768.933, 119
Trd, 258769.150, 117
Trd, 258769.317, 115
Trd, 258769.483, 132
Trd, 258769.867, 114
Trd, 258770.217, 140
Trd, 258770.350, 140
Trd, 258770.450, 140
Trd, 258770.917, 140
Trd, 258771.033, 125
Trd, 258771.250, 122
Trd, 258771.367, 121
Trd, 258771.767, 139
Trd, 258772.017, 140
Trd, 258772.083, 138
Trd, 258773.117, 140
Trd, 258773.350, 140
Trd, 258773.367, 138
Trd, 258773.617, 140
Trd, 258773.783, 138
Trd, 258773.967, 140
Trd, 258774.033, 139
Trd, 258774.317, 140
Trd, 258774.433, 140
Trd, 258774.450, 134
Trd, 258774.633, 107
Trd, 258774.800, 129
Trd, 258775.033, 107
Trd, 258775.067, 128
Trd, 258775.117, 70
Trd, 258775.750, 132
Trd, 258775.933, 132
Trd, 258776.300, 137
Trd, 258776.400, 123
Trd, 258776.783, 122
Trd, 258776.867, 122
Trd, 258776.883, 114
Trd, 258777.067, 134
Trd, 258777.267, 95
Trd, 258777.800, 139
Trd, 258777.850, 128
Trd, 258777.867, 95
Trd, 258778.350, 139
Trd, 258778.500, 129
Trd, 258778.717, 126
Trd, 258778.817, 119
Trd, 258778.933, 113
Trd, 258779.450, 140
Trd, 258779.750, 140
Trd, 258780.000, 134
Trd, 258780.050, 130
Trd, 258780.450, 126
Trd, 258780.800, 126
Trd, 258781.467, 132
Trd, 258781.550, 140
Trd, 258781.717, 138
Trd, 258781.733, 115
Trd, 258781.967, 116
Trd, 258782.383, 138
Trd, 258782.433, 137
Trd, 258782.717, 140
Trd, 258782.817, 139
Trd, 258782.917, 138
Trd, 258783.183, 140
Trd, 258783.200, 138
Trd, 258783.267, 125
Trd, 258783.483, 134
Trd, 258783.583, 137
Trd, 258783.650, 127
Trd, 258783.883, 122
Trd, 258784.000, 121
Trd, 258784.117, 109
Trd, 258784.233, 102
Trd, 258784.317, 139
Trd, 258784.650, 137
Trd, 258784.850, 128
Trd, 258784.967, 127
Trd, 258785.017, 92
Trd, 258785.217, 88
Trd, 258786.283, 100
Trd, 258786.333, 94
Trd, 258786.650, 136
Trd, 258786.850, 140
Trd, 258787.117, 140
Trd, 258787.300, 139
Trd, 258787.433, 138
Trd, 258787.467, 115
Trd, 258787.583, 119
Trd, 258787.867, 140
Trd, 258788.333, 137
Trd, 258788.533, 140
Trd, 258788.867, 139
Trd, 258789.067, 124
Trd, 258789.250, 138
Trd, 258789.400, 129
Trd, 258789.633, 140
Trd, 258789.883, 138
Trd, 258790.417, 139
Trd, 258790.883, 140
Trd, 258791.000, 138
Trd, 258791.200, 139
Trd, 258791.517, 138
Trd, 258791.567, 132
Trd, 258791.633, 131
Trd, 258791.733, 139
Trd, 258791.950, 127
Trd, 258792.317, 140
Trd, 258792.583, 139
Trd, 258792.717, 140
Trd, 258792.883, 126
Trd, 258793.033, 126
Trd, 258793.433, 132
Trd, 258793.883, 120
Trd, 258794.000, 119
Trd, 258794.117, 114
Trd, 258794.617, 140
Trd, 258794.983, 133
Trd, 258795.033, 115
Trd, 258795.200, 140
Trd, 258795.267, 131
Trd, 258795.317, 140
Trd, 258795.417, 102
Trd, 258795.517, 115
Trd, 258795.917, 90
Trd, 258796.033, 138
Trd, 258796.550, 61
Trd, 258796.800, 62
Trd, 258797.317, 102
Trd, 258797.617, 117
Trd, 258797.750, 140
Trd, 258797.867, 101
Trd, 258798.083, 126
Trd, 258798.250, 108
Trd, 258798.500, 124
Trd, 258798.517, 95
Trd, 258798.633, 71
Trd, 258798.933, 136
Trd, 258799.117, 136
Trd, 258799.767, 140
Trd, 258800.117, 138
Trd, 258800.350, 140
Trd, 258800.433, 140
Trd, 258800.500, 135
Trd, 258800.567, 134
Trd, 258800.733, 140
Trd, 258800.950, 140
Trd, 258801.117, 124
Trd, 258801.150, 122
Trd, 258801.200, 140
Trd, 258801.283, 118
Trd, 258801.300, 113
Trd, 258801.600, 136
Trd, 258801.750, 114
Trd, 258801.767, 104
Trd, 258802.150, 134
Trd, 258802.367, 103
Trd, 258802.383, 100
Trd, 258802.800, 135
Trd, 258802.933, 129
Trd, 258803.383, 113
Trd, 258803.733, 109
Trd, 258803.883, 85
Trd, 258803.917, 126
Trd, 258803.933, 131
Trd, 258804.267, 110
Trd, 258804.800, 112
Trd, 258805.000, 108
Trd, 258805.133, 107
Trd, 258805.150, 106
Trd, 258805.567, 66
Trd, 258806.217, 60
Trd, 258806.617, 60
Trd, 258806.717, 60
Trd, 258806.767, 60
Trd, 258807.417, 72
Trd, 258807.483, 73
Trd, 258807.500, 76
Trd, 258807.617, 67
Trd, 258808.333, 76
Trd, 258808.367, 89
Trd, 258808.683, 140
Trd, 258808.783, 131
Trd, 258808.800, 66
Trd, 258808.817, 60
Trd, 258809.133, 140
Trd, 258809.450, 140
Trd, 258809.933, 140
Trd, 258810.050, 140
Trd, 258810.067, 140
Trd, 258810.083, 140
Trd, 258810.133, 139
Trd, 258810.200, 138
Trd, 258810.667, 140
Trd, 258810.817, 140
Trd, 258811.267, 140
Trd, 258811.317, 140
Trd, 258811.967, 140
Trd, 258812.017, 138
Trd, 258812.133, 136
Trd, 258812.233, 135
Trd, 258812.383, 134
Trd, 258812.400, 128
Trd, 258812.833, 122
Trd, 258813.283, 140
Trd, 258813.433, 140
Trd, 258813.950, 140
Trd, 258814.133, 140
Trd, 258814.300, 139
Trd, 258814.450, 138
Trd, 258814.567, 134
Trd, 258814.617, 124
Trd, 258814.933, 138
Trd, 258815.233, 140
Trd, 258815.433, 132
Trd, 258815.467, 131
Trd, 258815.850, 125
Trd, 258816.183, 119
Trd, 258816.283, 127
Trd, 258816.733, 128
Trd, 258816.783, 131
Trd, 258817.117, 140
Trd, 258817.583, 138
Trd, 258817.783, 140
Trd, 258817.850, 137
Trd, 258818.200, 140
Trd, 258818.400, 140
Trd, 258818.417, 140
Trd, 258818.600, 134
Trd, 258819.017, 140
Trd, 258819.033, 126
Trd, 258819.283, 122
Trd, 258819.767, 139
Trd, 258819.950, 140
Trd, 258820.233, 139
Trd, 258820.483, 140
Trd, 258820.633, 140
Trd, 258821.017, 140
Trd, 258821.400, 140
Trd, 258821.450, 140
Trd, 258821.567, 140
Trd, 258821.617, 131
Trd, 258821.650, 115
Trd, 258822.117, 139
Trd, 258822.183, 140
Trd, 258822.200, 136
Trd, 258822.383, 140
Trd, 258822.400, 139
Trd, 258822.583, 134
Trd, 258822.600, 114
Trd, 258823.333, 129
Trd, 258823.400, 128
Trd, 258823.450, 125
Trd, 258823.467, 123
Trd, 258823.650, 126
Trd, 258823.867, 108
Trd, 258824.200, 122
Trd, 258824.233, 137
Trd, 258824.333, 131
Trd, 258824.367, 115
Trd, 258824.433, 109
Trd, 258824.517, 107
Trd, 258824.633, 76
Trd, 258825.067, 136
Trd, 258825.417, 134
Trd, 258825.533, 129
Trd, 258825.583, 127
Trd, 258825.983, 140
Trd, 258826.167, 107
Trd, 258826.250, 79
Trd, 258827.067, 72
Trd, 258827.400, 139
Trd, 258827.700, 139
Trd, 258827.850, 140
Trd, 258828.000, 139
Trd, 258828.333, 139
Trd, 258828.767, 140
Trd, 258829.033, 140
Trd, 258829.317, 140
Trd, 258829.383, 140
Trd, 258829.650, 140
Trd, 258829.750, 139
Trd, 258830.217, 140
Trd, 258830.783, 140
Trd, 258830.867, 140
Trd, 258831.467, 140
Trd, 258832.250, 140
Trd, 258832.283, 140
Trd, 258832.350, 140
Trd, 258832.367, 139
Trd, 258832.567, 140
Trd, 258832.683, 139
Trd, 258832.750, 138
Trd, 258832.900, 131
Trd, 258832.917, 129
Trd, 258833.317, 127
Trd, 258833.450, 120
Trd, 258833.800, 117
Trd, 258833.983, 139
Trd, 258834.183, 140
Trd, 258834.300, 140
Trd, 258834.333, 134
Trd, 258834.350, 133
Trd, 258834.500, 132
Trd, 258834.983, 140
Trd, 258835.250, 133
Trd, 258835.267, 127
Trd, 258836.183, 115
Trd, 258836.300, 112
Trd, 258836.333, 100
Trd, 258836.367, 92
Trd, 258836.567, 90
Trd, 258836.633, 124
Trd, 258837.233, 79
Trd, 258837.300, 73
Trd, 258837.317, 114
Trd, 258837.400, 115
Trd, 258837.683, 104
Trd, 258838.033, 116
Trd, 258838.200, 127
Trd, 258838.550, 129
Trd, 258838.600, 106
Trd, 258838.917, 123
Trd, 258839.267, 109
Trd, 258839.283, 108
Trd, 258839.367, 133
Trd, 258840.217, 140
Trd, 258840.233, 140
Trd, 258840.267, 137
Trd, 258840.650, 140
Trd, 258841.200, 140
Trd, 258841.233, 140
Trd, 258841.333, 140
Trd, 258841.483, 138
Trd, 258841.533, 134
Trd, 258841.917, 130
Trd, 258842.167, 127
Trd, 258842.200, 121
Trd, 258842.233, 114
Trd, 258842.533, 140
Trd, 258843.383, 140
Trd, 258843.533, 140
Trd, 258843.883, 140
Trd, 258844.083, 139
Trd, 258844.333, 140
Trd, 258844.400, 139
Trd, 258844.567, 134
Trd, 258845.117, 136
Trd, 258845.383, 134
Trd, 258845.717, 125
Trd, 258846.000, 135
Trd, 258846.100, 138
Trd, 258846.267, 125
Trd, 258846.283, 140
Trd, 258847.200, 140
Trd, 258847.333, 140
Trd, 258847.450, 140
Trd, 258847.467, 139
Trd, 258847.700, 139
Trd, 258847.917, 128
Trd, 258847.950, 131
Trd, 258848.483, 122
Trd, 258848.600, 118
Trd, 258848.667, 130
Trd, 258848.800, 111
Trd, 258848.967, 105
Trd, 258849.067, 101
Trd, 258849.083, 108
Trd, 258849.100, 136
Trd, 258849.117, 97
Trd, 258849.200, 139
Trd, 258849.267, 77
Trd, 258849.583, 61
Trd, 258849.717, 61
Trd, 258849.883, 60
Trd, 258850.167, 60
Trd, 258850.233, 61
Trd, 258850.517, 62
Trd, 258850.900, 66
Trd, 258851.500, 69
Trd, 258851.567, 75
Trd, 258851.583, 68
Trd, 258851.750, 69
Trd, 258851.983, 108
Trd, 258852.300, 140
Trd, 258852.483, 140
Trd, 258852.633, 137
Trd, 258852.733, 134
Trd, 258852.867, 94
Trd, 258853.483, 140
Trd, 258853.533, 140
Trd, 258853.733, 139
Trd, 258854.200, 133
Trd, 258854.400, 134
Trd, 258854.417, 92
Trd, 258855.183, 140
Trd, 258855.850, 140
Trd, 258856.233, 140
Trd, 258856.700, 140
Trd, 258856.867, 140
Trd, 258857.000, 139
Trd, 258857.017, 139
Trd, 258857.150, 138
Trd, 258857.233, 137
Trd, 258857.883, 140
Trd, 258858.017, 140
Trd, 258858.600, 140
Trd, 258858.867, 140
Trd, 258858.950, 140
Trd, 258859.233, 138
Trd, 258859.267, 134
Trd, 258859.433, 126
Trd, 258859.467, 121
Trd, 258859.483, 119
Trd, 258859.533, 119
Trd, 258860.400, 140
Trd, 258860.433, 129
Trd, 258860.500, 124
Trd, 258860.933, 120
Trd, 258861.200, 115
Trd, 258861.467, 104
Trd, 258861.550, 112
Trd, 258862.117, 129
Trd, 258862.650, 131
Trd, 258862.900, 126
Trd, 258863.200, 132
Trd, 258863.333, 125
Trd, 258863.800, 140
Trd, 258864.167, 140
Trd, 258864.533, 140
Trd, 258864.650, 139
Trd, 258864.683, 140
Trd, 258864.750, 139
Trd, 258864.983, 134
Trd, 258865.017, 131
Trd, 258865.117, 129
Trd, 258865.150, 117
Trd, 258865.817, 140
Trd, 258865.833, 140
Trd, 258865.900, 138
Trd, 258865.950, 131
Trd, 258866.017, 123
Trd, 258867.250, 140
Trd, 258867.300, 140
Trd, 258867.683, 137
Trd, 258867.767, 135
Trd, 258868.100, 139
Trd, 258868.450, 113
Trd, 258868.817, 132
Trd, 258868.900, 120
Trd, 258868.950, 110
Trd, 258869.317, 138
Trd, 258869.517, 139
Trd, 258869.550, 133
Trd, 258869.750, 123
Trd, 258869.850, 140
Trd, 258870.383, 140
Trd, 258870.400, 139
Trd, 258870.417, 124
Trd, 258870.700, 133
Trd, 258871.317, 140
Trd, 258871.683, 139
Trd, 258871.817, 138
Trd, 258871.833, 137
Trd, 258872.283, 140
Trd, 258872.617, 135
Trd, 258872.650, 131
Trd, 258872.867, 132
Trd, 258873.200, 132
Trd, 258873.467, 131
Trd, 258873.933, 130
Trd, 258873.967, 138
Trd, 258874.033, 126
Trd, 258874.117, 114
Trd, 258874.367, 130
Trd, 258874.717, 138
Trd, 258875.200, 139
Trd, 258875.433, 139
Trd, 258875.500, 138
Trd, 258875.617, 139
Trd, 258875.633, 138
Trd, 258875.917, 136
Trd, 258876.217, 140
Trd, 258876.233, 140
Trd, 258876.700, 140
Trd, 258876.733, 140
Trd, 258876.917, 140
Trd, 258877.550, 140
Trd, 258877.967, 140
Trd, 258878.000, 138
Trd, 258878.150, 131
Trd, 258878.500, 140
Trd, 258878.583, 124
Trd, 258878.600, 114
Trd, 258878.817, 114
Trd, 258879.400, 140
Trd, 258879.433, 140
Trd, 258879.767, 134
Trd, 258879.883, 132
Trd, 258880.117, 135
Trd, 258880.133, 131
Trd, 258880.200, 129
Trd, 258880.217, 123
Trd, 258881.050, 116
Trd, 258881.300, 114
Trd, 258881.683, 140
Trd, 258882.183, 140
Trd, 258882.217, 140
Trd, 258882.233, 140
Trd, 258882.333, 140
Trd, 258882.367, 140
Trd, 258882.567, 140
Trd, 258883.017, 137
Trd, 258883.200, 112
Trd, 258883.317, 137
Trd, 258883.333, 121
Trd, 258883.517, 111
Trd, 258883.567, 105
Trd, 258883.750, 104
Trd, 258883.783, 81
Trd, 258884.033, 69
Trd, 258884.100, 132
Trd, 258884.150, 116
Trd, 258884.217, 112
Trd, 258884.233, 136
Trd, 258884.367, 68
Trd, 258884.433, 67
Trd, 258884.633, 94
Trd, 258885.083, 140
Trd, 258885.533, 140
Trd, 258885.617, 140
Trd, 258886.450, 139
Trd, 258886.767, 139
Trd, 258886.817, 131
Trd, 258886.900, 131
Trd, 258887.183, 131
Trd, 258887.283, 140
Trd, 258887.367, 107
Trd, 258887.633, 140
Trd, 258887.900, 140
Trd, 258887.933, 139
Trd, 258888.117, 92
Trd, 258888.217, 95
Trd, 258888.267, 83
Trd, 258888.917, 138
Trd, 258889.150, 125
Trd, 258889.167, 124
Trd, 258889.500, 124
Trd, 258889.533, 120
Trd, 258889.683, 126
Trd, 258889.750, 126
Trd, 258889.800, 117
Trd, 258890.033, 126
Trd, 258890.100, 114
Trd, 258890.150, 112
Trd, 258890.167, 102
Trd, 258890.300, 130
Trd, 258890.450, 136
Trd, 258890.617, 117
Trd, 258891.100, 138
Trd, 258891.133, 137
Trd, 258891.533, 108
Trd, 258891.917, 124
Trd, 258891.950, 121
Trd, 258892.567, 139
Trd, 258892.917, 140
Trd, 258893.017, 140
Trd, 258893.467, 140
Trd, 258894.050, 140
Trd, 258894.100, 140
Trd, 258894.183, 139
Trd, 258894.267, 134
Trd, 258894.867, 128
Trd, 258895.217, 140
Trd, 258895.250, 131
Trd, 258895.283, 121
Trd, 258895.483, 109
Trd, 258895.567, 109
Trd, 258896.017, 108
Trd, 258896.083, 102
Trd, 258896.217, 88
Trd, 258896.267, 73
Trd, 258896.417, 113
Trd, 258896.467, 110
Trd, 258896.850, 93
Trd, 258896.867, 119
Trd, 258897.283, 139
Trd, 258897.533, 102
Trd, 258897.583, 92
Trd, 258897.700, 113
Trd, 258898.200, 140
Trd, 258898.550, 140
Trd, 258898.967, 140
Trd, 258899.267, 140
Trd, 258899.467, 140
Trd, 258899.517, 140
Trd, 258899.667, 140
Trd, 258899.800, 139
Trd, 258899.900, 137
Trd, 258900.233, 110
Trd, 258900.417, 139
Trd, 258900.917, 131
Trd, 258901.217, 140
Trd, 258901.317, 140
Trd, 258901.600, 135
Trd, 258901.717, 125
Trd, 258901.900, 118
Trd, 258902.033, 131
Trd, 258902.100, 113
Trd, 258902.333, 100
Trd, 258902.450, 115
Trd, 258902.633, 116
Trd, 258903.100, 139
Trd, 258904.600, 140
Trd, 258904.667, 140
Trd, 258904.783, 140
Trd, 258904.867, 124
Trd, 258904.950, 123
Trd, 258905.900, 140
Trd, 258906.417, 140
Trd, 258906.467, 140
Trd, 258906.717, 140
Trd, 258907.133, 140
Trd, 258907.167, 139
Trd, 258907.183, 138
Trd, 258907.267, 138
Trd, 258907.367, 135
Trd, 258907.817, 132
Trd, 258908.250, 140
Trd, 258908.350, 140
Trd, 258908.500, 127
Trd, 258908.517, 125
Trd, 258908.783, 139
Trd, 258908.917, 115
Trd, 258909.100, 139
Trd, 258909.417, 137
Trd, 258909.467, 137
Trd, 258909.683, 140
Trd, 258909.833, 139
Trd, 258909.950, 138
Trd, 258910.333, 132
Trd, 258910.383, 138
Trd, 258910.583, 140
Trd, 258910.650, 140
Trd, 258910.783, 133
Trd, 258910.800, 131
Trd, 258911.450, 140
Trd, 258911.567, 139
Trd, 258912.033, 139
Trd, 258912.083, 124
Trd, 258912.367, 131
Trd, 258913.000, 112
Trd, 258913.150, 107
Trd, 258913.217, 106
Trd, 258913.567, 122
Trd, 258913.683, 137
Trd, 258913.833, 120
Trd, 258914.100, 119
Trd, 258914.133, 116
Trd, 258914.517, 112
Trd, 258914.617, 114
Trd, 258914.683, 111
Trd, 258914.717, 115
Trd, 258915.250, 122
Trd, 258915.400, 121
Trd, 258915.967, 121
Trd, 258916.300, 121
Trd, 258916.967, 140
Trd, 258917.017, 140
Trd, 258917.317, 136
Trd, 258917.367, 134
Trd, 258917.600, 133
Trd, 258918.083, 140
Trd, 258918.450, 139
Trd, 258918.633, 140
Trd, 258919.083, 140
Trd, 258919.567, 140
Trd, 258920.000, 140
Trd, 258920.050, 140
Trd, 258920.150, 140
Trd, 258920.417, 140
Trd, 258920.633, 140
Trd, 258921.167, 140
Trd, 258921.250, 140
Trd, 258921.667, 131
Trd, 258921.883, 126
Trd, 258921.967, 119
Trd, 258922.050, 119
Trd, 258922.333, 118
Trd, 258922.583, 115
Trd, 258922.800, 140
Trd, 258923.117, 138
Trd, 258923.217, 134
Trd, 258923.717, 140
Trd, 258923.767, 140
Trd, 258923.850, 140
Trd, 258923.917, 131
Trd, 258924.333, 140
Trd, 258924.467, 139
Trd, 258924.567, 139
Trd, 258924.583, 135
Trd, 258924.633, 122
Trd, 258924.783, 130
Trd, 258924.933, 134
Trd, 258925.017, 119
Trd, 258925.217, 117
Trd, 258925.500, 140
Trd, 258925.683, 140
Trd, 258925.900, 139
Trd, 258926.067, 139
Trd, 258926.383, 138
Trd, 258926.667, 133
Trd, 258926.983, 131
Trd, 258927.183, 123
Trd, 258927.400, 117
Trd, 258927.517, 116
Trd, 258927.700, 113
Trd, 258927.817, 101
Trd, 258927.917, 131
Trd, 258927.933, 98
Trd, 258927.983, 117
Trd, 258928.267, 127
Trd, 258928.583, 130
Trd, 258929.183, 139
Trd, 258929.250, 140
Trd, 258929.467, 139
Trd, 258929.667, 138
Trd, 258929.850, 131
Trd, 258929.883, 131
Trd, 258930.050, 136
Trd, 258930.550, 140
Trd, 258930.567, 140
Trd, 258930.883, 139
Trd, 258931.633, 140
Trd, 258931.750, 140
Trd, 258931.917, 140
Trd, 258932.150, 140
Trd, 258932.167, 134
Trd, 258932.833, 140
Trd, 258933.267, 140
Trd, 258933.317, 140
Trd, 258933.400, 140
Trd, 258933.850, 133
Trd, 258934.017, 132
Trd, 258934.083, 131
Trd, 258934.150, 125
Trd, 258934.283, 122
Trd, 258935.083, 138
Trd, 258935.100, 139
Trd, 258935.183, 112
Trd, 258935.383, 135
Trd, 258935.400, 107
Trd, 258935.850, 130
Trd, 258935.883, 125
Trd, 258936.200, 106
Trd, 258936.300, 104
Trd, 258936.500, 103
Trd, 258936.667, 113
Trd, 258936.767, 92
Trd, 258937.183, 94
Trd, 258937.633, 106
Trd, 258937.733, 96
Trd, 258937.833, 95
Trd, 258937.900, 117
Trd, 258938.100, 94
Trd, 258938.317, 140
Trd, 258938.417, 137
Trd, 258938.467, 91
Trd, 258938.533, 138
Trd, 258938.933, 108
Trd, 258939.250, 75
Trd, 258939.500, 62
Trd, 258939.600, 112
Trd, 258940.067, 67
Trd, 258940.183, 64
Trd, 258940.233, 100
Trd, 258940.367, 125
Trd, 258940.483, 108
Trd, 258940.850, 134
Trd, 258941.333, 139
Trd, 258941.433, 140
Trd, 258941.567, 127
Trd, 258942.150, 140
Trd, 258942.283, 140
Trd, 258942.417, 136
Trd, 258942.517, 132
Trd, 258942.567, 131
Trd, 258942.833, 140
Trd, 258943.283, 139
Trd, 258943.300, 138
Trd, 258943.617, 140
Trd, 258943.850, 140
Trd, 258943.983, 139
Trd, 258944.567, 139
Trd, 258944.950, 140
Trd, 258945.167, 138
Trd, 258945.283, 137
Trd, 258945.883, 139
Trd, 258946.117, 138
Trd, 258946.250, 139
Trd, 258946.567, 129
Trd, 258946.633, 126
Trd, 258946.717, 124
Trd, 258946.850, 140
Trd, 258947.283, 140
Trd, 258947.300, 134
Trd, 258947.383, 115
Trd, 258947.750, 140
Trd, 258947.783, 140
Trd, 258947.867, 137
Trd, 258947.883, 137
Trd, 258948.100, 137
Trd, 258948.600, 117
Trd, 258948.650, 116
Trd, 258949.050, 130
Trd, 258949.533, 117
Trd, 258950.183, 140
Trd, 258950.217, 118
Trd, 258950.633, 118
Trd, 258950.783, 117
Trd, 258950.867, 139
Trd, 258950.900, 114
Trd, 258951.500, 120
Trd, 258951.883, 135
Trd, 258951.933, 114
Trd, 258951.967, 136
Trd, 258952.300, 113
Trd, 258952.317, 93
Trd, 258952.383, 66
Trd, 258952.400, 70
Trd, 258953.067, 127
Trd, 258953.167, 137
Trd, 258953.783, 128
Trd, 258954.000, 133
Trd, 258954.367, 130
Trd, 258954.500, 128
Trd, 258954.583, 123
Trd, 258954.833, 140
Trd, 258955.067, 140
Trd, 258955.283, 140
Trd, 258955.467, 140
Trd, 258955.500, 139
Trd, 258955.533, 138
Trd, 258955.650, 117
Trd, 258955.917, 139
Trd, 258956.067, 139
Trd, 258956.150, 137
Trd, 258956.967, 140
Trd, 258957.400, 140
Trd, 258957.617, 139
Trd, 258957.767, 136
Trd, 258958.333, 140
Trd, 258958.617, 140
Trd, 258958.933, 140
Trd, 258959.517, 140
Trd, 258959.733, 140
Trd, 258959.850, 140
Trd, 258960.083, 140
Trd, 258960.150, 135
Trd, 258960.233, 134
Trd, 258960.550, 140
Trd, 258960.617, 134
Trd, 258960.767, 131
Trd, 258961.233, 136
Trd, 258961.367, 124
Trd, 258961.617, 118
Trd, 258961.667, 139
Trd, 258961.850, 140
Trd, 258961.867, 140
Trd, 258961.917, 140
Trd, 258961.950, 116
Trd, 258962.150, 130
Trd, 258962.983, 129
Trd, 258963.167, 126
Trd, 258963.467, 140
Trd, 258963.617, 123
Trd, 258963.850, 140
Trd, 258963.933, 119
Trd, 258964.350, 123
Trd, 258964.583, 124
Trd, 258964.867, 123
Trd, 258965.217, 140
Trd, 258965.233, 139
Trd, 258965.867, 124
Trd, 258965.917, 121
Trd, 258965.933, 121
Trd, 258966.483, 139
Trd, 258967.017, 140
Trd, 258967.050, 140
Trd, 258967.233, 140
Trd, 258967.600, 140
Trd, 258967.933, 139
Trd, 258967.950, 138
Trd, 258967.983, 124
Trd, 258968.150, 140
Trd, 258968.250, 118
Trd, 258968.400, 115
Trd, 258968.583, 103
Trd, 258968.900, 130
Trd, 258969.083, 140
Trd, 258969.183, 129
Trd, 258969.217, 107
Trd, 258969.250, 92
Trd, 258969.600, 115
Trd, 258969.633, 114
Trd, 258969.917, 140
Trd, 258970.200, 128
Trd, 258971.250, 140
Trd, 258971.483, 140
Trd, 258971.617, 138
Trd, 258971.650, 136
Trd, 258971.700, 134
Trd, 258971.733, 131
Trd, 258972.117, 140
Trd, 258973.100, 139
Trd, 258973.367, 138
Trd, 258973.467, 137
Trd, 258973.533, 140
Trd, 258973.550, 136
Trd, 258973.783, 136
Trd, 258974.100, 139
Trd, 258974.133, 135
Trd, 258974.283, 136
Trd, 258974.533, 137
Trd, 258974.967, 140
Trd, 258974.983, 139
Trd, 258975.250, 130
Trd, 258975.467, 96
Trd, 258975.683, 140
Trd, 258976.283, 128
Trd, 258976.967, 140
Trd, 258977.050, 140
Trd, 258977.217, 139
Trd, 258977.617, 138
Trd, 258977.683, 135
Trd, 258977.750, 138
Trd, 258977.800, 134
Trd, 258977.833, 134
Trd, 258978.033, 133
Trd, 258978.133, 132
Trd, 258978.417, 133
Trd, 258978.633, 138
Trd, 258978.967, 140
Trd, 258979.117, 139
Trd, 258979.233, 133
Trd, 258979.383, 131
Trd, 258979.633, 124
Trd, 258979.817, 123
Trd, 258979.867, 137
Trd, 258979.900, 121
Trd, 258980.300, 138
Trd, 258980.400, 139
Trd, 258980.500, 139
Trd, 258980.717, 139
Trd, 258981.217, 134
Trd, 258981.517, 139
Trd, 258981.767, 139
Trd, 258982.067, 136
Trd, 258982.100, 135
Trd, 258982.417, 140
Trd, 258982.600, 140
Trd, 258982.683, 139
Trd, 258982.967, 124
Trd, 258983.717, 128
Trd, 258983.850, 124
Trd, 258984.067, 124
Trd, 258984.150, 130
Trd, 258984.850, 124
Trd, 258984.883, 123
Trd, 258984.917, 118
Trd, 258984.950, 117
Trd, 258985.100, 112
Trd, 258985.117, 111
Trd, 258985.333, 140
Trd, 258985.650, 140
Trd, 258986.083, 118
Trd, 258986.183, 106
Trd, 258986.217, 101
Trd, 258986.650, 134
Trd, 258986.700, 133
Trd, 258986.917, 106
Trd, 258987.233, 140
Trd, 258987.550, 130
Trd, 258987.683, 140
Trd, 258988.100, 139
Trd, 258988.267, 137
Trd, 258988.300, 118
Trd, 258988.550, 106
Trd, 258988.650, 106
Trd, 258988.817, 139
Trd, 258988.933, 140
Trd, 258989.133, 116
Trd, 258989.150, 110
Trd, 258989.467, 138
Trd, 258989.667, 104
Trd, 258989.717, 99
Trd, 258990.050, 137
Trd, 258990.183, 136
Trd, 258990.333, 140
Trd, 258990.567, 140
Trd, 258991.117, 140
Trd, 258991.300, 140
Trd, 258991.617, 140
Trd, 258991.683, 140
Trd, 258992.000, 140
Trd, 258992.100, 140
Trd, 258992.200, 140
Trd, 258992.267, 136
Trd, 258992.683, 139
Trd, 258992.850, 136
Trd, 258992.983, 136
Trd, 258993.333, 136
Trd, 258993.717, 136
Trd, 258993.800, 135
Trd, 258994.050, 133
Trd, 258994.083, 130
Trd, 258994.283, 125
Trd, 258994.383, 124
Trd, 258994.817, 123
Trd, 258995.400, 138
Trd, 258995.733, 140
Trd, 258996.017, 139
Trd, 258996.150, 139
Trd, 258996.933, 140
Trd, 258996.967, 139
Trd, 258997.000, 140
Trd, 258997.283, 135
Trd, 258997.300, 139
Trd, 258997.400, 127
Trd, 258997.483, 126
Trd, 258997.683, 139
Trd, 258998.083, 115
Trd, 258998.167, 135
Trd, 258998.417, 96
Trd, 258998.550, 77
Trd, 258998.717, 133
Trd, 258998.867, 138
Trd, 258998.933, 116
Trd, 258999.150, 90
Trd, 258999.633, 134
Trd, 258999.733, 82
Trd, 258999.950, 104
Trd, 259000.133, 111
Trd, 259000.283, 78
Trd, 259000.367, 126
Trd, 259000.417, 128
Trd, 259000.450, 137
Trd, 259000.883, 140
Trd, 259000.917, 138
Trd, 259001.017, 136
Trd, 259001.217, 138
Trd, 259001.250, 131
Trd, 259001.333, 117
Trd, 259001.600, 130
Trd, 259001.800, 119
Trd, 259002.250, 136
Trd, 259002.517, 138
Trd, 259002.833, 140
Trd, 259003.167, 138
Trd, 259003.883, 138
Trd, 259004.183, 140
Trd, 259004.383, 135
Trd, 259004.433, 134
Trd, 259004.517, 134
Trd, 259004.650, 128
Trd, 259004.800, 128
Trd, 259004.917, 127
Trd, 259005.083, 138
Trd, 259005.383, 132
Trd, 259005.433, 125
Trd, 259005.483, 124
Trd, 259005.683, 140
Trd, 259005.850, 120
Trd, 259005.867, 118
Trd, 259006.150, 138
Trd, 259006.350, 139
Trd, 259007.317, 140
Trd, 259007.367, 140
Trd, 259007.550, 139
Trd, 259007.767, 139
Trd, 259007.950, 137
Trd, 259008.033, 134
Trd, 259008.117, 125
Trd, 259008.567, 140
Trd, 259008.833, 139
Trd, 259009.583, 140
Trd, 259009.633, 140
Trd, 259009.817, 140
Trd, 259009.850, 139
Trd, 259010.050, 125
Trd, 259010.850, 133
Trd, 259011.117, 132
Trd, 259011.317, 129
Trd, 259011.550, 139
Trd, 259011.733, 139
Trd, 259011.800, 138
Trd, 259012.000, 124
Trd, 259012.233, 132
Trd, 259012.417, 104
Trd, 259012.783, 128
Trd, 259012.983, 140
Trd, 259013.000, 118
Trd, 259013.133, 101
Trd, 259013.183, 96
Trd, 259013.333, 129
Trd, 259013.467, 88
Trd, 259013.950, 135
Trd, 259014.133, 120
Trd, 259014.400, 140
Trd, 259014.567, 140
Trd, 259014.867, 132
Trd, 259015.167, 132
Trd, 259015.900, 140
Trd, 259016.117, 140
Trd, 259016.233, 139
Trd, 259016.450, 131
Trd, 259016.833, 138
Trd, 259016.883, 119
Trd, 259017.517, 140
Trd, 259017.567, 140
Trd, 259017.833, 140
Trd, 259018.200, 140
Trd, 259018.267, 134
Trd, 259018.700, 135
Trd, 259019.417, 140
Trd, 259019.450, 138
Trd, 259019.517, 124
Trd, 259019.650, 98
Trd, 259019.950, 108
Trd, 259020.067, 112
Trd, 259020.217, 114
Trd, 259020.333, 107
Trd, 259020.733, 113
Trd, 259020.817, 112
Trd, 259020.833, 97
Trd, 259020.950, 116
Trd, 259021.250, 140
Trd, 259021.333, 138
Trd, 259021.400, 138
Trd, 259021.433, 78
Trd, 259021.467, 77
Trd, 259021.717, 140
Trd, 259022.083, 140
Trd, 259022.967, 140
Trd, 259023.333, 140
Trd, 259023.883, 139
Trd, 259024.117, 138
Trd, 259024.150, 137
Trd, 259024.800, 140
Trd, 259025.150, 140
Trd, 259025.667, 135
Trd, 259026.067, 132
Trd, 259026.200, 135
Trd, 259026.217, 137
Trd, 259026.467, 135
Trd, 259026.533, 136
Trd, 259026.583, 134
Trd, 259026.833, 136
Trd, 259026.867, 137
Trd, 259027.267, 130
Trd, 259027.433, 129
Trd, 259027.450, 129
Trd, 259027.633, 126
Trd, 259027.900, 121
Trd, 259028.567, 138
Trd, 259028.733, 140
Trd, 259029.067, 140
Trd, 259029.100, 140
Trd, 259029.417, 139
Trd, 259029.483, 138
Trd, 259029.517, 133
Trd, 259030.067, 139
Trd, 259030.517, 132
Trd, 259031.050, 140
Trd, 259031.133, 139
Trd, 259031.267, 128
Trd, 259031.283, 127
Trd, 259031.567, 124
Trd, 259031.633, 120
Trd, 259031.733, 113
Trd, 259031.817, 135
Trd, 259032.017, 113
Trd, 259032.217, 134
Trd, 259032.233, 110
Trd, 259032.567, 136
Trd, 259032.600, 114
Trd, 259032.783, 112
Trd, 259033.083, 134
Trd, 259033.400, 139
Trd, 259033.467, 138
Trd, 259033.533, 133
Trd, 259033.600, 124
Trd, 259033.867, 115
Trd, 259034.050, 114
Trd, 259034.150, 108
Trd, 259034.250, 104
Trd, 259034.400, 95
Trd, 259034.483, 93
Trd, 259034.533, 119
Trd, 259034.933, 119
Trd, 259034.967, 122
Trd, 259035.267, 140
Trd, 259035.383, 119
Trd, 259035.650, 120
Trd, 259035.767, 126
Trd, 259035.850, 96
Trd, 259035.950, 100
Trd, 259036.033, 99
Trd, 259036.350, 92
Trd, 259036.433, 117
Trd, 259036.800, 140
Trd, 259036.900, 140
Trd, 259036.917, 139
Trd, 259037.300, 139
Trd, 259037.417, 118
Trd, 259037.983, 140
Trd, 259038.117, 125
Trd, 259038.183, 124
Trd, 259038.850, 124
Trd, 259039.267, 137
Trd, 259039.400, 123
Trd, 259039.667, 133
Trd, 259039.883, 119
Trd, 259039.967, 115
Trd, 259040.167, 114
Trd, 259040.500, 139
Trd, 259040.567, 138
Trd, 259041.150, 113
Trd, 259041.267, 138
Trd, 259041.433, 134
Trd, 259041.517, 132
Trd, 259041.800, 111
Trd, 259041.850, 104
Trd, 259041.917, 125
Trd, 259041.933, 89
Trd, 259042.250, 110
Trd, 259042.533, 115
Trd, 259042.717, 109
Trd, 259042.850, 75
Trd, 259043.050, 86
Trd, 259043.150, 65
Trd, 259043.450, 92
Trd, 259043.683, 109
Trd, 259043.933, 123
Trd, 259043.950, 139
Trd, 259044.467, 140
Trd, 259044.550, 140
Trd, 259044.567, 139
Trd, 259044.650, 137
Trd, 259044.767, 131
Trd, 259046.133, 132
Trd, 259046.300, 140
Trd, 259046.317, 128
Trd, 259046.750, 136
Trd, 259046.833, 135
Trd, 259046.883, 134
Trd, 259047.033, 128
Trd, 259047.100, 127
Trd, 259047.783, 118
Trd, 259048.033, 134
Trd, 259048.117, 133
Trd, 259048.317, 140
Trd, 259048.467, 140
Trd, 259048.533, 140
Trd, 259048.750, 140
Trd, 259048.967, 131
Trd, 259049.200, 139
Trd, 259049.317, 134
Trd, 259049.417, 124
Trd, 259049.500, 120
Trd, 259050.000, 134
Trd, 259050.533, 140
Trd, 259050.583, 134
Trd, 259051.300, 140
Trd, 259051.367, 139
Trd, 259051.417, 139
Trd, 259051.533, 122
Trd, 259051.700, 140
Trd, 259051.967, 140
Trd, 259052.100, 140
Trd, 259052.133, 138
Trd, 259052.217, 119
Trd, 259052.567, 111
Trd, 259052.767, 139
Trd, 259053.100, 140
Trd, 259053.850, 140
Trd, 259054.017, 140
Trd, 259054.083, 140
Trd, 259054.717, 140
Trd, 259054.867, 139
Trd, 259055.250, 140
Trd, 259055.317, 137
Trd, 259055.483, 134
Trd, 259055.550, 133
Trd, 259055.933, 133
Trd, 259055.950, 131
Trd, 259056.067, 128
Trd, 259056.500, 127
Trd, 259056.533, 123
Trd, 259056.800, 111
Trd, 259057.033, 114
Trd, 259057.333, 140
Trd, 259057.417, 107
Trd, 259057.450, 83
Trd, 259057.583, 139
Trd, 259057.617, 79
Trd, 259057.817, 139
Trd, 259058.150, 140
Trd, 259058.517, 130
Trd, 259058.833, 139
Trd, 259059.117, 139
Trd, 259059.517, 139
Trd, 259059.600, 138
Trd, 259059.817, 127
Trd, 259059.833, 123
Trd, 259060.100, 99
Trd, 259060.117, 98
Trd, 259060.217, 89
Trd, 259060.600, 135
Trd, 259061.250, 140
Trd, 259061.467, 140
Trd, 259061.967, 140
Trd, 259061.983, 140
Trd, 259062.133, 140
Trd, 259062.417, 140
Trd, 259062.733, 140
Trd, 259063.183, 140
Trd, 259063.567, 140
Trd, 259063.783, 140
Trd, 259063.883, 140
Trd, 259064.267, 140
Trd, 259064.317, 138
Trd, 259064.383, 140
Trd, 259064.417, 134
Trd, 259064.783, 131
Trd, 259064.983, 126
Trd, 259065.150, 124
Trd, 259065.283, 113
Trd, 259065.517, 109
Trd, 259065.583, 79
Trd, 259065.683, 76
Trd, 259065.783, 76
Trd, 259066.083, 121
Trd, 259066.150, 115
Trd, 259066.250, 114
Trd, 259066.350, 75
Trd, 259066.417, 72
Trd, 259066.983, 128
Trd, 259067.250, 112
Trd, 259067.400, 102
Trd, 259067.683, 92
Trd, 259068.017, 73
Trd, 259068.067, 129
Trd, 259068.100, 130
Trd, 259068.617, 140
Trd, 259068.650, 140
Trd, 259068.683, 140
Trd, 259068.817, 138
Trd, 259068.933, 134
Trd, 259069.400, 139
Trd, 259069.717, 114
Trd, 259069.850, 121
Trd, 259070.000, 113
Trd, 259070.467, 139
Trd, 259070.500, 138
Trd, 259070.683, 136
Trd, 259070.700, 129
Trd, 259071.300, 138
Trd, 259071.633, 127
Trd, 259071.850, 129
Trd, 259072.117, 137
Trd, 259072.250, 138
Trd, 259072.517, 140
Trd, 259072.533, 136
Trd, 259072.883, 122
Trd, 259073.067, 116
Trd, 259073.350, 114
Trd, 259073.533, 113
Trd, 259073.683, 112
Trd, 259073.983, 101
Trd, 259074.233, 86
Trd, 259074.633, 131
Trd, 259074.867, 125
Trd, 259074.900, 73
Trd, 259075.017, 86
Trd, 259075.250, 89
Trd, 259075.300, 90
Trd, 259075.400, 73
Trd, 259075.433, 72
Trd, 259075.683, 99
Trd, 259075.750, 100
Trd, 259075.783, 106
Trd, 259075.800, 75
Trd, 259075.883, 69
Trd, 259076.333, 140
Trd, 259077.033, 134
Trd, 259077.433, 140
Trd, 259077.733, 117
Trd, 259078.017, 116
Trd, 259078.100, 118
Trd, 259078.267, 137
Trd, 259078.333, 138
Trd, 259078.450, 139
Trd, 259078.533, 128
Trd, 259078.600, 89
Trd, 259078.967, 118
Trd, 259079.000, 114
Trd, 259079.667, 140
Trd, 259079.800, 140
Trd, 259079.833, 140
Trd, 259079.883, 134
Trd, 259080.267, 140
Trd, 259080.550, 140
Trd, 259080.867, 140
Trd, 259080.917, 136
Trd, 259081.250, 136
Trd, 259081.367, 135
Trd, 259081.483, 132
Trd, 259081.533, 125
Trd, 259082.117, 139
Trd, 259082.167, 136
Trd, 259082.333, 124
Trd, 259082.683, 139
Trd, 259082.833, 112
Trd, 259082.983, 86
Trd, 259083.000, 68
Trd, 259083.167, 140
Trd, 259083.267, 98
Trd, 259083.567, 137
Trd, 259083.900, 60
Trd, 259084.067, 60
Trd, 259084.100, 61
Trd, 259084.300, 60
Trd, 259084.400, 62
Trd, 259084.517, 63
Trd, 259084.650, 61
Trd, 259084.667, 65
Trd, 259084.733, 74
Trd, 259085.183, 139
Trd, 259085.400, 124
Trd, 259086.000, 124
Trd, 259086.133, 76
Trd, 259086.167, 74
Trd, 259086.383, 109
Trd, 259086.683, 140
Trd, 259087.017, 102
Trd, 259087.117, 86
Trd, 259087.733, 126
Trd, 259088.000, 90
Trd, 259088.200, 140
Trd, 259088.433, 119
Trd, 259088.450, 137
Trd, 259088.917, 140
Trd, 259089.133, 136
Trd, 259089.217, 103
Trd, 259090.283, 98
Trd, 259090.500, 120
Trd, 259090.600, 114
Trd, 259090.767, 132
Trd, 259090.850, 114
Trd, 259090.983, 113
Trd, 259091.267, 110
Trd, 259091.350, 109
Trd, 259091.533, 105
Trd, 259091.600, 104
Trd, 259091.717, 102
Trd, 259091.850, 112
Trd, 259091.917, 123
Trd, 259092.200, 68
Trd, 259092.367, 66
Trd, 259092.517, 77
Trd, 259092.850, 100
Trd, 259092.950, 72
Trd, 259093.033, 124
Trd, 259093.200, 63
Trd, 259093.333, 63
Trd, 259093.417, 64
Trd, 259093.800, 62
Trd, 259094.067, 62
Trd, 259094.450, 102
Trd, 259094.717, 60
Trd, 259094.733, 62
Trd, 259094.850, 62
Trd, 259095.100, 65
Trd, 259095.417, 69
Trd, 259095.550, 114
Trd, 259095.783, 64
Trd, 259095.817, 77
Trd, 259095.917, 85
Trd, 259096.467, 116
Trd, 259096.483, 82
Trd, 259096.750, 140
Trd, 259097.100, 137
Trd, 259097.217, 137
Trd, 259097.933, 137
Trd, 259097.983, 136
Trd, 259098.250, 140
Trd, 259098.350, 135
Trd, 259098.433, 134
Trd, 259098.533, 132
Trd, 259099.467, 140
Trd, 259099.850, 140
Trd, 259099.867, 140
Trd, 259100.050, 140
Trd, 259100.183, 138
Trd, 259100.533, 138
Trd, 259100.783, 139
Trd, 259100.800, 133
Trd, 259101.017, 134
Trd, 259101.067, 140
Trd, 259101.167, 127
Trd, 259101.433, 126
Trd, 259101.483, 139
Trd, 259102.033, 127
Trd, 259102.283, 127
Trd, 259102.350, 126
Trd, 259102.400, 126
Trd, 259102.450, 125
Trd, 259102.533, 120
Trd, 259102.550, 117
Trd, 259102.900, 100
Trd, 259103.133, 135
Trd, 259103.283, 89
Trd, 259103.700, 138
Trd, 259103.833, 129
Trd, 259104.083, 117
Trd, 259104.267, 116
Trd, 259104.750, 138
Trd, 259105.067, 139
Trd, 259105.300, 138
Trd, 259105.667, 140
Trd, 259106.050, 134
Trd, 259106.450, 140
Trd, 259106.650, 136
Trd, 259106.717, 139
Trd, 259106.800, 123
Trd, 259106.833, 123
Trd, 259106.900, 137
Trd, 259106.933, 107
Trd, 259108.100, 140
Trd, 259108.133, 140
Trd, 259108.283, 130
Trd, 259108.417, 122
Trd, 259108.517, 114
Trd, 259108.633, 140
Trd, 259108.683, 108
Trd, 259108.883, 91
Trd, 259109.117, 116
Trd, 259109.200, 138
Trd, 259109.600, 140
Trd, 259109.850, 140
Trd, 259110.000, 139
Trd, 259110.100, 138
Trd, 259110.167, 134
Trd, 259110.800, 133
Trd, 259110.950, 131
Trd, 259111.100, 118
Trd, 259111.383, 140
Trd, 259111.567, 140
Trd, 259111.583, 140
Trd, 259111.983, 140
Trd, 259112.000, 140
Trd, 259112.717, 140
Trd, 259112.767, 140
Trd, 259112.917, 140
Trd, 259112.967, 139
Trd, 259113.617, 137
Trd, 259113.717, 129
Trd, 259114.100, 135
Trd, 259114.167, 128
Trd, 259114.200, 127
Trd, 259114.317, 136
Trd, 259114.617, 121
Trd, 259114.650, 119
Trd, 259114.833, 137
Trd, 259115.117, 120
Trd, 259115.217, 119
Trd, 259115.400, 119
Trd, 259116.067, 103
Trd, 259116.150, 101
Trd, 259116.417, 106
Trd, 259116.517, 89
Trd, 259116.817, 124
Trd, 259117.167, 109
Trd, 259117.267, 88
Trd, 259117.317, 140
Trd, 259117.617, 140
Trd, 259117.667, 140
Trd, 259117.683, 73
Trd, 259117.933, 133
Trd, 259118.417, 68
Trd, 259119.133, 72
Trd, 259119.233, 91
Trd, 259119.450, 66
Trd, 259119.617, 99
Trd, 259119.683, 111
Trd, 259119.700, 112
Trd, 259120.117, 101
Trd, 259120.483, 139
Trd, 259120.867, 140
Trd, 259120.917, 139
Trd, 259121.017, 139
Trd, 259121.167, 139
Trd, 259121.200, 138
Trd, 259121.217, 134
Trd, 259121.233, 134
Trd, 259121.483, 135
Trd, 259121.533, 124
Trd, 259121.783, 140
Trd, 259121.817, 139
Trd, 259122.233, 139
Trd, 259122.967, 140
Trd, 259123.083, 128
Trd, 259123.167, 117
Trd, 259123.583, 134
Trd, 259124.117, 129
Trd, 259124.200, 137
Trd, 259124.250, 126
Trd, 259124.417, 122
Trd, 259124.517, 120
Trd, 259125.250, 140
Trd, 259125.283, 139
Trd, 259125.517, 126
Trd, 259126.033, 140
Trd, 259126.100, 140
Trd, 259126.583, 140
Trd, 259127.033, 140
Trd, 259127.217, 140
Trd, 259127.250, 140
Trd, 259127.583, 140
Trd, 259127.767, 139
Trd, 259127.950, 136
Trd, 259128.050, 138
Trd, 259128.383, 135
Trd, 259128.433, 132
Trd, 259128.550, 129
Trd, 259128.700, 119
Trd, 259128.717, 119
Trd, 259128.800, 140
Trd, 259129.400, 140
Trd, 259129.617, 140
Trd, 259129.667, 140
Trd, 259129.967, 136
Trd, 259130.283, 140
Trd, 259130.500, 132
Trd, 259130.583, 131
Trd, 259131.067, 128
Trd, 259131.650, 130
Trd, 259131.833, 140
Trd, 259131.883, 129
Trd, 259132.417, 129
Trd, 259132.583, 128
Trd, 259132.667, 123
Trd, 259132.783, 135
Trd, 259132.883, 117
Trd, 259133.067, 140
Trd, 259133.383, 94
Trd, 259133.417, 126
Trd, 259133.867, 93
Trd, 259133.900, 133
Trd, 259133.917, 92
Trd, 259134.367, 139
Trd, 259134.383, 125
Trd, 259134.467, 94
Trd, 259134.917, 99
Trd, 259135.233, 90
Trd, 259135.350, 130
Trd, 259135.450, 131
Trd, 259135.983, 93
Trd, 259136.133, 95
Trd, 259136.150, 117
Trd, 259136.200, 85
Trd, 259136.317, 132
Trd, 259136.400, 87
Trd, 259136.600, 76
Trd, 259137.400, 122
Trd, 259137.533, 124
Trd, 259137.550, 118
Trd, 259137.617, 104
Trd, 259137.867, 129
Trd, 259138.400, 79
Trd, 259138.900, 78
Trd, 259138.967, 69
Trd, 259139.417, 82
Trd, 259139.433, 85
Trd, 259139.483, 103
Trd, 259139.967, 139
Trd, 259140.100, 138
Trd, 259140.250, 135
Trd, 259141.283, 140
Trd, 259141.700, 140
Trd, 259142.017, 140
Trd, 259142.383, 140
Trd, 259142.433, 140
Trd, 259142.933, 140
Trd, 259143.200, 140
Trd, 259143.333, 140
Trd, 259143.533, 140
Trd, 259143.550, 139
Trd, 259143.633, 138
Trd, 259143.700, 138
Trd, 259143.717, 137
Trd, 259143.800, 131
Trd, 259143.967, 138
Trd, 259144.100, 118
Trd, 259144.250, 112
Trd, 259144.283, 116
Trd, 259144.300, 140
Trd, 259144.433, 139
Trd, 259144.500, 137
Trd, 259145.017, 105
Trd, 259145.033, 104
Trd, 259145.200, 118
Trd, 259145.750, 127
Trd, 259145.900, 125
Trd, 259146.217, 124
Trd, 259146.333, 123
Trd, 259146.350, 138
Trd, 259146.817, 140
Trd, 259146.933, 140
Trd, 259146.950, 123
Trd, 259147.983, 140
Trd, 259148.000, 139
Trd, 259148.300, 140
Trd, 259148.700, 140
Trd, 259149.317, 140
Trd, 259149.383, 140
Trd, 259149.667, 140
Trd, 259149.700, 140
Trd, 259149.917, 140
Trd, 259150.267, 140
Trd, 259150.400, 139
Trd, 259150.533, 139
Trd, 259150.667, 138
Trd, 259150.850, 126
Trd, 259151.000, 120
Trd, 259151.117, 116
Trd, 259151.733, 136
Trd, 259152.417, 140
Trd, 259152.433, 140
Trd, 259152.700, 140
Trd, 259153.033, 138
Trd, 259153.117, 135
Trd, 259153.383, 139
Trd, 259153.617, 137
Trd, 259153.917, 131
Trd, 259154.067, 131
Trd, 259154.117, 129
Trd, 259154.200, 126
Trd, 259154.267, 132
Trd, 259154.417, 119
Trd, 259154.667, 111
Trd, 259154.783, 123
Trd, 259155.067, 140
Trd, 259155.433, 137
Trd, 259155.600, 138
Trd, 259156.233, 140
Trd, 259156.283, 140
Trd, 259156.800, 140
Trd, 259157.033, 134
Trd, 259157.150, 133
Trd, 259157.183, 125
Trd, 259157.217, 120
Trd, 259157.417, 109
Trd, 259157.667, 139
Trd, 259157.750, 133
Trd, 259157.817, 118
Trd, 259158.167, 140
Trd, 259158.350, 140
Trd, 259158.567, 130
Trd, 259158.600, 125
Trd, 259158.683, 112
Trd, 259159.000, 135
Trd, 259159.117, 131
Trd, 259159.483, 140
Trd, 259159.517, 140
Trd, 259159.717, 140
Trd, 259160.200, 140
Trd, 259160.283, 140
Trd, 259160.600, 140
Trd, 259160.783, 140
Trd, 259160.817, 140
Trd, 259160.967, 140
Trd, 259161.183, 138
Trd, 259161.950, 119
Trd, 259163.283, 139
Trd, 259163.900, 140
Trd, 259163.933, 140
Trd, 259164.167, 139
Trd, 259164.183, 135
Trd, 259164.867, 140
Trd, 259165.283, 140
Trd, 259165.383, 140
Trd, 259165.500, 139
Trd, 259165.617, 140
Trd, 259165.717, 140
Trd, 259166.333, 139
Trd, 259166.400, 134
Trd, 259166.600, 131
Trd, 259166.700, 134
Trd, 259166.817, 130
Trd, 259166.967, 130
Trd, 259167.133, 130
Trd, 259167.333, 140
Trd, 259167.850, 140
Trd, 259167.917, 140
Trd, 259168.100, 138
Trd, 259168.167, 140
Trd, 259168.633, 138
Trd, 259168.733, 127
Trd, 259168.983, 126
Trd, 259169.050, 131
Trd, 259169.833, 140
Trd, 259169.850, 140
Trd, 259169.933, 129
Trd, 259170.117, 130
Trd, 259170.250, 124
Trd, 259170.367, 107
Trd, 259170.967, 140
Trd, 259170.983, 139
Trd, 259171.017, 128
Trd, 259171.150, 135
Trd, 259171.367, 122
Trd, 259171.500, 140
Trd, 259171.650, 117
Trd, 259171.700, 123
Trd, 259171.750, 116
Trd, 259171.800, 116
Trd, 259172.200, 140
Trd, 259172.283, 115
Trd, 259172.817, 140
Trd, 259173.133, 139
Trd, 259173.333, 136
Trd, 259173.467, 133
Trd, 259173.817, 134
Trd, 259174.517, 130
Trd, 259174.617, 129
Trd, 259174.650, 128
Trd, 259175.000, 127
Trd, 259175.150, 120
Trd, 259175.417, 118
Trd, 259175.583, 107
Trd, 259175.650, 137
Trd, 259176.217, 139
Trd, 259176.550, 140
Trd, 259176.733, 140
Trd, 259176.767, 130
Trd, 259176.817, 129
Trd, 259176.883, 126
Trd, 259177.033, 122
Trd, 259177.450, 140
Trd, 259178.050, 139
Trd, 259178.067, 131
Trd, 259178.350, 125
Trd, 259178.900, 140
Trd, 259179.133, 140
Trd, 259179.667, 140
Trd, 259179.983, 140
Trd, 259180.267, 140
Trd, 259180.333, 140
Trd, 259180.800, 140
Trd, 259180.850, 132
Trd, 259181.200, 129
Trd, 259181.300, 128
Trd, 259181.383, 125
Trd, 259181.450, 124
Trd, 259181.500, 119
Trd, 259181.550, 113
Trd, 259181.950, 140
Trd, 259182.050, 135
Trd, 259182.233, 140
Trd, 259182.650, 128
Trd, 259183.000, 135
Trd, 259183.450, 129
Trd, 259183.517, 128
Trd, 259183.550, 131
Trd, 259183.633, 134
Trd, 259183.717, 131
Trd, 259183.750, 140
Trd, 259184.033, 129
Trd, 259184.100, 127
Trd, 259184.267, 126
Trd, 259184.600, 140
Trd, 259184.750, 124
Trd, 259185.017, 140
Trd, 259185.217, 139
Trd, 259185.250, 120
Trd, 259185.433, 104
Trd, 259185.883, 140
Trd, 259186.267, 129
Trd, 259186.367, 125
Trd, 259186.667, 117
Trd, 259186.967, 91
Trd, 259187.633, 136
Trd, 259187.733, 137
Trd, 259187.967, 136
Trd, 259188.017, 132
Trd, 259188.033, 128
Trd, 259188.050, 122
Trd, 259188.767, 138
Trd, 259188.800, 115
Trd, 259189.033, 127
Trd, 259189.050, 109
Trd, 259189.533, 73
Trd, 259189.550, 125
Trd, 259189.917, 70
Trd, 259190.017, 70
Trd, 259190.083, 77
Trd, 259190.117, 69
Trd, 259190.500, 70
Trd, 259191.017, 140
Trd, 259191.200, 140
Trd, 259191.283, 140
Trd, 259191.300, 125
Trd, 259191.450, 139
Trd, 259191.500, 140
Trd, 259191.817, 109
Trd, 259192.450, 110
Trd, 259192.467, 108
Trd, 259192.683, 138
Trd, 259192.717, 104
Trd, 259192.767, 139
Trd, 259192.917, 140
Trd, 259193.417, 139
Trd, 259193.583, 138
Trd, 259193.983, 137
Trd, 259194.033, 131
Trd, 259194.150, 123
Trd, 259194.917, 140
Trd, 259195.700, 140
Trd, 259195.750, 134
Trd, 259195.767, 129
Trd, 259195.817, 129
Trd, 259196.117, 138
Trd, 259196.283, 119
Trd, 259196.350, 118
Trd, 259196.467, 118
Trd, 259196.700, 139
Trd, 259196.717, 139
Trd, 259196.783, 114
Trd, 259196.850, 126
Trd, 259197.250, 137
Trd, 259197.667, 138
Trd, 259197.883, 139
Trd, 259198.333, 140
Trd, 259198.667, 140
Trd, 259198.933, 140
Trd, 259199.050, 140
Trd, 259199.133, 140
Trd, 259199.933, 140
