Trd, 258576.933, 78
Trd, 258577.317, 137
Trd, 258577.583, 126
Trd, 258577.750, 122
Trd, 258578.233, 118
Trd, 258578.583, 114
Trd, 258578.600, 96
Trd, 258579.283, 132
Trd, 258579.350, 117
Trd, 258579.750, 138
Trd, 258579.783, 111
Trd, 258579.800, 97
Trd, 258579.817, 91
Trd, 258580.000, 128
Trd, 258580.017, 110
Trd, 258580.150, 134
Trd, 258580.333, 103
Trd, 258580.533, 118
Trd, 258580.967, 110
Trd, 258581.400, 100
Trd, 258581.867, 114
Trd, 258582.383, 91
Trd, 258582.983, 137
Trd, 258583.083, 133
Trd, 258583.300, 130
Trd, 258583.317, 124
Trd, 258583.450, 126
Trd, 258583.500, 116
Trd, 258583.700, 139
Trd, 258584.167, 122
Trd, 258584.383, 102
Trd, 258584.767, 116
Trd, 258584.883, 127
Trd, 258585.017, 137
Trd, 258585.400, 99
Trd, 258585.433, 129
Trd, 258585.517, 119
Trd, 258585.900, 109
Trd, 258586.233, 105
Trd, 258586.583, 140
Trd, 258586.617, 95
Trd, 258586.933, 116
Trd, 258587.050, 136
Trd, 258587.217, 125
Trd, 258587.233, 92
Trd, 258587.417, 70
Trd, 258588.167, 102
Trd, 258588.250, 126
Trd, 258588.367, 100
Trd, 258588.533, 99
Trd, 258588.633, 92
Trd, 258589.383, 121
Trd, 258590.350, 104
Trd, 258590.433, 92
Trd, 258590.500, 94
Trd, 258590.533, 105
Trd, 258590.617, 105
Trd, 258590.900, 111
Trd, 258591.050, 136
Trd, 258591.317, 140
Trd, 258591.417, 118
Trd, 258591.767, 102
Trd, 258592.150, 106
Trd, 258592.217, 94
Trd, 258592.283, 93
Trd, 258592.717, 87
Trd, 258593.267, 88
Trd, 258593.300, 95
Trd, 258594.050, 134
Trd, 258594.517, 140
Trd, 258594.600, 127
Trd, 258594.883, 125
Trd, 258595.050, 130
Trd, 258595.150, 123
Trd, 258595.433, 120
Trd, 258595.767, 135
Trd, 258596.617, 125
Trd, 258596.767, 123
Trd, 258596.850, 111
Trd, 258596.867, 111
Trd, 258596.983, 109
Trd, 258597.717, 111
Trd, 258597.883, 110
Trd, 258597.983, 102
Trd, 258598.517, 139
Trd, 258599.067, 128
Trd, 258599.183, 129
Trd, 258599.233, 131
Trd, 258599.583, 130
Trd, 258599.717, 115
Trd, 258599.800, 125
Trd, 258600.333, 105
Trd, 258600.517, 100
Trd, 258600.833, 107
Trd, 258600.967, 110
Trd, 258601.017, 114
Trd, 258601.033, 108
Trd, 258601.667, 117
Trd, 258601.783, 106
Trd, 258602.200, 135
Trd, 258602.467, 126
Trd, 258602.800, 126
Trd, 258602.983, 116
Trd, 258603.283, 138
Trd, 258603.550, 126
Trd, 258603.817, 121
Trd, 258604.050, 113
Trd, 258604.283, 107
Trd, 258604.467, 119
Trd, 258604.850, 109
Trd, 258605.150, 103
Trd, 258605.217, 120
Trd, 258605.250, 99
Trd, 258605.300, 95
Trd, 258605.500, 113
Trd, 258605.567, 109
Trd, 258605.883, 93
Trd, 258605.900, 88
Trd, 258606.317, 105
Trd, 258606.567, 85
Trd, 258606.867, 119
Trd, 258607.000, 79
Trd, 258607.033, 120
Trd, 258607.117, 76
Trd, 258607.133, 122
Trd, 258607.217, 86
Trd, 258608.233, 138
Trd, 258608.350, 136
Trd, 258608.400, 133
Trd, 258608.683, 125
Trd, 258608.767, 125
Trd, 258609.233, 109
Trd, 258609.633, 111
Trd, 258609.683, 100
Trd, 258609.717, 129
Trd, 258609.867, 98
Trd, 258610.067, 88
Trd, 258610.483, 107
Trd, 258610.983, 107
Trd, 258611.033, 97
Trd, 258611.217, 98
Trd, 258611.233, 90
Trd, 258611.450, 90
Trd, 258611.783, 124
Trd, 258612.217, 119
Trd, 258612.433, 116
Trd, 258612.467, 116
Trd, 258612.717, 130
Trd, 258612.750, 99
Trd, 258613.050, 129
Trd, 258613.533, 129
Trd, 258613.600, 103
Trd, 258613.700, 133
Trd, 258614.383, 103
Trd, 258614.733, 87
Trd, 258614.767, 100
Trd, 258614.817, 78
Trd, 258614.833, 74
Trd, 258615.383, 83
Trd, 258615.417, 91
Trd, 258615.433, 102
Trd, 258615.717, 106
Trd, 258616.017, 116
Trd, 258616.500, 115
Trd, 258617.717, 104
Trd, 258618.017, 104
Trd, 258618.217, 103
Trd, 258618.500, 116
Trd, 258619.383, 127
Trd, 258619.767, 117
Trd, 258620.133, 131
Trd, 258620.150, 118
Trd, 258620.417, 129
Trd, 258620.767, 132
Trd, 258620.850, 129
Trd, 258621.050, 134
Trd, 258621.117, 121
Trd, 258621.133, 120
Trd, 258621.683, 125
Trd, 258621.700, 109
Trd, 258622.333, 126
Trd, 258622.467, 140
Trd, 258622.583, 110
Trd, 258622.733, 114
Trd, 258622.833, 107
Trd, 258623.067, 140
Trd, 258623.150, 108
Trd, 258623.467, 115
Trd, 258623.750, 105
Trd, 258623.983, 135
Trd, 258624.183, 132
Trd, 258624.200, 101
Trd, 258624.333, 113
Trd, 258624.483, 104
Trd, 258624.733, 98
Trd, 258624.783, 125
Trd, 258624.800, 105
Trd, 258625.333, 113
Trd, 258626.083, 123
Trd, 258626.433, 123
Trd, 258626.467, 116
Trd, 258626.517, 115
Trd, 258626.567, 111
Trd, 258626.717, 118
Trd, 258626.800, 107
Trd, 258626.933, 128
Trd, 258627.317, 139
Trd, 258627.467, 114
Trd, 258627.533, 102
Trd, 258627.667, 136
Trd, 258627.850, 118
Trd, 258628.067, 140
Trd, 258628.100, 109
Trd, 258628.150, 95
Trd, 258628.417, 102
Trd, 258628.850, 130
Trd, 258628.950, 122
Trd, 258629.533, 138
Trd, 258629.850, 137
Trd, 258629.950, 127
Trd, 258630.000, 120
Trd, 258630.300, 128
Trd, 258630.367, 116
Trd, 258630.517, 116
Trd, 258630.867, 118
Trd, 258631.317, 139
Trd, 258631.450, 103
Trd, 258631.583, 117
Trd, 258631.950, 96
Trd, 258632.167, 129
Trd, 258632.333, 108
Trd, 258632.967, 119
Trd, 258633.533, 115
Trd, 258633.767, 111
Trd, 258634.267, 103
Trd, 258635.017, 110
Trd, 258635.083, 115
Trd, 258635.100, 118
Trd, 258635.250, 106
Trd, 258635.433, 98
Trd, 258635.667, 115
Trd, 258635.750, 122
Trd, 258636.000, 106
Trd, 258636.117, 129
Trd, 258636.250, 118
Trd, 258636.833, 104
Trd, 258636.850, 104
Trd, 258637.083, 93
Trd, 258637.217, 94
Trd, 258637.533, 134
Trd, 258637.800, 112
Trd, 258637.983, 104
Trd, 258638.417, 110
Trd, 258638.433, 111
Trd, 258638.633, 140
Trd, 258639.000, 122
Trd, 258639.083, 117
Trd, 258639.283, 98
Trd, 258639.450, 97
Trd, 258639.617, 101
Trd, 258639.667, 123
Trd, 258639.850, 140
Trd, 258640.033, 132
Trd, 258640.083, 128
Trd, 258640.883, 121
Trd, 258641.000, 124
Trd, 258641.217, 121
Trd, 258641.483, 120
Trd, 258641.583, 124
Trd, 258642.583, 125
Trd, 258642.783, 126
Trd, 258642.883, 106
Trd, 258642.917, 104
Trd, 258643.067, 104
Trd, 258643.600, 117
Trd, 258643.617, 110
Trd, 258643.667, 108
Trd, 258643.900, 104
Trd, 258643.983, 109
Trd, 258644.150, 140
Trd, 258644.283, 120
Trd, 258644.633, 100
Trd, 258645.300, 128
Trd, 258645.933, 123
Trd, 258646.050, 109
Trd, 258646.800, 127
Trd, 258646.900, 140
Trd, 258647.217, 138
Trd, 258647.317, 134
Trd, 258647.467, 131
Trd, 258647.650, 105
Trd, 258647.817, 109
Trd, 258648.100, 140
Trd, 258648.117, 110
Trd, 258648.200, 109
Trd, 258648.417, 118
Trd, 258648.433, 103
Trd, 258648.867, 119
Trd, 258649.183, 109
Trd, 258649.317, 118
Trd, 258649.833, 140
Trd, 258650.067, 115
Trd, 258650.283, 110
Trd, 258650.633, 128
Trd, 258650.683, 117
Trd, 258650.867, 103
Trd, 258650.967, 116
Trd, 258651.183, 112
Trd, 258651.400, 129
Trd, 258651.450, 107
Trd, 258651.783, 78
Trd, 258652.350, 87
Trd, 258652.433, 93
Trd, 258652.483, 74
Trd, 258652.767, 132
Trd, 258653.133, 137
Trd, 258653.400, 131
Trd, 258653.633, 128
Trd, 258653.783, 128
Trd, 258653.867, 136
Trd, 258653.950, 111
Trd, 258654.133, 109
Trd, 258654.267, 137
Trd, 258654.283, 107
Trd, 258654.917, 121
Trd, 258654.950, 115
Trd, 258655.400, 139
Trd, 258655.550, 130
Trd, 258655.633, 134
Trd, 258655.733, 108
Trd, 258655.917, 108
Trd, 258656.150, 106
Trd, 258656.300, 118
Trd, 258656.517, 109
Trd, 258656.600, 96
Trd, 258657.550, 102
Trd, 258657.983, 121
Trd, 258658.217, 116
Trd, 258658.267, 119
Trd, 258658.750, 97
Trd, 258658.850, 92
Trd, 258659.083, 121
Trd, 258659.600, 116
Trd, 258659.683, 127
Trd, 258660.417, 133
Trd, 258660.583, 110
Trd, 258660.983, 128
Trd, 258661.200, 134
Trd, 258661.217, 110
Trd, 258661.683, 124
Trd, 258661.900, 140
Trd, 258661.917, 121
Trd, 258662.317, 129
Trd, 258662.333, 108
Trd, 258662.500, 108
Trd, 258662.700, 106
Trd, 258663.050, 110
Trd, 258663.083, 103
Trd, 258663.183, 106
Trd, 258663.350, 114
Trd, 258663.417, 121
Trd, 258663.483, 98
Trd, 258663.833, 124
Trd, 258664.050, 102
Trd, 258664.183, 96
Trd, 258664.483, 98
Trd, 258664.550, 108
Trd, 258664.917, 137
Trd, 258665.267, 118
Trd, 258665.283, 136
Trd, 258665.967, 107
Trd, 258666.267, 129
Trd, 258666.700, 102
Trd, 258666.750, 101
Trd, 258667.050, 107
Trd, 258667.117, 105
Trd, 258667.417, 100
Trd, 258667.533, 139
Trd, 258667.717, 117
Trd, 258667.817, 133
Trd, 258667.883, 116
Trd, 258668.083, 133
Trd, 258668.217, 125
Trd, 258668.400, 124
Trd, 258668.450, 99
Trd, 258668.933, 133
Trd, 258668.967, 135
Trd, 258669.350, 114
Trd, 258669.633, 113
Trd, 258669.733, 125
Trd, 258669.783, 110
Trd, 258670.317, 85
Trd, 258670.367, 92
Trd, 258670.683, 124
Trd, 258670.950, 108
Trd, 258671.250, 118
Trd, 258671.333, 84
Trd, 258671.517, 124
Trd, 258672.350, 120
Trd, 258672.550, 109
Trd, 258672.967, 122
Trd, 258673.150, 136
Trd, 258673.367, 103
Trd, 258673.633, 111
Trd, 258673.917, 105
Trd, 258674.267, 108
Trd, 258674.483, 112
Trd, 258674.600, 90
Trd, 258675.017, 106
Trd, 258675.033, 85
Trd, 258675.050, 123
Trd, 258675.633, 90
Trd, 258675.817, 108
Trd, 258676.067, 125
Trd, 258676.100, 112
Trd, 258676.483, 90
Trd, 258676.850, 135
Trd, 258676.883, 98
Trd, 258677.033, 136
Trd, 258677.183, 90
Trd, 258677.217, 89
Trd, 258677.550, 117
Trd, 258677.767, 116
Trd, 258677.917, 126
Trd, 258678.083, 136
Trd, 258678.200, 112
Trd, 258678.667, 131
Trd, 258679.050, 124
Trd, 258679.933, 118
Trd, 258680.067, 114
Trd, 258680.083, 103
Trd, 258680.483, 109
Trd, 258680.550, 105
Trd, 258681.033, 138
Trd, 258681.100, 100
Trd, 258681.733, 100
Trd, 258681.850, 93
Trd, 258682.100, 94
Trd, 258682.250, 97
Trd, 258682.383, 96
Trd, 258682.467, 108
Trd, 258682.650, 101
Trd, 258682.667, 87
Trd, 258682.967, 140
Trd, 258683.017, 132
Trd, 258683.033, 113
Trd, 258683.083, 125
Trd, 258683.167, 83
Trd, 258683.650, 118
Trd, 258683.917, 93
Trd, 258684.183, 120
Trd, 258684.300, 122
Trd, 258684.717, 86
Trd, 258684.900, 104
Trd, 258685.117, 93
Trd, 258685.600, 89
Trd, 258685.783, 113
Trd, 258685.867, 102
Trd, 258686.633, 108
Trd, 258686.817, 107
Trd, 258686.967, 117
Trd, 258687.350, 131
Trd, 258687.617, 136
Trd, 258687.817, 127
Trd, 258688.067, 133
Trd, 258688.450, 126
Trd, 258688.617, 117
Trd, 258688.650, 113
Trd, 258688.700, 111
Trd, 258688.883, 110
Trd, 258689.067, 109
Trd, 258689.083, 75
Trd, 258689.267, 127
Trd, 258689.433, 84
Trd, 258689.483, 134
Trd, 258689.717, 70
Trd, 258689.750, 91
Trd, 258689.767, 103
Trd, 258690.067, 95
Trd, 258690.283, 89
Trd, 258690.350, 127
Trd, 258690.600, 128
Trd, 258691.117, 91
Trd, 258691.300, 140
Trd, 258691.550, 85
Trd, 258691.783, 114
Trd, 258691.950, 88
Trd, 258692.750, 105
Trd, 258692.867, 129
Trd, 258693.050, 130
Trd, 258693.183, 114
Trd, 258693.300, 102
Trd, 258693.533, 127
Trd, 258694.100, 133
Trd, 258694.167, 122
Trd, 258694.450, 112
Trd, 258694.767, 122
Trd, 258694.983, 116
Trd, 258695.083, 120
Trd, 258695.367, 120
Trd, 258695.483, 112
Trd, 258695.600, 99
Trd, 258695.717, 125
Trd, 258695.933, 140
Trd, 258696.017, 111
Trd, 258696.333, 98
Trd, 258696.367, 93
Trd, 258696.450, 115
Trd, 258697.150, 122
Trd, 258697.417, 103
Trd, 258697.467, 130
Trd, 258697.617, 126
Trd, 258697.633, 114
Trd, 258697.800, 98
Trd, 258698.400, 114
Trd, 258699.033, 111
Trd, 258699.717, 136
Trd, 258699.767, 125
Trd, 258699.950, 122
Trd, 258700.117, 134
Trd, 258700.150, 114
Trd, 258700.483, 139
Trd, 258700.900, 138
Trd, 258700.967, 99
Trd, 258701.100, 85
Trd, 258701.350, 99
Trd, 258701.483, 132
Trd, 258701.600, 125
Trd, 258701.783, 87
Trd, 258702.000, 95
Trd, 258702.050, 83
Trd, 258702.433, 77
Trd, 258702.517, 89
Trd, 258702.683, 85
Trd, 258702.717, 76
Trd, 258702.817, 91
Trd, 258703.333, 100
Trd, 258703.617, 137
Trd, 258704.383, 134
Trd, 258704.517, 116
Trd, 258704.767, 124
Trd, 258705.083, 114
Trd, 258705.267, 133
Trd, 258705.600, 109
Trd, 258705.700, 112
Trd, 258705.767, 105
Trd, 258705.933, 97
Trd, 258706.217, 114
Trd, 258706.717, 120
Trd, 258706.783, 117
Trd, 258706.833, 102
Trd, 258707.050, 131
Trd, 258707.633, 132
Trd, 258708.083, 136
Trd, 258708.400, 133
Trd, 258708.550, 132
Trd, 258708.667, 103
Trd, 258708.983, 127
Trd, 258709.300, 100
Trd, 258709.633, 107
Trd, 258709.950, 95
Trd, 258710.267, 86
Trd, 258710.300, 131
Trd, 258710.467, 126
Trd, 258710.917, 104
Trd, 258711.033, 92
Trd, 258711.333, 85
Trd, 258711.383, 135
Trd, 258711.533, 120
Trd, 258711.700, 89
Trd, 258711.833, 86
Trd, 258712.033, 96
Trd, 258712.500, 95
Trd, 258712.550, 105
Trd, 258712.683, 120
Trd, 258712.817, 124
Trd, 258713.483, 121
Trd, 258713.867, 102
Trd, 258713.900, 100
Trd, 258714.200, 97
Trd, 258714.283, 102
Trd, 258714.467, 130
Trd, 258714.950, 137
Trd, 258715.083, 130
Trd, 258715.217, 125
Trd, 258715.333, 103
Trd, 258715.650, 111
Trd, 258715.867, 89
Trd, 258715.900, 83
Trd, 258716.433, 92
Trd, 258716.533, 115
Trd, 258716.850, 90
Trd, 258717.183, 92
Trd, 258717.317, 88
Trd, 258717.433, 100
Trd, 258717.500, 121
Trd, 258718.967, 130
Trd, 258719.050, 122
Trd, 258719.233, 127
Trd, 258719.367, 120
Trd, 258719.417, 110
Trd, 258719.650, 122
Trd, 258720.300, 105
Trd, 258720.400, 128
Trd, 258720.417, 105
Trd, 258720.433, 104
Trd, 258720.533, 100
Trd, 258720.933, 131
Trd, 258721.017, 110
Trd, 258721.300, 118
Trd, 258721.800, 123
Trd, 258721.900, 127
Trd, 258721.933, 107
Trd, 258722.317, 93
Trd, 258722.467, 87
Trd, 258722.683, 83
Trd, 258722.967, 88
Trd, 258723.267, 105
Trd, 258723.517, 92
Trd, 258724.183, 126
Trd, 258724.683, 140
Trd, 258724.883, 118
Trd, 258725.100, 122
Trd, 258725.317, 127
Trd, 258725.500, 140
Trd, 258725.550, 111
Trd, 258725.650, 127
Trd, 258725.850, 136
Trd, 258726.317, 121
Trd, 258726.617, 133
Trd, 258726.833, 104
Trd, 258727.367, 107
Trd, 258727.383, 84
Trd, 258727.850, 121
Trd, 258727.883, 120
Trd, 258727.900, 127
Trd, 258728.083, 126
Trd, 258728.350, 131
Trd, 258728.400, 110
Trd, 258728.567, 117
Trd, 258728.833, 140
Trd, 258728.850, 132
Trd, 258729.133, 127
Trd, 258729.733, 112
Trd, 258730.017, 112
Trd, 258730.950, 115
Trd, 258731.200, 97
Trd, 258731.233, 123
Trd, 258731.333, 101
Trd, 258731.350, 95
Trd, 258731.633, 132
Trd, 258731.650, 125
Trd, 258732.717, 140
Trd, 258732.867, 129
Trd, 258733.083, 121
Trd, 258733.133, 139
Trd, 258733.350, 118
Trd, 258733.567, 124
Trd, 258733.733, 117
Trd, 258733.850, 126
Trd, 258734.417, 118
Trd, 258734.500, 114
Trd, 258734.533, 123
Trd, 258734.600, 128
Trd, 258734.900, 118
Trd, 258735.450, 133
Trd, 258735.567, 110
Trd, 258735.600, 97
Trd, 258735.633, 95
Trd, 258735.967, 139
Trd, 258736.017, 120
Trd, 258736.167, 91
Trd, 258736.667, 88
Trd, 258736.767, 116
Trd, 258736.800, 83
Trd, 258737.067, 134
Trd, 258737.133, 104
Trd, 258737.350, 117
Trd, 258737.967, 122
Trd, 258738.150, 132
Trd, 258738.200, 115
Trd, 258738.233, 136
Trd, 258738.417, 129
Trd, 258738.433, 101
Trd, 258738.933, 96
Trd, 258738.967, 77
Trd, 258739.250, 139
Trd, 258739.450, 122
Trd, 258739.700, 119
Trd, 258739.733, 112
Trd, 258740.083, 104
Trd, 258740.433, 101
Trd, 258740.750, 137
Trd, 258741.033, 139
Trd, 258741.433, 139
Trd, 258741.533, 129
Trd, 258741.850, 125
Trd, 258741.967, 110
Trd, 258742.033, 109
Trd, 258742.417, 91
Trd, 258742.550, 95
Trd, 258742.850, 109
Trd, 258743.183, 116
Trd, 258743.217, 126
Trd, 258743.817, 138
Trd, 258744.217, 130
Trd, 258744.717, 134
Trd, 258744.883, 129
Trd, 258745.083, 125
Trd, 258745.100, 114
Trd, 258745.200, 134
Trd, 258745.583, 122
Trd, 258745.650, 112
Trd, 258746.133, 124
Trd, 258746.217, 124
Trd, 258746.417, 112
Trd, 258746.533, 102
Trd, 258746.933, 124
Trd, 258746.967, 98
Trd, 258747.067, 125
Trd, 258747.200, 123
Trd, 258747.350, 138
Trd, 258747.533, 126
Trd, 258747.817, 112
Trd, 258747.933, 138
Trd, 258748.017, 123
Trd, 258748.783, 138
Trd, 258748.917, 108
Trd, 258749.200, 113
Trd, 258749.367, 114
Trd, 258749.600, 136
Trd, 258749.783, 116
Trd, 258749.800, 106
Trd, 258750.100, 102
Trd, 258750.317, 127
Trd, 258750.350, 93
Trd, 258750.450, 91
Trd, 258750.900, 94
Trd, 258751.050, 91
Trd, 258751.150, 90
Trd, 258751.500, 90
Trd, 258751.650, 89
Trd, 258751.800, 113
Trd, 258752.267, 84
Trd, 258752.283, 113
Trd, 258752.700, 114
Trd, 258753.700, 132
Trd, 258753.750, 116
Trd, 258754.317, 127
Trd, 258754.567, 140
Trd, 258754.767, 138
Trd, 258755.133, 122
Trd, 258755.333, 116
Trd, 258755.733, 110
Trd, 258756.017, 109
Trd, 258756.300, 113
Trd, 258756.367, 100
Trd, 258756.567, 86
Trd, 258756.950, 118
Trd, 258757.500, 132
Trd, 258757.817, 140
Trd, 258758.533, 133
Trd, 258758.783, 132
Trd, 258759.017, 138
Trd, 258759.083, 125
Trd, 258759.300, 132
Trd, 258759.567, 118
Trd, 258759.733, 129
Trd, 258759.867, 117
Trd, 258759.950, 138
Trd, 258760.250, 116
Trd, 258760.283, 115
Trd, 258760.467, 131
Trd, 258760.850, 112
Trd, 258761.050, 131
Trd, 258761.400, 127
Trd, 258761.450, 105
Trd, 258761.800, 133
Trd, 258761.883, 128
Trd, 258762.033, 128
Trd, 258762.417, 98
Trd, 258762.583, 138
Trd, 258762.800, 97
Trd, 258763.283, 91
Trd, 258763.600, 89
Trd, 258763.883, 116
Trd, 258764.183, 123
Trd, 258764.300, 132
Trd, 258765.300, 131
Trd, 258765.583, 121
Trd, 258766.200, 117
Trd, 258766.367, 116
Trd, 258766.467, 112
Trd, 258766.517, 120
Trd, 258766.933, 134
Trd, 258767.167, 119
Trd, 258767.217, 107
Trd, 258767.350, 129
Trd, 258767.617, 128
Trd, 258768.200, 136
Trd, 258768.250, 132
Trd, 258768.450, 117
Trd, 258768.533, 140
Trd, 258768.550, 125
Trd, 258768.950, 140
Trd, 258769.017, 118
Trd, 258769.067, 118
Trd, 258769.083, 117
Trd, 258769.350, 115
Trd, 258769.633, 118
Trd, 258769.733, 138
Trd, 258769.883, 129
Trd, 258770.483, 115
Trd, 258770.783, 130
Trd, 258770.933, 106
Trd, 258771.367, 103
Trd, 258771.500, 107
Trd, 258771.550, 126
Trd, 258771.800, 103
Trd, 258771.950, 103
Trd, 258772.033, 83
Trd, 258772.617, 91
Trd, 258772.700, 129
Trd, 258772.967, 73
Trd, 258773.433, 127
Trd, 258773.550, 131
Trd, 258773.783, 131
Trd, 258774.383, 138
Trd, 258774.500, 122
Trd, 258774.717, 139
Trd, 258774.750, 117
Trd, 258774.983, 116
Trd, 258775.133, 108
Trd, 258775.267, 127
Trd, 258776.033, 128
Trd, 258776.067, 108
Trd, 258776.417, 107
Trd, 258776.433, 94
Trd, 258776.650, 98
Trd, 258776.933, 93
Trd, 258777.400, 133
Trd, 258777.450, 138
Trd, 258777.533, 102
Trd, 258777.600, 108
Trd, 258777.667, 125
Trd, 258778.133, 109
Trd, 258778.200, 116
Trd, 258778.517, 90
Trd, 258778.600, 122
Trd, 258778.900, 122
Trd, 258779.067, 121
Trd, 258779.383, 135
Trd, 258779.600, 138
Trd, 258780.167, 94
Trd, 258780.383, 120
Trd, 258780.883, 92
Trd, 258780.900, 106
Trd, 258780.950, 88
Trd, 258781.283, 98
Trd, 258781.483, 75
Trd, 258781.567, 131
Trd, 258781.700, 130
Trd, 258781.783, 119
Trd, 258782.133, 112
Trd, 258782.783, 140
Trd, 258782.817, 120
Trd, 258782.983, 95
Trd, 258783.083, 108
Trd, 258783.133, 100
Trd, 258783.367, 101
Trd, 258783.383, 115
Trd, 258783.700, 126
Trd, 258783.733, 94
Trd, 258783.917, 72
Trd, 258784.967, 136
Trd, 258785.133, 131
Trd, 258785.233, 123
Trd, 258785.550, 120
Trd, 258785.617, 123
Trd, 258785.633, 105
Trd, 258785.967, 123
Trd, 258786.067, 105
Trd, 258786.367, 112
Trd, 258787.217, 138
Trd, 258787.350, 135
Trd, 258787.517, 139
Trd, 258787.733, 107
Trd, 258787.800, 107
Trd, 258787.933, 111
Trd, 258788.050, 116
Trd, 258788.133, 107
Trd, 258788.200, 103
Trd, 258788.233, 100
Trd, 258788.700, 108
Trd, 258788.767, 112
Trd, 258788.933, 127
Trd, 258789.000, 118
Trd, 258789.433, 127
Trd, 258789.967, 120
Trd, 258790.217, 114
Trd, 258790.350, 112
Trd, 258790.967, 103
Trd, 258791.050, 101
Trd, 258791.217, 102
Trd, 258791.750, 115
Trd, 258792.217, 115
Trd, 258792.333, 114
Trd, 258792.500, 105
Trd, 258792.567, 100
Trd, 258792.800, 119
Trd, 258793.083, 128
Trd, 258793.167, 105
Trd, 258793.483, 140
Trd, 258793.667, 132
Trd, 258793.867, 138
Trd, 258794.267, 131
Trd, 258794.483, 131
Trd, 258794.517, 129
Trd, 258794.583, 120
Trd, 258794.783, 140
Trd, 258795.283, 104
Trd, 258795.333, 99
Trd, 258796.200, 106
Trd, 258796.350, 123
Trd, 258796.650, 112
Trd, 258796.817, 105
Trd, 258796.983, 100
Trd, 258797.550, 112
Trd, 258797.867, 94
Trd, 258797.933, 101
Trd, 258797.967, 91
Trd, 258798.150, 88
Trd, 258798.300, 82
Trd, 258798.450, 101
Trd, 258798.533, 103
Trd, 258799.000, 109
Trd, 258799.067, 107
Trd, 258799.100, 131
Trd, 258799.850, 114
Trd, 258799.950, 109
Trd, 258800.517, 91
Trd, 258800.750, 102
Trd, 258800.967, 110
Trd, 258801.000, 87
Trd, 258801.117, 116
Trd, 258801.317, 107
Trd, 258801.800, 116
Trd, 258801.983, 121
Trd, 258802.400, 110
Trd, 258802.483, 113
Trd, 258802.600, 99
Trd, 258802.700, 120
Trd, 258802.800, 87
Trd, 258802.933, 124
Trd, 258803.117, 135
Trd, 258803.917, 105
Trd, 258804.300, 106
Trd, 258804.317, 134
Trd, 258804.633, 126
Trd, 258805.033, 107
Trd, 258805.083, 102
Trd, 258805.200, 96
Trd, 258805.517, 128
Trd, 258805.883, 91
Trd, 258806.217, 116
Trd, 258806.267, 115
Trd, 258806.350, 91
Trd, 258806.967, 123
Trd, 258806.983, 105
Trd, 258807.083, 93
Trd, 258807.150, 86
Trd, 258807.333, 102
Trd, 258807.550, 97
Trd, 258807.683, 103
Trd, 258807.800, 123
Trd, 258808.217, 125
Trd, 258808.350, 130
Trd, 258808.450, 126
Trd, 258808.633, 124
Trd, 258808.967, 139
Trd, 258809.017, 119
Trd, 258809.733, 117
Trd, 258809.750, 108
Trd, 258810.200, 107
Trd, 258810.767, 138
Trd, 258811.050, 94
Trd, 258811.350, 89
Trd, 258811.683, 122
Trd, 258811.767, 108
Trd, 258811.850, 110
Trd, 258812.083, 130
Trd, 258812.300, 118
Trd, 258812.717, 114
Trd, 258812.900, 123
Trd, 258813.150, 110
Trd, 258813.167, 100
Trd, 258813.700, 120
Trd, 258813.950, 116
Trd, 258814.100, 109
Trd, 258814.133, 135
Trd, 258814.200, 111
Trd, 258814.367, 77
Trd, 258815.150, 135
Trd, 258815.300, 134
Trd, 258815.650, 127
Trd, 258815.700, 113
Trd, 258815.900, 110
Trd, 258816.317, 109
Trd, 258816.517, 102
Trd, 258816.633, 105
Trd, 258816.733, 105
Trd, 258816.750, 128
Trd, 258816.817, 88
Trd, 258817.367, 91
Trd, 258817.650, 91
Trd, 258818.267, 89
Trd, 258818.300, 96
Trd, 258818.367, 87
Trd, 258818.833, 98
Trd, 258818.900, 68
Trd, 258819.317, 90
Trd, 258819.367, 99
Trd, 258819.433, 101
Trd, 258819.750, 107
Trd, 258820.067, 128
Trd, 258820.467, 123
Trd, 258820.983, 128
Trd, 258821.600, 128
Trd, 258821.917, 111
Trd, 258821.933, 110
Trd, 258821.950, 105
Trd, 258822.317, 87
Trd, 258822.767, 74
Trd, 258823.650, 140
Trd, 258823.750, 136
Trd, 258823.950, 129
Trd, 258824.317, 119
Trd, 258825.117, 138
Trd, 258825.433, 139
Trd, 258825.667, 137
Trd, 258826.183, 121
Trd, 258826.483, 118
Trd, 258826.717, 136
Trd, 258826.967, 129
Trd, 258826.983, 109
Trd, 258827.333, 114
Trd, 258827.483, 107
Trd, 258827.700, 113
Trd, 258828.033, 140
Trd, 258828.100, 139
Trd, 258828.150, 129
Trd, 258828.300, 120
Trd, 258828.500, 113
Trd, 258828.600, 92
Trd, 258828.650, 91
Trd, 258828.933, 99
Trd, 258829.150, 117
Trd, 258829.183, 78
Trd, 258829.483, 94
Trd, 258829.683, 128
Trd, 258830.233, 103
Trd, 258830.600, 113
Trd, 258830.750, 99
Trd, 258830.833, 100
Trd, 258831.117, 101
Trd, 258831.767, 99
Trd, 258832.167, 101
Trd, 258832.550, 121
Trd, 258832.983, 99
Trd, 258833.200, 135
Trd, 258833.767, 140
Trd, 258833.950, 133
Trd, 258834.100, 131
Trd, 258834.267, 115
Trd, 258834.433, 130
Trd, 258834.500, 109
Trd, 258834.733, 131
Trd, 258834.900, 137
Trd, 258834.933, 118
Trd, 258835.083, 109
Trd, 258835.100, 107
Trd, 258835.250, 110
Trd, 258835.567, 119
Trd, 258835.667, 133
Trd, 258835.700, 131
Trd, 258835.800, 102
Trd, 258835.933, 100
Trd, 258835.967, 98
Trd, 258836.017, 97
Trd, 258836.317, 124
Trd, 258836.567, 116
Trd, 258836.650, 112
Trd, 258836.933, 129
Trd, 258837.300, 121
Trd, 258837.333, 117
Trd, 258837.683, 137
Trd, 258838.267, 118
Trd, 258838.283, 112
Trd, 258838.433, 111
Trd, 258838.767, 118
Trd, 258838.867, 109
Trd, 258838.917, 106
Trd, 258839.017, 118
Trd, 258839.217, 95
Trd, 258839.400, 98
Trd, 258839.417, 92
Trd, 258839.783, 128
Trd, 258840.233, 125
Trd, 258840.633, 110
Trd, 258841.117, 119
Trd, 258841.667, 115
Trd, 258841.717, 108
Trd, 258841.900, 102
Trd, 258842.850, 132
Trd, 258843.133, 130
Trd, 258843.283, 128
Trd, 258843.467, 127
Trd, 258843.750, 134
Trd, 258843.933, 114
Trd, 258844.050, 122
Trd, 258844.183, 124
Trd, 258844.283, 122
Trd, 258844.367, 122
Trd, 258844.683, 113
Trd, 258845.117, 121
Trd, 258845.400, 119
Trd, 258845.633, 137
Trd, 258845.850, 140
Trd, 258846.050, 118
Trd, 258846.417, 121
Trd, 258846.683, 101
Trd, 258846.833, 115
Trd, 258846.867, 96
Trd, 258847.050, 90
Trd, 258847.167, 116
Trd, 258847.267, 133
Trd, 258847.317, 125
Trd, 258847.717, 132
Trd, 258847.833, 129
Trd, 258848.367, 129
Trd, 258848.517, 134
Trd, 258849.450, 137
Trd, 258849.667, 137
Trd, 258850.000, 129
Trd, 258850.317, 126
Trd, 258850.367, 116
Trd, 258850.717, 112
Trd, 258851.117, 108
Trd, 258851.250, 106
Trd, 258851.267, 119
Trd, 258851.550, 116
Trd, 258851.583, 109
Trd, 258852.017, 129
Trd, 258852.217, 118
Trd, 258852.483, 118
Trd, 258852.700, 130
Trd, 258853.333, 138
Trd, 258853.500, 120
Trd, 258853.983, 138
Trd, 258854.200, 124
Trd, 258854.367, 126
Trd, 258854.483, 117
Trd, 258854.617, 113
Trd, 258854.767, 109
Trd, 258854.817, 97
Trd, 258854.883, 95
Trd, 258854.917, 86
Trd, 258855.450, 98
Trd, 258855.583, 126
Trd, 258855.683, 108
Trd, 258855.783, 96
Trd, 258856.067, 110
Trd, 258856.150, 97
Trd, 258856.200, 104
Trd, 258856.400, 112
Trd, 258856.583, 96
Trd, 258856.600, 91
Trd, 258856.917, 127
Trd, 258857.233, 112
Trd, 258857.450, 119
Trd, 258858.433, 121
Trd, 258858.550, 119
Trd, 258859.000, 133
Trd, 258859.183, 135
Trd, 258859.367, 130
Trd, 258859.650, 131
Trd, 258859.883, 122
Trd, 258859.967, 121
Trd, 258860.117, 110
Trd, 258860.167, 109
Trd, 258860.317, 108
Trd, 258861.067, 140
Trd, 258861.583, 139
Trd, 258861.717, 130
Trd, 258861.917, 123
Trd, 258862.083, 127
Trd, 258862.200, 120
Trd, 258862.883, 117
Trd, 258863.017, 105
Trd, 258863.250, 140
Trd, 258863.900, 136
Trd, 258864.233, 124
Trd, 258864.667, 117
Trd, 258864.750, 105
Trd, 258865.100, 133
Trd, 258865.333, 133
Trd, 258865.417, 131
Trd, 258865.450, 128
Trd, 258865.617, 122
Trd, 258865.717, 120
Trd, 258865.867, 119
Trd, 258866.233, 119
Trd, 258866.350, 114
Trd, 258866.500, 109
Trd, 258866.717, 130
Trd, 258866.983, 125
Trd, 258867.050, 107
Trd, 258867.117, 106
Trd, 258867.417, 111
Trd, 258867.750, 105
Trd, 258868.617, 134
Trd, 258868.950, 133
Trd, 258869.300, 118
Trd, 258869.500, 118
Trd, 258869.800, 135
Trd, 258869.983, 116
Trd, 258870.800, 125
Trd, 258871.167, 134
Trd, 258871.567, 133
Trd, 258871.683, 114
Trd, 258871.950, 108
Trd, 258871.983, 138
Trd, 258872.117, 112
Trd, 258872.250, 107
Trd, 258872.483, 107
Trd, 258872.633, 105
Trd, 258872.933, 136
Trd, 258873.000, 135
Trd, 258873.150, 131
Trd, 258873.283, 102
Trd, 258873.550, 103
Trd, 258873.817, 107
Trd, 258873.967, 120
Trd, 258874.333, 123
Trd, 258874.350, 109
Trd, 258874.700, 113
Trd, 258875.317, 139
Trd, 258875.467, 140
Trd, 258875.617, 135
Trd, 258876.367, 132
Trd, 258876.783, 120
Trd, 258876.917, 118
Trd, 258877.233, 115
Trd, 258877.617, 114
Trd, 258877.650, 109
Trd, 258877.733, 101
Trd, 258877.833, 110
Trd, 258877.883, 112
Trd, 258877.967, 139
Trd, 258878.333, 133
Trd, 258878.400, 133
Trd, 258878.667, 94
Trd, 258878.883, 87
Trd, 258878.950, 85
Trd, 258879.117, 122
Trd, 258879.517, 129
Trd, 258879.800, 80
Trd, 258879.983, 137
Trd, 258880.283, 84
Trd, 258880.333, 98
Trd, 258880.367, 107
Trd, 258880.483, 139
Trd, 258880.733, 83
Trd, 258881.250, 89
Trd, 258881.367, 104
Trd, 258881.417, 118
Trd, 258881.583, 95
Trd, 258881.800, 116
Trd, 258882.000, 85
Trd, 258882.350, 129
Trd, 258882.400, 85
Trd, 258882.767, 108
Trd, 258882.967, 95
Trd, 258882.983, 89
Trd, 258883.000, 113
Trd, 258883.250, 106
Trd, 258883.800, 119
Trd, 258883.950, 136
Trd, 258884.067, 125
Trd, 258884.283, 111
Trd, 258884.600, 134
Trd, 258884.767, 137
Trd, 258884.800, 127
Trd, 258885.367, 128
Trd, 258885.750, 125
Trd, 258885.833, 116
Trd, 258885.850, 107
Trd, 258886.050, 105
Trd, 258886.133, 129
Trd, 258886.283, 91
Trd, 258887.433, 116
Trd, 258887.500, 120
Trd, 258887.733, 113
Trd, 258887.800, 90
Trd, 258888.100, 123
Trd, 258888.367, 106
Trd, 258888.383, 95
Trd, 258888.550, 90
Trd, 258888.783, 101
Trd, 258888.933, 139
Trd, 258889.217, 114
Trd, 258889.400, 134
Trd, 258889.483, 112
Trd, 258889.867, 118
Trd, 258890.133, 108
Trd, 258890.200, 114
Trd, 258890.633, 130
Trd, 258890.817, 113
Trd, 258891.300, 115
Trd, 258891.317, 103
Trd, 258891.567, 139
Trd, 258891.583, 131
Trd, 258892.433, 135
Trd, 258892.600, 134
Trd, 258893.033, 138
Trd, 258893.067, 133
Trd, 258893.083, 119
Trd, 258893.450, 116
Trd, 258893.517, 112
Trd, 258893.583, 119
Trd, 258893.667, 120
Trd, 258893.717, 105
Trd, 258894.033, 117
Trd, 258894.267, 139
Trd, 258894.533, 112
Trd, 258894.683, 111
Trd, 258894.767, 135
Trd, 258894.900, 117
Trd, 258895.217, 89
Trd, 258895.783, 103
Trd, 258896.400, 94
Trd, 258896.567, 95
Trd, 258896.617, 99
Trd, 258897.200, 109
Trd, 258897.383, 95
Trd, 258897.517, 111
Trd, 258897.583, 89
Trd, 258897.633, 81
Trd, 258898.100, 97
Trd, 258898.117, 116
Trd, 258898.750, 84
Trd, 258898.967, 114
Trd, 258899.350, 103
Trd, 258899.417, 133
Trd, 258900.283, 137
Trd, 258900.450, 136
Trd, 258901.050, 131
Trd, 258901.333, 131
Trd, 258901.900, 123
Trd, 258902.050, 120
Trd, 258902.133, 112
Trd, 258902.167, 111
Trd, 258902.750, 138
Trd, 258903.117, 139
Trd, 258903.183, 132
Trd, 258903.567, 132
Trd, 258903.883, 130
Trd, 258903.967, 124
Trd, 258903.983, 119
Trd, 258904.000, 118
Trd, 258904.117, 118
Trd, 258904.267, 115
Trd, 258904.467, 123
Trd, 258905.017, 110
Trd, 258905.083, 97
Trd, 258905.150, 93
Trd, 258905.467, 83
Trd, 258905.717, 101
Trd, 258906.017, 117
Trd, 258906.200, 111
Trd, 258906.433, 94
Trd, 258906.533, 108
Trd, 258907.117, 97
Trd, 258907.133, 116
Trd, 258908.233, 115
Trd, 258908.367, 112
Trd, 258908.867, 138
Trd, 258909.217, 106
Trd, 258909.300, 104
Trd, 258909.617, 108
Trd, 258910.083, 104
Trd, 258910.367, 140
Trd, 258910.633, 126
Trd, 258910.800, 131
Trd, 258911.267, 117
Trd, 258911.650, 112
Trd, 258912.133, 109
Trd, 258912.183, 96
Trd, 258912.417, 102
Trd, 258912.600, 127
Trd, 258912.850, 139
Trd, 258913.733, 135
Trd, 258913.783, 118
Trd, 258914.250, 124
Trd, 258914.550, 115
Trd, 258915.133, 98
Trd, 258915.717, 117
Trd, 258915.850, 110
Trd, 258916.217, 104
Trd, 258916.333, 100
Trd, 258916.467, 117
Trd, 258916.700, 98
Trd, 258916.950, 108
Trd, 258917.267, 109
Trd, 258917.533, 130
Trd, 258917.683, 126
Trd, 258917.850, 134
Trd, 258918.383, 140
Trd, 258918.667, 140
Trd, 258918.933, 139
Trd, 258919.750, 138
Trd, 258919.983, 132
Trd, 258920.533, 129
Trd, 258920.617, 113
Trd, 258920.867, 111
Trd, 258920.883, 111
Trd, 258921.400, 117
Trd, 258921.550, 107
Trd, 258921.733, 120
Trd, 258921.983, 126
Trd, 258922.083, 100
Trd, 258922.483, 117
Trd, 258922.583, 133
Trd, 258922.983, 140
Trd, 258923.100, 134
Trd, 258923.217, 128
Trd, 258923.617, 108
Trd, 258923.667, 129
Trd, 258923.717, 99
Trd, 258923.733, 99
Trd, 258923.850, 97
Trd, 258923.867, 95
Trd, 258924.367, 127
Trd, 258924.433, 131
Trd, 258924.483, 121
Trd, 258924.917, 109
Trd, 258925.117, 112
Trd, 258925.300, 121
Trd, 258925.400, 126
Trd, 258925.583, 107
Trd, 258925.600, 102
Trd, 258925.817, 101
Trd, 258926.017, 97
Trd, 258926.117, 95
Trd, 258926.133, 130
Trd, 258926.183, 92
Trd, 258926.567, 110
Trd, 258926.667, 90
Trd, 258927.067, 89
Trd, 258927.217, 72
Trd, 258927.333, 113
Trd, 258928.333, 132
Trd, 258928.683, 127
Trd, 258928.900, 120
Trd, 258928.983, 109
Trd, 258929.233, 108
Trd, 258929.650, 139
Trd, 258929.817, 132
Trd, 258929.917, 137
Trd, 258929.983, 126
Trd, 258930.183, 113
Trd, 258930.517, 136
Trd, 258930.833, 116
Trd, 258931.300, 112
Trd, 258931.517, 127
Trd, 258931.583, 108
Trd, 258932.017, 105
Trd, 258932.183, 93
Trd, 258932.317, 92
Trd, 258932.550, 102
Trd, 258932.583, 135
Trd, 258932.717, 97
Trd, 258932.867, 109
Trd, 258933.367, 109
Trd, 258933.817, 128
Trd, 258934.317, 100
Trd, 258934.583, 95
Trd, 258934.867, 104
Trd, 258934.900, 106
Trd, 258935.050, 98
Trd, 258935.550, 104
Trd, 258935.983, 140
Trd, 258936.533, 126
Trd, 258936.567, 126
Trd, 258937.000, 125
Trd, 258937.083, 119
Trd, 258937.167, 116
Trd, 258937.267, 107
Trd, 258937.367, 103
Trd, 258937.633, 126
Trd, 258938.833, 133
Trd, 258939.100, 129
Trd, 258939.350, 129
Trd, 258939.383, 108
Trd, 258939.500, 133
Trd, 258939.683, 138
Trd, 258939.833, 118
Trd, 258940.150, 122
Trd, 258940.367, 123
Trd, 258940.550, 117
Trd, 258940.717, 138
Trd, 258940.833, 118
Trd, 258941.150, 129
Trd, 258941.233, 124
Trd, 258941.833, 135
Trd, 258942.917, 129
Trd, 258943.167, 129
Trd, 258943.200, 124
Trd, 258943.900, 124
Trd, 258944.183, 107
Trd, 258944.217, 130
Trd, 258944.550, 127
Trd, 258944.883, 122
Trd, 258945.000, 109
Trd, 258945.017, 110
Trd, 258945.433, 105
Trd, 258945.517, 119
Trd, 258945.850, 125
Trd, 258946.133, 119
Trd, 258946.650, 133
Trd, 258946.783, 124
Trd, 258946.850, 137
Trd, 258946.867, 137
Trd, 258947.117, 120
Trd, 258947.150, 114
Trd, 258947.500, 110
Trd, 258947.550, 108
Trd, 258947.633, 119
Trd, 258947.700, 108
Trd, 258947.717, 95
Trd, 258947.817, 115
Trd, 258948.083, 93
Trd, 258948.517, 129
Trd, 258948.750, 103
Trd, 258949.150, 136
Trd, 258949.167, 113
Trd, 258949.517, 140
Trd, 258950.183, 116
Trd, 258950.467, 123
Trd, 258950.650, 110
Trd, 258950.733, 105
Trd, 258950.917, 132
Trd, 258951.383, 139
Trd, 258951.567, 115
Trd, 258951.850, 140
Trd, 258952.350, 125
Trd, 258953.000, 120
Trd, 258953.100, 115
Trd, 258953.117, 112
Trd, 258953.333, 106
Trd, 258953.583, 114
Trd, 258953.933, 127
Trd, 258953.950, 103
Trd, 258954.317, 122
Trd, 258954.383, 117
Trd, 258954.417, 103
Trd, 258954.717, 97
Trd, 258954.967, 105
Trd, 258955.633, 118
Trd, 258956.217, 128
Trd, 258956.350, 122
Trd, 258956.483, 109
Trd, 258956.533, 101
Trd, 258956.617, 93
Trd, 258956.633, 108
Trd, 258956.750, 101
Trd, 258957.017, 116
Trd, 258957.233, 112
Trd, 258957.383, 129
Trd, 258957.817, 138
Trd, 258958.067, 128
Trd, 258958.383, 129
Trd, 258959.067, 133
Trd, 258959.367, 115
Trd, 258959.483, 110
Trd, 258959.817, 114
Trd, 258960.033, 126
Trd, 258960.400, 110
Trd, 258960.617, 132
Trd, 258960.867, 109
Trd, 258961.067, 105
Trd, 258961.150, 106
Trd, 258961.250, 106
Trd, 258962.183, 114
Trd, 258962.517, 135
Trd, 258962.733, 133
Trd, 258963.067, 110
Trd, 258963.150, 92
Trd, 258963.383, 140
Trd, 258963.467, 82
Trd, 258963.583, 111
Trd, 258963.633, 100
Trd, 258964.283, 123
Trd, 258964.450, 99
Trd, 258964.700, 80
Trd, 258965.250, 100
Trd, 258965.350, 88
Trd, 258965.367, 115
Trd, 258965.967, 84
Trd, 258966.500, 118
Trd, 258966.817, 130
Trd, 258966.950, 108
Trd, 258967.150, 106
Trd, 258967.450, 112
Trd, 258967.567, 98
Trd, 258967.717, 103
Trd, 258968.050, 97
Trd, 258968.117, 91
Trd, 258968.217, 86
Trd, 258968.583, 85
Trd, 258968.600, 137
Trd, 258968.867, 85
Trd, 258968.983, 128
Trd, 258969.167, 77
Trd, 258969.283, 68
Trd, 258969.333, 81
Trd, 258970.067, 84
Trd, 258970.150, 122
Trd, 258970.567, 124
Trd, 258971.833, 113
Trd, 258971.917, 111
Trd, 258972.200, 130
Trd, 258972.383, 119
Trd, 258972.550, 104
Trd, 258973.050, 110
Trd, 258973.217, 101
Trd, 258973.267, 96
Trd, 258973.333, 124
Trd, 258973.683, 102
Trd, 258973.700, 94
Trd, 258973.767, 93
Trd, 258973.950, 95
Trd, 258974.300, 125
Trd, 258974.350, 137
Trd, 258974.500, 124
Trd, 258974.567, 118
Trd, 258974.717, 97
Trd, 258974.817, 90
Trd, 258975.150, 107
Trd, 258975.350, 111
Trd, 258975.400, 138
Trd, 258975.650, 130
Trd, 258975.900, 95
Trd, 258976.150, 126
Trd, 258976.867, 135
Trd, 258977.017, 128
Trd, 258977.100, 101
Trd, 258977.667, 94
Trd, 258977.833, 88
Trd, 258978.067, 124
Trd, 258978.300, 118
Trd, 258978.383, 109
Trd, 258978.533, 109
Trd, 258979.200, 110
Trd, 258979.283, 109
Trd, 258979.300, 108
Trd, 258979.417, 98
Trd, 258979.533, 122
Trd, 258979.633, 117
Trd, 258979.783, 98
Trd, 258980.333, 140
Trd, 258980.600, 124
Trd, 258980.967, 114
Trd, 258981.133, 97
Trd, 258981.183, 88
Trd, 258981.450, 129
Trd, 258981.500, 94
Trd, 258981.633, 120
Trd, 258982.467, 125
Trd, 258982.567, 107
Trd, 258982.800, 140
Trd, 258982.850, 108
Trd, 258982.900, 138
Trd, 258983.117, 131
Trd, 258983.517, 128
Trd, 258983.567, 124
Trd, 258983.583, 109
Trd, 258984.100, 140
Trd, 258984.650, 129
Trd, 258984.783, 119
Trd, 258984.933, 139
Trd, 258984.983, 115
Trd, 258985.467, 140
Trd, 258985.567, 111
Trd, 258985.617, 107
Trd, 258985.833, 125
Trd, 258986.233, 125
Trd, 258986.250, 106
Trd, 258986.600, 115
Trd, 258986.833, 135
Trd, 258987.217, 137
Trd, 258987.900, 131
Trd, 258988.000, 124
Trd, 258988.600, 133
Trd, 258988.633, 119
Trd, 258988.667, 128
Trd, 258988.767, 118
Trd, 258988.917, 131
Trd, 258989.350, 130
Trd, 258989.750, 114
Trd, 258989.817, 110
Trd, 258990.033, 106
Trd, 258990.117, 100
Trd, 258990.283, 110
Trd, 258990.300, 118
Trd, 258990.333, 108
Trd, 258990.450, 91
Trd, 258990.867, 84
Trd, 258990.917, 100
Trd, 258991.083, 107
Trd, 258991.100, 85
Trd, 258991.667, 112
Trd, 258991.933, 97
Trd, 258992.700, 108
Trd, 258993.150, 123
Trd, 258993.217, 110
Trd, 258993.567, 124
Trd, 258993.933, 134
Trd, 258994.017, 117
Trd, 258994.217, 113
Trd, 258994.267, 111
Trd, 258994.483, 138
Trd, 258994.700, 126
Trd, 258994.983, 110
Trd, 258995.383, 99
Trd, 258995.500, 133
Trd, 258995.633, 103
Trd, 258996.100, 134
Trd, 258996.283, 140
Trd, 258996.433, 102
Trd, 258996.500, 140
Trd, 258996.633, 109
Trd, 258996.833, 122
Trd, 258997.083, 94
Trd, 258997.350, 89
Trd, 258997.833, 123
Trd, 258997.867, 99
Trd, 258998.067, 91
Trd, 258998.783, 109
Trd, 258998.900, 100
Trd, 258999.000, 101
Trd, 258999.117, 118
Trd, 258999.267, 105
Trd, 258999.467, 109
Trd, 258999.850, 104
Trd, 258999.867, 105
Trd, 259000.083, 74
Trd, 259000.833, 97
Trd, 259001.133, 117
Trd, 259001.233, 127
Trd, 259001.450, 108
Trd, 259001.950, 95
Trd, 259002.400, 128
Trd, 259002.517, 126
Trd, 259002.583, 113
Trd, 259002.783, 105
Trd, 259002.917, 100
Trd, 259003.100, 115
Trd, 259003.250, 106
Trd, 259003.267, 104
Trd, 259003.517, 101
Trd, 259004.000, 110
Trd, 259004.133, 122
Trd, 259004.300, 105
Trd, 259004.417, 95
Trd, 259004.483, 120
Trd, 259004.683, 139
Trd, 259004.750, 138
Trd, 259005.333, 140
Trd, 259005.700, 134
Trd, 259006.000, 114
Trd, 259006.033, 104
Trd, 259006.100, 101
Trd, 259007.033, 135
Trd, 259007.100, 115
Trd, 259007.167, 132
Trd, 259008.017, 127
Trd, 259008.133, 122
Trd, 259008.350, 140
Trd, 259008.667, 127
Trd, 259008.750, 123
Trd, 259008.883, 108
Trd, 259008.983, 98
Trd, 259009.317, 119
Trd, 259009.800, 114
Trd, 259010.200, 127
Trd, 259010.367, 109
Trd, 259010.400, 100
Trd, 259010.617, 113
Trd, 259010.767, 132
Trd, 259010.900, 138
Trd, 259011.050, 120
Trd, 259011.100, 124
Trd, 259011.483, 103
Trd, 259011.650, 125
Trd, 259011.733, 126
Trd, 259011.800, 106
Trd, 259012.650, 126
Trd, 259012.933, 107
Trd, 259013.533, 112
Trd, 259013.617, 115
Trd, 259013.783, 108
Trd, 259013.983, 93
Trd, 259014.017, 92
Trd, 259014.783, 104
Trd, 259014.800, 106
Trd, 259014.950, 140
Trd, 259015.567, 139
Trd, 259015.917, 109
Trd, 259016.183, 108
Trd, 259016.283, 124
Trd, 259016.333, 129
Trd, 259016.417, 124
Trd, 259016.717, 104
Trd, 259016.917, 102
Trd, 259016.950, 95
Trd, 259017.917, 121
Trd, 259017.983, 116
Trd, 259018.383, 133
Trd, 259018.950, 132
Trd, 259018.967, 116
Trd, 259019.100, 125
Trd, 259019.300, 103
Trd, 259019.367, 103
Trd, 259019.500, 106
Trd, 259019.517, 98
Trd, 259019.550, 92
Trd, 259019.600, 100
Trd, 259019.817, 116
Trd, 259019.967, 136
Trd, 259020.200, 117
Trd, 259020.333, 123
Trd, 259020.450, 137
Trd, 259020.733, 125
Trd, 259021.100, 140
Trd, 259021.233, 116
Trd, 259021.417, 132
Trd, 259021.983, 113
Trd, 259022.183, 108
Trd, 259022.517, 126
Trd, 259022.967, 117
Trd, 259023.350, 136
Trd, 259023.750, 132
Trd, 259023.800, 121
Trd, 259024.383, 116
Trd, 259024.450, 105
Trd, 259024.500, 102
Trd, 259024.700, 126
Trd, 259024.950, 121
Trd, 259024.983, 118
Trd, 259025.033, 105
Trd, 259025.400, 107
Trd, 259025.683, 119
Trd, 259025.867, 95
Trd, 259026.133, 96
Trd, 259026.650, 137
Trd, 259027.067, 109
Trd, 259027.367, 129
Trd, 259027.533, 135
Trd, 259027.633, 128
Trd, 259027.650, 122
Trd, 259028.167, 112
Trd, 259028.267, 130
Trd, 259028.417, 133
Trd, 259028.700, 127
Trd, 259028.850, 110
Trd, 259029.200, 112
Trd, 259029.667, 122
Trd, 259030.150, 110
Trd, 259030.233, 114
Trd, 259030.700, 126
Trd, 259031.267, 124
Trd, 259031.333, 123
Trd, 259031.500, 106
Trd, 259032.283, 103
Trd, 259032.583, 108
Trd, 259032.750, 93
Trd, 259032.767, 117
Trd, 259032.933, 118
Trd, 259033.000, 115
Trd, 259033.067, 138
Trd, 259033.083, 101
Trd, 259033.267, 125
Trd, 259033.517, 130
Trd, 259033.550, 127
Trd, 259033.600, 127
Trd, 259033.917, 108
Trd, 259034.300, 93
Trd, 259035.017, 119
Trd, 259035.233, 132
Trd, 259035.267, 119
Trd, 259035.383, 94
Trd, 259035.500, 97
Trd, 259035.600, 90
Trd, 259035.633, 78
Trd, 259035.800, 87
Trd, 259036.100, 93
Trd, 259036.233, 116
Trd, 259036.550, 132
Trd, 259036.750, 130
Trd, 259036.783, 114
Trd, 259037.000, 140
Trd, 259037.033, 133
Trd, 259037.183, 139
Trd, 259037.400, 130
Trd, 259038.133, 138
Trd, 259038.450, 127
Trd, 259039.033, 140
Trd, 259039.400, 136
Trd, 259039.417, 131
Trd, 259040.017, 115
Trd, 259040.083, 114
Trd, 259040.333, 113
Trd, 259040.867, 112
Trd, 259040.883, 105
Trd, 259040.917, 107
Trd, 259041.117, 110
Trd, 259041.300, 135
Trd, 259041.367, 131
Trd, 259041.450, 120
Trd, 259041.767, 104
Trd, 259042.567, 121
Trd, 259042.733, 110
Trd, 259042.967, 111
Trd, 259043.217, 109
Trd, 259043.483, 111
Trd, 259043.567, 104
Trd, 259043.983, 103
Trd, 259044.317, 98
Trd, 259044.700, 121
Trd, 259044.783, 116
Trd, 259044.833, 106
Trd, 259045.000, 105
Trd, 259045.067, 122
Trd, 259045.250, 101
Trd, 259045.433, 139
Trd, 259045.667, 129
Trd, 259046.183, 105
Trd, 259046.517, 116
Trd, 259047.150, 119
Trd, 259047.750, 121
Trd, 259047.933, 119
Trd, 259048.133, 129
Trd, 259048.183, 116
Trd, 259048.267, 131
Trd, 259048.283, 112
Trd, 259048.667, 107
Trd, 259048.800, 103
Trd, 259048.817, 97
Trd, 259049.117, 105
Trd, 259049.150, 118
Trd, 259049.267, 128
Trd, 259049.433, 96
Trd, 259049.733, 126
Trd, 259049.783, 117
Trd, 259050.000, 120
Trd, 259050.183, 121
Trd, 259050.917, 128
Trd, 259051.467, 107
Trd, 259051.900, 113
Trd, 259052.350, 136
Trd, 259052.650, 122
Trd, 259052.800, 90
Trd, 259052.867, 87
Trd, 259053.000, 132
Trd, 259053.483, 119
Trd, 259054.050, 132
Trd, 259054.117, 128
Trd, 259054.133, 118
Trd, 259054.500, 124
Trd, 259055.333, 114
Trd, 259055.467, 119
Trd, 259055.550, 97
Trd, 259055.567, 95
Trd, 259055.667, 110
Trd, 259056.383, 140
Trd, 259056.400, 136
Trd, 259056.533, 130
Trd, 259056.650, 113
Trd, 259056.767, 134
Trd, 259056.833, 107
Trd, 259056.900, 107
Trd, 259057.433, 102
Trd, 259057.750, 140
Trd, 259057.817, 100
Trd, 259057.900, 96
Trd, 259058.450, 116
Trd, 259058.800, 117
Trd, 259059.300, 127
Trd, 259059.667, 131
Trd, 259059.750, 123
Trd, 259059.867, 124
Trd, 259060.150, 124
Trd, 259060.333, 117
Trd, 259060.633, 136
Trd, 259060.967, 118
Trd, 259061.217, 129
Trd, 259061.233, 114
Trd, 259061.850, 114
Trd, 259061.900, 126
Trd, 259062.117, 106
Trd, 259062.933, 106
Trd, 259063.033, 104
Trd, 259063.433, 134
Trd, 259063.700, 133
Trd, 259063.883, 109
Trd, 259064.600, 119
Trd, 259064.700, 126
Trd, 259064.733, 128
Trd, 259064.750, 125
Trd, 259064.983, 101
Trd, 259065.083, 131
Trd, 259065.150, 135
Trd, 259065.250, 97
Trd, 259065.333, 93
Trd, 259065.383, 89
Trd, 259065.500, 108
Trd, 259065.917, 120
Trd, 259066.233, 119
Trd, 259066.550, 129
Trd, 259066.617, 113
Trd, 259066.683, 84
Trd, 259066.883, 78
Trd, 259067.467, 102
Trd, 259067.483, 74
Trd, 259067.833, 110
Trd, 259067.883, 116
Trd, 259068.333, 78
Trd, 259068.583, 87
Trd, 259069.333, 97
Trd, 259069.433, 101
Trd, 259069.483, 117
Trd, 259069.767, 117
Trd, 259070.017, 120
Trd, 259070.083, 123
Trd, 259070.117, 133
Trd, 259070.550, 132
Trd, 259070.783, 128
Trd, 259071.150, 115
Trd, 259071.283, 133
Trd, 259071.467, 127
Trd, 259071.933, 116
Trd, 259071.967, 119
Trd, 259072.033, 128
Trd, 259072.167, 105
Trd, 259072.300, 100
Trd, 259073.067, 132
Trd, 259073.400, 97
Trd, 259073.800, 106
Trd, 259073.833, 99
Trd, 259074.450, 136
Trd, 259074.567, 135
Trd, 259075.133, 119
Trd, 259075.567, 121
Trd, 259075.617, 116
Trd, 259075.750, 126
Trd, 259075.783, 105
Trd, 259075.933, 115
Trd, 259075.967, 103
Trd, 259076.700, 121
Trd, 259077.100, 133
Trd, 259077.400, 133
Trd, 259077.867, 136
Trd, 259078.267, 129
Trd, 259078.667, 136
Trd, 259078.767, 132
Trd, 259078.933, 139
Trd, 259079.667, 138
Trd, 259079.983, 130
Trd, 259080.033, 127
Trd, 259080.050, 125
Trd, 259080.067, 120
Trd, 259080.700, 111
Trd, 259080.900, 108
Trd, 259081.050, 120
Trd, 259081.217, 103
Trd, 259081.250, 102
Trd, 259081.300, 120
Trd, 259081.617, 101
Trd, 259082.167, 114
Trd, 259082.567, 102
Trd, 259082.600, 107
Trd, 259082.717, 124
Trd, 259083.000, 109
Trd, 259083.017, 110
Trd, 259083.183, 126
Trd, 259083.633, 115
Trd, 259084.217, 110
Trd, 259084.267, 120
Trd, 259084.417, 121
Trd, 259084.500, 109
Trd, 259084.600, 128
Trd, 259084.700, 107
Trd, 259084.717, 134
Trd, 259084.750, 106
Trd, 259084.833, 103
Trd, 259085.550, 126
Trd, 259085.633, 106
Trd, 259085.683, 101
Trd, 259085.783, 99
Trd, 259086.150, 137
Trd, 259086.483, 109
Trd, 259086.800, 92
Trd, 259086.817, 93
Trd, 259086.833, 81
Trd, 259087.217, 75
Trd, 259087.633, 88
Trd, 259087.833, 64
Trd, 259088.100, 76
Trd, 259088.183, 110
Trd, 259088.417, 119
Trd, 259088.533, 104
Trd, 259089.667, 138
Trd, 259090.183, 132
Trd, 259090.467, 125
Trd, 259090.483, 121
Trd, 259090.567, 112
Trd, 259090.900, 112
Trd, 259091.317, 116
Trd, 259091.367, 111
Trd, 259091.517, 125
Trd, 259091.717, 114
Trd, 259092.050, 98
Trd, 259092.067, 102
Trd, 259092.300, 125
Trd, 259092.600, 134
Trd, 259092.633, 112
Trd, 259092.683, 140
Trd, 259092.917, 124
Trd, 259093.150, 120
Trd, 259093.217, 96
Trd, 259093.267, 93
Trd, 259094.133, 131
Trd, 259094.467, 118
Trd, 259094.483, 117
Trd, 259094.717, 111
Trd, 259094.983, 126
Trd, 259095.033, 110
Trd, 259095.117, 105
Trd, 259095.317, 114
Trd, 259095.567, 127
Trd, 259096.000, 140
Trd, 259096.017, 129
Trd, 259096.167, 122
Trd, 259096.350, 124
Trd, 259096.467, 127
Trd, 259097.300, 118
Trd, 259097.350, 107
Trd, 259097.667, 102
Trd, 259097.800, 126
Trd, 259097.850, 126
Trd, 259097.967, 130
Trd, 259099.067, 121
Trd, 259099.517, 139
Trd, 259099.583, 130
Trd, 259099.983, 122
Trd, 259100.033, 120
Trd, 259100.333, 137
Trd, 259100.600, 115
Trd, 259100.617, 97
Trd, 259101.517, 140
Trd, 259101.633, 137
Trd, 259101.833, 128
Trd, 259102.150, 139
Trd, 259102.283, 128
Trd, 259102.317, 127
Trd, 259102.567, 133
Trd, 259102.750, 117
Trd, 259102.883, 129
Trd, 259103.733, 111
Trd, 259103.850, 130
Trd, 259103.950, 112
Trd, 259104.317, 133
Trd, 259104.367, 122
Trd, 259104.800, 120
Trd, 259104.850, 136
Trd, 259105.017, 101
Trd, 259105.033, 98
Trd, 259105.483, 108
Trd, 259105.967, 127
Trd, 259105.983, 116
Trd, 259106.267, 127
Trd, 259106.583, 106
Trd, 259107.167, 130
Trd, 259107.333, 140
Trd, 259108.050, 131
Trd, 259108.117, 123
Trd, 259108.567, 113
Trd, 259109.450, 140
Trd, 259109.533, 140
Trd, 259109.950, 107
Trd, 259110.350, 119
Trd, 259110.500, 121
Trd, 259110.533, 98
Trd, 259110.817, 100
Trd, 259111.083, 140
Trd, 259111.133, 115
Trd, 259111.300, 122
Trd, 259111.417, 111
Trd, 259111.817, 119
Trd, 259112.050, 112
Trd, 259112.350, 95
Trd, 259112.533, 116
Trd, 259112.683, 109
Trd, 259112.850, 127
Trd, 259113.133, 124
Trd, 259113.250, 117
Trd, 259113.350, 112
Trd, 259114.500, 106
Trd, 259114.683, 105
Trd, 259114.767, 103
Trd, 259114.817, 101
Trd, 259115.350, 124
Trd, 259115.367, 113
Trd, 259115.383, 112
Trd, 259115.533, 103
Trd, 259116.000, 102
Trd, 259116.383, 101
Trd, 259116.500, 118
Trd, 259117.150, 113
Trd, 259117.333, 110
Trd, 259117.567, 114
Trd, 259117.767, 124
Trd, 259118.183, 129
Trd, 259119.500, 123
Trd, 259119.617, 113
Trd, 259119.817, 125
Trd, 259119.883, 114
Trd, 259119.900, 109
Trd, 259120.017, 119
Trd, 259120.083, 105
Trd, 259120.217, 104
Trd, 259120.317, 104
Trd, 259120.550, 113
Trd, 259120.600, 100
Trd, 259120.933, 96
Trd, 259121.083, 118
Trd, 259121.300, 135
Trd, 259121.900, 117
Trd, 259121.983, 133
Trd, 259122.117, 111
Trd, 259122.150, 89
Trd, 259122.683, 140
Trd, 259122.817, 103
Trd, 259123.750, 139
Trd, 259124.367, 121
Trd, 259125.367, 130
Trd, 259125.600, 128
Trd, 259125.833, 137
Trd, 259125.950, 138
Trd, 259126.200, 131
Trd, 259126.500, 127
Trd, 259126.717, 125
Trd, 259126.850, 116
Trd, 259127.067, 119
Trd, 259127.233, 126
Trd, 259127.433, 131
Trd, 259127.517, 132
Trd, 259127.583, 121
Trd, 259127.750, 112
Trd, 259127.900, 108
Trd, 259128.150, 130
Trd, 259128.217, 98
Trd, 259128.717, 138
Trd, 259128.917, 125
Trd, 259129.100, 129
Trd, 259129.133, 117
Trd, 259129.450, 120
Trd, 259129.633, 106
Trd, 259129.850, 99
Trd, 259129.883, 98
Trd, 259130.200, 115
Trd, 259130.633, 120
Trd, 259131.167, 113
Trd, 259131.550, 107
Trd, 259131.583, 101
Trd, 259131.650, 98
Trd, 259131.883, 95
Trd, 259132.017, 122
Trd, 259132.367, 136
Trd, 259132.667, 129
Trd, 259132.833, 133
Trd, 259132.867, 126
Trd, 259133.150, 131
Trd, 259133.383, 126
Trd, 259133.567, 117
Trd, 259133.600, 110
Trd, 259134.017, 109
Trd, 259134.500, 108
Trd, 259134.567, 98
Trd, 259134.767, 113
Trd, 259135.000, 127
Trd, 259135.400, 137
Trd, 259136.050, 122
Trd, 259136.217, 94
Trd, 259136.233, 93
Trd, 259136.317, 118
Trd, 259137.467, 137
Trd, 259137.783, 123
Trd, 259137.833, 109
Trd, 259138.133, 131
Trd, 259138.167, 115
Trd, 259138.800, 126
Trd, 259138.900, 107
Trd, 259139.250, 114
Trd, 259139.383, 119
Trd, 259139.600, 119
Trd, 259139.900, 118
Trd, 259140.117, 131
Trd, 259140.167, 127
Trd, 259140.533, 108
Trd, 259140.617, 97
Trd, 259140.733, 91
Trd, 259140.817, 94
Trd, 259141.217, 118
Trd, 259141.417, 104
Trd, 259141.583, 93
Trd, 259141.700, 91
Trd, 259141.983, 111
Trd, 259142.583, 111
Trd, 259143.050, 124
Trd, 259143.083, 119
Trd, 259143.700, 122
Trd, 259143.817, 102
Trd, 259143.983, 100
Trd, 259144.067, 95
Trd, 259144.183, 112
Trd, 259144.583, 125
Trd, 259144.867, 108
Trd, 259144.933, 126
Trd, 259145.450, 113
Trd, 259145.667, 114
Trd, 259145.817, 125
Trd, 259146.100, 125
Trd, 259146.567, 119
Trd, 259146.667, 104
Trd, 259146.850, 102
Trd, 259146.950, 121
Trd, 259147.000, 114
Trd, 259147.233, 137
Trd, 259147.367, 94
Trd, 259147.900, 131
Trd, 259147.917, 125
Trd, 259148.367, 111
Trd, 259148.900, 108
Trd, 259148.967, 113
Trd, 259149.117, 91
Trd, 259149.533, 86
Trd, 259149.567, 99
Trd, 259149.650, 84
Trd, 259149.833, 83
Trd, 259149.950, 81
Trd, 259150.000, 79
Trd, 259150.033, 114
Trd, 259150.817, 140
Trd, 259151.200, 129
Trd, 259151.217, 116
Trd, 259151.433, 131
Trd, 259151.683, 110
Trd, 259152.067, 130
Trd, 259152.300, 124
Trd, 259152.800, 121
Trd, 259153.667, 131
Trd, 259153.683, 127
Trd, 259153.717, 123
Trd, 259153.733, 111
Trd, 259154.000, 98
Trd, 259154.183, 125
Trd, 259154.417, 104
Trd, 259154.800, 112
Trd, 259155.000, 97
Trd, 259155.350, 140
Trd, 259155.767, 105
Trd, 259156.000, 127
Trd, 259156.233, 128
Trd, 259156.433, 139
Trd, 259156.467, 106
Trd, 259156.550, 110
Trd, 259156.583, 102
Trd, 259156.633, 104
Trd, 259156.683, 99
Trd, 259157.267, 112
Trd, 259157.300, 96
Trd, 259157.533, 138
Trd, 259157.600, 121
Trd, 259157.783, 80
Trd, 259158.133, 86
Trd, 259158.167, 91
Trd, 259158.467, 72
Trd, 259158.733, 114
Trd, 259160.050, 135
Trd, 259160.133, 129
Trd, 259160.167, 125
Trd, 259160.267, 125
Trd, 259160.617, 139
Trd, 259160.717, 134
Trd, 259160.983, 128
Trd, 259161.383, 125
Trd, 259161.800, 134
Trd, 259161.867, 131
Trd, 259162.117, 135
Trd, 259162.483, 138
Trd, 259162.733, 130
Trd, 259162.933, 134
Trd, 259162.950, 124
Trd, 259163.283, 122
Trd, 259163.567, 122
Trd, 259163.917, 132
Trd, 259163.983, 127
Trd, 259164.083, 125
Trd, 259164.150, 116
Trd, 259164.900, 119
Trd, 259165.250, 106
Trd, 259165.667, 97
Trd, 259166.000, 96
Trd, 259166.050, 93
Trd, 259166.267, 122
Trd, 259166.283, 139
Trd, 259166.350, 102
Trd, 259166.467, 93
Trd, 259166.567, 98
Trd, 259166.917, 96
Trd, 259167.033, 98
Trd, 259167.200, 132
Trd, 259167.783, 110
Trd, 259167.817, 92
Trd, 259168.350, 121
Trd, 259168.650, 109
Trd, 259169.233, 133
Trd, 259169.500, 140
Trd, 259169.517, 124
Trd, 259169.633, 112
Trd, 259169.717, 109
Trd, 259170.000, 128
Trd, 259170.017, 127
Trd, 259170.450, 131
Trd, 259170.733, 124
Trd, 259170.800, 112
Trd, 259170.833, 111
Trd, 259171.367, 130
Trd, 259171.783, 123
Trd, 259171.883, 123
Trd, 259171.917, 113
Trd, 259172.083, 116
Trd, 259172.150, 102
Trd, 259172.183, 133
Trd, 259172.283, 131
Trd, 259172.433, 114
Trd, 259172.767, 119
Trd, 259173.517, 118
Trd, 259174.250, 139
Trd, 259174.267, 130
Trd, 259174.417, 128
Trd, 259174.833, 119
Trd, 259175.117, 133
Trd, 259175.683, 139
Trd, 259176.050, 130
Trd, 259176.067, 116
Trd, 259176.450, 140
Trd, 259176.500, 125
Trd, 259176.550, 123
Trd, 259176.650, 128
Trd, 259176.917, 115
Trd, 259177.100, 120
Trd, 259177.283, 122
Trd, 259177.317, 118
Trd, 259177.533, 128
Trd, 259177.983, 105
Trd, 259178.483, 115
Trd, 259178.500, 134
Trd, 259178.817, 103
Trd, 259178.967, 101
Trd, 259179.433, 112
Trd, 259179.467, 103
Trd, 259179.817, 104
Trd, 259180.250, 124
Trd, 259180.433, 101
Trd, 259180.817, 138
Trd, 259181.133, 127
Trd, 259181.167, 122
Trd, 259181.350, 112
Trd, 259181.383, 123
Trd, 259182.200, 131
Trd, 259182.717, 132
Trd, 259182.767, 111
Trd, 259182.800, 136
Trd, 259182.983, 110
Trd, 259183.100, 98
Trd, 259183.700, 118
Trd, 259183.950, 104
Trd, 259184.233, 108
Trd, 259184.467, 105
Trd, 259184.800, 113
Trd, 259184.917, 118
Trd, 259185.450, 123
Trd, 259185.583, 133
Trd, 259185.733, 117
Trd, 259186.233, 134
Trd, 259186.533, 130
Trd, 259186.583, 116
Trd, 259186.950, 112
Trd, 259187.033, 110
Trd, 259187.250, 117
Trd, 259187.500, 129
Trd, 259187.700, 126
Trd, 259188.033, 130
Trd, 259188.483, 118
Trd, 259188.767, 115
Trd, 259188.917, 138
Trd, 259189.333, 137
Trd, 259189.367, 136
Trd, 259189.583, 123
Trd, 259189.633, 114
Trd, 259190.283, 129
Trd, 259190.333, 116
Trd, 259190.367, 115
Trd, 259190.750, 135
Trd, 259190.850, 127
Trd, 259191.200, 136
Trd, 259191.400, 132
Trd, 259191.683, 111
Trd, 259191.783, 109
Trd, 259191.950, 105
Trd, 259192.000, 112
Trd, 259192.033, 108
Trd, 259192.200, 97
Trd, 259192.717, 102
Trd, 259192.967, 115
Trd, 259193.033, 97
Trd, 259193.100, 116
Trd, 259193.817, 73
Trd, 259194.017, 116
Trd, 259194.233, 86
Trd, 259194.283, 85
Trd, 259194.750, 140
Trd, 259194.833, 134
Trd, 259195.000, 132
Trd, 259195.500, 117
Trd, 259195.533, 107
Trd, 259195.667, 117
Trd, 259195.850, 120
Trd, 259196.017, 138
Trd, 259196.150, 110
Trd, 259196.200, 115
Trd, 259196.533, 123
Trd, 259196.817, 135
Trd, 259197.167, 99
Trd, 259197.233, 121
Trd, 259197.267, 107
Trd, 259197.283, 98
Trd, 259197.617, 91
Trd, 259197.750, 140
Trd, 259197.950, 131
Trd, 259198.233, 132
Trd, 259198.650, 136
Trd, 259199.133, 132
Trd, 259199.150, 119
Trd, 259199.167, 113
Trd, 259199.333, 133
Trd, 259199.433, 107
Trd, 259199.500, 84
