Trd, 258570.883, 139
Trd, 258571.067, 134
Trd, 258571.467, 136
Trd, 258571.600, 127
Trd, 258571.667, 124
Trd, 258571.967, 134
Trd, 258572.017, 133
Trd, 258572.200, 123
Trd, 258572.550, 132
Trd, 258572.567, 112
Trd, 258572.783, 112
Trd, 258572.917, 120
Trd, 258573.517, 140
Trd, 258573.600, 137
Trd, 258574.050, 136
Trd, 258574.150, 121
Trd, 258574.283, 133
Trd, 258574.583, 127
Trd, 258575.733, 135
Trd, 258575.800, 125
Trd, 258575.900, 125
Trd, 258576.050, 125
Trd, 258576.217, 113
Trd, 258576.317, 109
Trd, 258576.867, 123
Trd, 258577.067, 129
Trd, 258577.417, 108
Trd, 258578.033, 110
Trd, 258578.167, 101
Trd, 258578.183, 100
Trd, 258578.233, 97
Trd, 258579.000, 139
Trd, 258579.050, 138
Trd, 258579.717, 137
Trd, 258579.733, 135
Trd, 258580.400, 110
Trd, 258580.450, 108
Trd, 258580.883, 130
Trd, 258581.000, 129
Trd, 258581.317, 138
Trd, 258581.350, 134
Trd, 258581.450, 129
Trd, 258582.050, 140
Trd, 258582.583, 120
Trd, 258582.800, 128
Trd, 258583.000, 119
Trd, 258583.017, 118
Trd, 258583.417, 140
Trd, 258583.817, 116
Trd, 258583.867, 110
Trd, 258584.550, 140
Trd, 258584.683, 134
Trd, 258584.967, 137
Trd, 258585.200, 121
Trd, 258585.217, 126
Trd, 258585.317, 109
Trd, 258585.400, 107
Trd, 258585.583, 128
Trd, 258585.667, 105
Trd, 258585.867, 122
Trd, 258586.000, 129
Trd, 258586.167, 126
Trd, 258586.383, 125
Trd, 258586.583, 138
Trd, 258586.883, 131
Trd, 258587.217, 124
Trd, 258587.317, 126
Trd, 258587.633, 140
Trd, 258587.750, 136
Trd, 258587.800, 121
Trd, 258588.267, 127
Trd, 258588.533, 140
Trd, 258588.700, 97
Trd, 258589.683, 124
Trd, 258590.100, 133
Trd, 258590.700, 123
Trd, 258591.050, 136
Trd, 258591.367, 122
Trd, 258591.517, 117
Trd, 258591.617, 109
Trd, 258591.700, 101
Trd, 258591.767, 80
Trd, 258591.850, 70
Trd, 258592.067, 103
Trd, 258592.133, 75
Trd, 258592.233, 83
Trd, 258592.733, 128
Trd, 258593.200, 105
Trd, 258593.267, 78
Trd, 258593.333, 134
Trd, 258593.633, 101
Trd, 258593.767, 103
Trd, 258594.367, 123
Trd, 258594.483, 113
Trd, 258594.517, 109
Trd, 258594.600, 99
Trd, 258594.950, 86
Trd, 258595.900, 106
Trd, 258595.933, 106
Trd, 258596.100, 104
Trd, 258596.117, 129
Trd, 258596.233, 131
Trd, 258596.250, 93
Trd, 258596.800, 127
Trd, 258596.883, 94
Trd, 258596.917, 85
Trd, 258597.000, 118
Trd, 258597.133, 131
Trd, 258597.767, 139
Trd, 258598.033, 123
Trd, 258598.750, 128
Trd, 258599.033, 123
Trd, 258599.517, 124
Trd, 258599.650, 138
Trd, 258599.783, 120
Trd, 258600.567, 121
Trd, 258600.683, 136
Trd, 258600.833, 129
Trd, 258600.933, 135
Trd, 258601.067, 105
Trd, 258601.550, 122
Trd, 258601.567, 118
Trd, 258601.733, 116
Trd, 258602.217, 120
Trd, 258602.233, 115
Trd, 258603.617, 107
Trd, 258603.933, 138
Trd, 258604.017, 111
Trd, 258604.333, 131
Trd, 258604.417, 130
Trd, 258604.583, 134
Trd, 258604.883, 138
Trd, 258605.217, 136
Trd, 258605.633, 128
Trd, 258605.950, 124
Trd, 258606.100, 117
Trd, 258606.117, 116
Trd, 258606.250, 124
Trd, 258606.283, 115
Trd, 258606.950, 137
Trd, 258607.317, 124
Trd, 258607.683, 140
Trd, 258607.733, 140
Trd, 258607.833, 136
Trd, 258608.000, 122
Trd, 258608.433, 123
Trd, 258608.700, 118
Trd, 258609.100, 119
Trd, 258609.317, 121
Trd, 258609.333, 122
Trd, 258609.717, 115
Trd, 258609.783, 126
Trd, 258610.167, 136
Trd, 258610.283, 120
Trd, 258610.617, 113
Trd, 258610.817, 140
Trd, 258611.317, 113
Trd, 258611.533, 137
Trd, 258611.750, 121
Trd, 258611.800, 135
Trd, 258612.133, 121
Trd, 258612.300, 115
Trd, 258612.467, 128
Trd, 258612.500, 113
Trd, 258612.850, 127
Trd, 258612.933, 108
Trd, 258612.967, 109
Trd, 258613.383, 103
Trd, 258614.100, 118
Trd, 258614.217, 101
Trd, 258614.333, 96
Trd, 258614.683, 100
Trd, 258615.300, 98
Trd, 258615.533, 92
Trd, 258615.817, 67
Trd, 258615.900, 130
Trd, 258615.950, 88
Trd, 258616.050, 125
Trd, 258616.317, 140
Trd, 258616.333, 126
Trd, 258617.033, 116
Trd, 258617.150, 110
Trd, 258617.733, 113
Trd, 258618.233, 130
Trd, 258618.617, 113
Trd, 258618.917, 122
Trd, 258619.150, 101
Trd, 258619.283, 105
Trd, 258619.433, 124
Trd, 258619.500, 110
Trd, 258620.033, 108
Trd, 258620.117, 104
Trd, 258620.467, 73
Trd, 258620.500, 111
Trd, 258620.933, 97
Trd, 258621.300, 129
Trd, 258621.367, 111
Trd, 258621.500, 130
Trd, 258621.550, 114
Trd, 258621.667, 104
Trd, 258622.650, 140
Trd, 258622.717, 138
Trd, 258623.350, 128
Trd, 258623.467, 129
Trd, 258623.617, 127
Trd, 258623.650, 127
Trd, 258624.650, 140
Trd, 258624.783, 137
Trd, 258624.983, 127
Trd, 258625.000, 119
Trd, 258625.200, 132
Trd, 258625.450, 138
Trd, 258625.583, 135
Trd, 258625.700, 136
Trd, 258625.967, 117
Trd, 258626.233, 116
Trd, 258626.367, 128
Trd, 258626.567, 125
Trd, 258626.750, 128
Trd, 258627.067, 133
Trd, 258627.183, 123
Trd, 258627.200, 104
Trd, 258627.350, 122
Trd, 258628.250, 110
Trd, 258628.467, 105
Trd, 258628.583, 104
Trd, 258628.600, 125
Trd, 258628.617, 95
Trd, 258628.850, 96
Trd, 258629.267, 95
Trd, 258629.717, 114
Trd, 258630.333, 121
Trd, 258630.400, 111
Trd, 258630.500, 114
Trd, 258630.550, 98
Trd, 258630.800, 100
Trd, 258631.250, 131
Trd, 258631.783, 138
Trd, 258632.033, 125
Trd, 258632.133, 121
Trd, 258632.283, 139
Trd, 258632.567, 97
Trd, 258632.950, 85
Trd, 258633.533, 131
Trd, 258634.050, 139
Trd, 258634.200, 126
Trd, 258634.500, 137
Trd, 258634.550, 125
Trd, 258634.950, 138
Trd, 258635.400, 138
Trd, 258635.450, 136
Trd, 258635.800, 115
Trd, 258636.217, 124
Trd, 258636.317, 117
Trd, 258636.950, 121
Trd, 258637.033, 118
Trd, 258637.050, 129
Trd, 258637.100, 117
Trd, 258637.350, 130
Trd, 258637.867, 89
Trd, 258638.400, 117
Trd, 258638.417, 120
Trd, 258638.550, 118
Trd, 258638.733, 105
Trd, 258638.867, 105
Trd, 258638.900, 104
Trd, 258639.133, 121
Trd, 258639.167, 77
Trd, 258639.433, 132
Trd, 258639.617, 122
Trd, 258639.850, 139
Trd, 258639.933, 126
Trd, 258640.400, 126
Trd, 258640.600, 119
Trd, 258641.067, 106
Trd, 258641.450, 101
Trd, 258641.683, 126
Trd, 258641.817, 104
Trd, 258641.950, 98
Trd, 258642.467, 110
Trd, 258642.717, 118
Trd, 258642.883, 135
Trd, 258642.917, 117
Trd, 258642.933, 108
Trd, 258643.167, 134
Trd, 258643.683, 118
Trd, 258643.783, 101
Trd, 258643.983, 113
Trd, 258644.483, 124
Trd, 258644.700, 125
Trd, 258644.783, 140
Trd, 258645.417, 119
Trd, 258645.700, 137
Trd, 258645.883, 122
Trd, 258645.967, 117
Trd, 258646.250, 113
Trd, 258646.350, 133
Trd, 258646.900, 129
Trd, 258647.067, 125
Trd, 258647.517, 126
Trd, 258647.633, 130
Trd, 258647.800, 121
Trd, 258647.817, 118
Trd, 258647.883, 110
Trd, 258647.950, 135
Trd, 258648.067, 93
Trd, 258648.167, 90
Trd, 258648.700, 134
Trd, 258648.767, 133
Trd, 258649.067, 139
Trd, 258650.217, 138
Trd, 258650.367, 133
Trd, 258650.933, 140
Trd, 258650.967, 136
Trd, 258651.467, 129
Trd, 258651.783, 125
Trd, 258652.117, 138
Trd, 258652.200, 131
Trd, 258652.817, 136
Trd, 258653.133, 116
Trd, 258653.167, 116
Trd, 258653.233, 113
Trd, 258653.433, 119
Trd, 258653.500, 106
Trd, 258653.767, 104
Trd, 258653.817, 135
Trd, 258654.283, 112
Trd, 258654.417, 103
Trd, 258654.433, 114
Trd, 258654.467, 114
Trd, 258654.500, 139
Trd, 258654.800, 94
Trd, 258654.850, 117
Trd, 258655.133, 137
Trd, 258655.200, 77
Trd, 258655.250, 97
Trd, 258655.500, 80
Trd, 258656.367, 124
Trd, 258656.467, 110
Trd, 258656.817, 87
Trd, 258656.900, 92
Trd, 258656.967, 86
Trd, 258657.200, 94
Trd, 258657.217, 114
Trd, 258657.400, 97
Trd, 258657.683, 109
Trd, 258657.717, 117
Trd, 258657.983, 109
Trd, 258658.317, 140
Trd, 258658.900, 122
Trd, 258659.533, 131
Trd, 258659.883, 118
Trd, 258660.200, 134
Trd, 258660.933, 134
Trd, 258660.950, 132
Trd, 258661.333, 122
Trd, 258661.483, 128
Trd, 258661.950, 116
Trd, 258662.100, 133
Trd, 258662.217, 103
Trd, 258662.267, 121
Trd, 258662.683, 140
Trd, 258662.817, 140
Trd, 258662.867, 132
Trd, 258663.367, 137
Trd, 258663.517, 131
Trd, 258663.950, 130
Trd, 258664.133, 125
Trd, 258664.167, 125
Trd, 258664.233, 120
Trd, 258664.883, 115
Trd, 258666.117, 140
Trd, 258666.283, 132
Trd, 258666.450, 139
Trd, 258666.667, 130
Trd, 258666.717, 138
Trd, 258666.767, 129
Trd, 258666.817, 139
Trd, 258666.917, 122
Trd, 258667.233, 135
Trd, 258667.283, 136
Trd, 258667.633, 133
Trd, 258667.783, 135
Trd, 258667.867, 131
Trd, 258668.233, 117
Trd, 258668.417, 116
Trd, 258668.517, 113
Trd, 258668.700, 128
Trd, 258668.717, 110
Trd, 258668.767, 132
Trd, 258669.000, 114
Trd, 258669.283, 112
Trd, 258669.583, 139
Trd, 258669.800, 139
Trd, 258670.517, 137
Trd, 258671.033, 138
Trd, 258671.283, 134
Trd, 258671.367, 116
Trd, 258671.500, 107
Trd, 258671.833, 132
Trd, 258672.333, 111
Trd, 258672.750, 97
Trd, 258672.900, 112
Trd, 258673.033, 87
Trd, 258673.067, 84
Trd, 258673.567, 139
Trd, 258674.050, 139
Trd, 258674.450, 123
Trd, 258674.550, 122
Trd, 258674.850, 122
Trd, 258675.217, 115
Trd, 258675.867, 113
Trd, 258675.967, 111
Trd, 258676.017, 111
Trd, 258676.117, 129
Trd, 258676.183, 106
Trd, 258676.250, 99
Trd, 258676.367, 138
Trd, 258676.600, 137
Trd, 258676.933, 136
Trd, 258677.083, 130
Trd, 258677.250, 129
Trd, 258677.450, 121
Trd, 258677.617, 110
Trd, 258677.933, 92
Trd, 258678.583, 130
Trd, 258679.033, 128
Trd, 258679.683, 139
Trd, 258679.733, 123
Trd, 258679.783, 128
Trd, 258679.850, 118
Trd, 258680.167, 119
Trd, 258680.200, 140
Trd, 258680.533, 133
Trd, 258680.950, 135
Trd, 258680.983, 132
Trd, 258681.217, 131
Trd, 258681.633, 124
Trd, 258681.667, 129
Trd, 258681.717, 123
Trd, 258682.083, 132
Trd, 258682.100, 125
Trd, 258682.167, 112
Trd, 258682.250, 90
Trd, 258682.617, 114
Trd, 258682.967, 93
Trd, 258683.183, 117
Trd, 258683.383, 113
Trd, 258683.767, 123
Trd, 258684.050, 129
Trd, 258684.233, 137
Trd, 258684.383, 106
Trd, 258684.433, 102
Trd, 258684.467, 108
Trd, 258684.550, 96
Trd, 258684.983, 104
Trd, 258685.667, 137
Trd, 258685.933, 136
Trd, 258686.083, 134
Trd, 258686.267, 137
Trd, 258686.333, 133
Trd, 258687.183, 136
Trd, 258687.267, 132
Trd, 258687.717, 138
Trd, 258687.800, 129
Trd, 258688.083, 135
Trd, 258688.633, 138
Trd, 258689.217, 139
Trd, 258689.233, 138
Trd, 258689.317, 135
Trd, 258689.850, 126
Trd, 258690.100, 124
Trd, 258690.283, 122
Trd, 258690.433, 123
Trd, 258690.733, 113
Trd, 258690.833, 124
Trd, 258690.883, 129
Trd, 258690.917, 99
Trd, 258691.217, 122
Trd, 258691.383, 115
Trd, 258691.517, 127
Trd, 258691.550, 109
Trd, 258692.200, 139
Trd, 258692.417, 138
Trd, 258692.467, 117
Trd, 258692.817, 132
Trd, 258693.033, 139
Trd, 258693.200, 123
Trd, 258693.217, 115
Trd, 258693.500, 107
Trd, 258693.533, 109
Trd, 258693.617, 105
Trd, 258694.017, 139
Trd, 258694.083, 103
Trd, 258694.217, 94
Trd, 258695.167, 128
Trd, 258695.933, 135
Trd, 258695.967, 129
Trd, 258696.100, 139
Trd, 258696.300, 123
Trd, 258696.317, 121
Trd, 258696.667, 127
Trd, 258696.783, 135
Trd, 258697.283, 124
Trd, 258697.350, 120
Trd, 258697.600, 133
Trd, 258697.650, 131
Trd, 258698.017, 134
Trd, 258698.317, 138
Trd, 258698.333, 134
Trd, 258698.567, 114
Trd, 258698.983, 119
Trd, 258699.033, 109
Trd, 258699.417, 113
Trd, 258699.700, 135
Trd, 258699.983, 108
Trd, 258700.333, 120
Trd, 258700.667, 96
Trd, 258700.700, 97
Trd, 258701.033, 137
Trd, 258701.883, 96
Trd, 258702.250, 124
Trd, 258702.500, 121
Trd, 258702.683, 118
Trd, 258702.767, 131
Trd, 258702.850, 128
Trd, 258703.000, 117
Trd, 258703.183, 136
Trd, 258703.467, 106
Trd, 258703.700, 103
Trd, 258703.800, 94
Trd, 258704.067, 121
Trd, 258704.450, 114
Trd, 258704.700, 140
Trd, 258704.900, 140
Trd, 258706.250, 138
Trd, 258706.567, 140
Trd, 258706.800, 136
Trd, 258707.017, 135
Trd, 258707.117, 134
Trd, 258707.517, 126
Trd, 258707.600, 135
Trd, 258707.900, 130
Trd, 258708.417, 140
Trd, 258708.550, 129
Trd, 258708.600, 127
Trd, 258708.833, 127
Trd, 258708.917, 131
Trd, 258709.017, 135
Trd, 258709.267, 135
Trd, 258709.317, 124
Trd, 258709.367, 121
Trd, 258709.467, 112
Trd, 258710.017, 106
Trd, 258710.550, 94
Trd, 258710.650, 116
Trd, 258711.333, 138
Trd, 258711.933, 137
Trd, 258711.983, 123
Trd, 258712.550, 129
Trd, 258712.733, 139
Trd, 258713.183, 115
Trd, 258713.233, 106
Trd, 258713.367, 116
Trd, 258713.883, 140
Trd, 258714.000, 135
Trd, 258714.033, 134
Trd, 258714.483, 130
Trd, 258714.650, 125
Trd, 258714.983, 134
Trd, 258715.383, 131
Trd, 258715.483, 130
Trd, 258715.650, 125
Trd, 258715.867, 118
Trd, 258716.200, 135
Trd, 258716.433, 133
Trd, 258716.750, 136
Trd, 258716.833, 129
Trd, 258717.183, 138
Trd, 258717.400, 137
Trd, 258717.600, 132
Trd, 258717.767, 132
Trd, 258717.983, 135
Trd, 258718.600, 132
Trd, 258718.983, 115
Trd, 258719.083, 96
Trd, 258719.117, 92
Trd, 258719.183, 118
Trd, 258719.233, 95
Trd, 258719.600, 134
Trd, 258719.983, 138
Trd, 258720.117, 136
Trd, 258720.283, 135
Trd, 258720.700, 135
Trd, 258720.883, 130
Trd, 258720.933, 126
Trd, 258721.267, 124
Trd, 258721.400, 127
Trd, 258721.933, 126
Trd, 258722.150, 125
Trd, 258723.183, 129
Trd, 258723.250, 118
Trd, 258723.617, 109
Trd, 258723.767, 110
Trd, 258723.967, 119
Trd, 258724.333, 133
Trd, 258724.533, 99
Trd, 258724.600, 96
Trd, 258724.700, 105
Trd, 258724.850, 128
Trd, 258725.317, 123
Trd, 258725.983, 127
Trd, 258726.117, 140
Trd, 258726.717, 119
Trd, 258726.967, 111
Trd, 258727.283, 106
Trd, 258727.933, 140
Trd, 258728.100, 134
Trd, 258728.250, 126
Trd, 258728.367, 138
Trd, 258728.433, 118
Trd, 258728.800, 114
Trd, 258728.933, 102
Trd, 258729.417, 102
Trd, 258729.733, 137
Trd, 258729.900, 139
Trd, 258730.167, 126
Trd, 258730.517, 134
Trd, 258730.717, 132
Trd, 258731.033, 131
Trd, 258731.050, 128
Trd, 258731.233, 100
Trd, 258731.500, 106
Trd, 258731.517, 92
Trd, 258731.667, 121
Trd, 258731.750, 98
Trd, 258732.300, 139
Trd, 258732.417, 132
Trd, 258732.733, 133
Trd, 258732.783, 121
Trd, 258732.800, 118
Trd, 258732.983, 140
Trd, 258733.383, 140
Trd, 258733.417, 121
Trd, 258733.983, 133
Trd, 258734.400, 124
Trd, 258734.817, 122
Trd, 258735.133, 114
Trd, 258735.467, 112
Trd, 258736.200, 139
Trd, 258736.233, 132
Trd, 258736.400, 129
Trd, 258736.467, 128
Trd, 258737.033, 140
Trd, 258737.133, 130
Trd, 258737.367, 140
Trd, 258737.650, 129
Trd, 258737.700, 128
Trd, 258737.850, 132
Trd, 258738.117, 139
Trd, 258738.217, 137
Trd, 258738.350, 135
Trd, 258738.500, 123
Trd, 258738.517, 120
Trd, 258738.550, 126
Trd, 258738.667, 119
Trd, 258739.083, 133
Trd, 258739.117, 132
Trd, 258739.267, 139
Trd, 258739.417, 126
Trd, 258739.850, 123
Trd, 258740.017, 123
Trd, 258740.167, 136
Trd, 258740.283, 122
Trd, 258740.567, 139
Trd, 258740.883, 120
Trd, 258741.750, 131
Trd, 258742.133, 128
Trd, 258742.533, 113
Trd, 258742.600, 119
Trd, 258742.683, 105
Trd, 258742.800, 120
Trd, 258742.900, 116
Trd, 258742.967, 105
Trd, 258743.000, 104
Trd, 258743.017, 123
Trd, 258743.317, 128
Trd, 258743.733, 136
Trd, 258743.850, 133
Trd, 258743.933, 131
Trd, 258744.267, 116
Trd, 258744.367, 108
Trd, 258744.467, 103
Trd, 258745.200, 120
Trd, 258745.533, 115
Trd, 258745.617, 117
Trd, 258746.033, 140
Trd, 258746.983, 117
Trd, 258747.350, 104
Trd, 258748.300, 121
Trd, 258748.400, 111
Trd, 258748.467, 109
Trd, 258748.633, 115
Trd, 258748.783, 138
Trd, 258749.117, 130
Trd, 258749.267, 128
Trd, 258749.317, 140
Trd, 258749.500, 137
Trd, 258749.633, 118
Trd, 258749.767, 140
Trd, 258750.050, 125
Trd, 258750.167, 131
Trd, 258750.433, 128
Trd, 258750.517, 107
Trd, 258751.417, 140
Trd, 258751.650, 129
Trd, 258751.800, 121
Trd, 258752.200, 110
Trd, 258752.400, 122
Trd, 258752.717, 121
Trd, 258752.967, 120
Trd, 258753.117, 115
Trd, 258753.850, 130
Trd, 258754.100, 126
Trd, 258754.250, 135
Trd, 258754.550, 118
Trd, 258754.950, 132
Trd, 258754.967, 128
Trd, 258755.383, 139
Trd, 258755.517, 139
Trd, 258755.933, 135
Trd, 258756.333, 138
Trd, 258756.417, 140
Trd, 258756.517, 134
Trd, 258756.683, 127
Trd, 258756.783, 123
Trd, 258757.050, 121
Trd, 258757.133, 114
Trd, 258757.867, 120
Trd, 258758.200, 115
Trd, 258758.567, 130
Trd, 258758.750, 121
Trd, 258758.833, 123
Trd, 258758.967, 129
Trd, 258759.050, 112
Trd, 258759.217, 114
Trd, 258759.600, 131
Trd, 258759.717, 138
Trd, 258759.917, 131
Trd, 258760.400, 115
Trd, 258760.517, 122
Trd, 258760.733, 114
Trd, 258760.800, 92
Trd, 258760.867, 120
Trd, 258760.883, 86
Trd, 258761.100, 84
Trd, 258761.733, 139
Trd, 258762.267, 138
Trd, 258762.517, 135
Trd, 258762.583, 122
Trd, 258762.883, 120
Trd, 258763.150, 117
Trd, 258763.400, 114
Trd, 258763.567, 119
Trd, 258763.733, 105
Trd, 258764.050, 121
Trd, 258764.167, 115
Trd, 258764.633, 138
Trd, 258765.100, 128
Trd, 258765.400, 121
Trd, 258765.417, 109
Trd, 258765.833, 106
Trd, 258766.433, 134
Trd, 258766.650, 115
Trd, 258766.783, 101
Trd, 258766.833, 100
Trd, 258766.850, 96
Trd, 258767.367, 140
Trd, 258767.533, 122
Trd, 258767.650, 122
Trd, 258767.900, 111
Trd, 258768.350, 135
Trd, 258768.483, 124
Trd, 258768.500, 103
Trd, 258768.533, 102
Trd, 258768.833, 116
Trd, 258768.850, 105
Trd, 258768.983, 135
Trd, 258769.100, 102
Trd, 258769.367, 84
Trd, 258769.417, 106
Trd, 258769.550, 96
Trd, 258769.767, 84
Trd, 258770.000, 125
Trd, 258770.533, 74
Trd, 258770.583, 95
Trd, 258770.933, 70
Trd, 258771.283, 121
Trd, 258771.450, 94
Trd, 258771.900, 139
Trd, 258772.233, 130
Trd, 258772.550, 138
Trd, 258772.683, 140
Trd, 258773.200, 135
Trd, 258773.250, 130
Trd, 258773.550, 136
Trd, 258773.583, 116
Trd, 258773.883, 133
Trd, 258774.267, 129
Trd, 258774.350, 132
Trd, 258774.817, 133
Trd, 258775.117, 119
Trd, 258775.267, 117
Trd, 258775.500, 120
Trd, 258775.583, 114
Trd, 258775.633, 135
Trd, 258775.867, 115
Trd, 258776.267, 135
Trd, 258778.050, 140
Trd, 258778.183, 137
Trd, 258778.267, 131
Trd, 258778.583, 127
Trd, 258778.683, 123
Trd, 258778.717, 115
Trd, 258779.167, 130
Trd, 258779.250, 136
Trd, 258779.350, 140
Trd, 258779.850, 133
Trd, 258780.050, 139
Trd, 258780.283, 126
Trd, 258780.500, 140
Trd, 258780.683, 126
Trd, 258780.733, 125
Trd, 258780.950, 131
Trd, 258781.717, 129
Trd, 258781.750, 127
Trd, 258782.017, 130
Trd, 258782.167, 121
Trd, 258782.233, 122
Trd, 258782.367, 130
Trd, 258782.517, 116
Trd, 258783.050, 111
Trd, 258783.083, 110
Trd, 258783.300, 105
Trd, 258783.617, 133
Trd, 258783.833, 106
Trd, 258783.917, 133
Trd, 258784.150, 115
Trd, 258784.667, 134
Trd, 258785.017, 119
Trd, 258785.150, 135
Trd, 258785.333, 94
Trd, 258785.367, 124
Trd, 258785.433, 107
Trd, 258785.500, 93
Trd, 258785.550, 137
Trd, 258786.033, 140
Trd, 258786.517, 138
Trd, 258786.983, 125
Trd, 258787.133, 124
Trd, 258787.850, 140
Trd, 258788.033, 140
Trd, 258788.383, 136
Trd, 258789.217, 137
Trd, 258789.567, 135
Trd, 258789.867, 120
Trd, 258790.067, 120
Trd, 258790.267, 118
Trd, 258790.367, 122
Trd, 258790.583, 135
Trd, 258791.017, 140
Trd, 258791.367, 132
Trd, 258791.433, 107
Trd, 258791.683, 106
Trd, 258791.900, 124
Trd, 258792.000, 126
Trd, 258792.317, 139
Trd, 258792.400, 128
Trd, 258792.533, 122
Trd, 258793.050, 137
Trd, 258793.917, 139
Trd, 258794.150, 137
Trd, 258794.217, 135
Trd, 258794.333, 137
Trd, 258794.833, 138
Trd, 258794.983, 133
Trd, 258795.183, 122
Trd, 258795.317, 120
Trd, 258796.183, 133
Trd, 258796.433, 136
Trd, 258796.633, 122
Trd, 258796.833, 114
Trd, 258796.850, 107
Trd, 258796.900, 134
Trd, 258797.050, 113
Trd, 258798.183, 130
Trd, 258798.483, 129
Trd, 258798.550, 139
Trd, 258798.600, 138
Trd, 258798.783, 132
Trd, 258798.950, 139
Trd, 258799.367, 127
Trd, 258799.400, 123
Trd, 258799.433, 122
Trd, 258799.650, 130
Trd, 258799.800, 113
Trd, 258800.400, 121
Trd, 258800.700, 134
Trd, 258800.967, 121
Trd, 258801.050, 118
Trd, 258801.383, 123
Trd, 258801.500, 113
Trd, 258801.967, 137
Trd, 258802.317, 139
Trd, 258802.450, 139
Trd, 258802.583, 138
Trd, 258802.900, 132
Trd, 258803.383, 135
Trd, 258803.550, 127
Trd, 258804.450, 132
Trd, 258804.467, 114
Trd, 258804.850, 107
Trd, 258805.350, 133
Trd, 258805.517, 139
Trd, 258805.617, 117
Trd, 258805.967, 102
Trd, 258806.083, 130
Trd, 258806.117, 106
Trd, 258806.433, 133
Trd, 258806.633, 138
Trd, 258807.117, 132
Trd, 258807.683, 138
Trd, 258808.000, 125
Trd, 258808.033, 112
Trd, 258808.483, 105
Trd, 258808.500, 100
Trd, 258808.717, 127
Trd, 258808.883, 128
Trd, 258808.900, 122
Trd, 258808.917, 108
Trd, 258808.967, 94
Trd, 258809.167, 94
Trd, 258809.317, 118
Trd, 258809.583, 136
Trd, 258809.850, 113
Trd, 258810.083, 140
Trd, 258810.817, 135
Trd, 258810.900, 128
Trd, 258811.217, 125
Trd, 258811.233, 125
Trd, 258811.567, 135
Trd, 258811.933, 116
Trd, 258812.350, 133
Trd, 258812.383, 134
Trd, 258812.567, 127
Trd, 258812.817, 124
Trd, 258813.100, 138
Trd, 258813.233, 132
Trd, 258813.250, 131
Trd, 258813.317, 124
Trd, 258813.483, 115
Trd, 258814.067, 119
Trd, 258814.350, 129
Trd, 258814.833, 135
Trd, 258815.750, 110
Trd, 258815.983, 98
Trd, 258816.200, 131
Trd, 258816.217, 118
Trd, 258816.383, 123
Trd, 258816.517, 133
Trd, 258816.583, 109
Trd, 258816.650, 105
Trd, 258816.883, 96
Trd, 258816.967, 91
Trd, 258817.250, 83
Trd, 258817.350, 99
Trd, 258817.667, 103
Trd, 258817.700, 94
Trd, 258817.733, 74
Trd, 258817.867, 106
Trd, 258818.117, 140
Trd, 258818.650, 136
Trd, 258819.800, 133
Trd, 258819.850, 115
Trd, 258820.433, 119
Trd, 258820.500, 101
Trd, 258820.533, 89
Trd, 258820.567, 126
Trd, 258820.750, 88
Trd, 258820.783, 85
Trd, 258821.083, 125
Trd, 258821.350, 99
Trd, 258821.550, 82
Trd, 258821.733, 88
Trd, 258821.883, 125
Trd, 258822.017, 89
Trd, 258822.050, 91
Trd, 258822.650, 113
Trd, 258822.817, 95
Trd, 258822.850, 129
Trd, 258823.233, 140
Trd, 258823.667, 130
Trd, 258823.933, 140
Trd, 258824.033, 126
Trd, 258824.650, 137
Trd, 258824.833, 139
Trd, 258824.850, 127
Trd, 258825.017, 104
Trd, 258825.150, 130
Trd, 258825.700, 134
Trd, 258826.017, 117
Trd, 258826.233, 118
Trd, 258826.350, 110
Trd, 258826.733, 140
Trd, 258827.067, 140
Trd, 258827.417, 135
Trd, 258827.450, 112
Trd, 258827.583, 109
Trd, 258827.767, 122
Trd, 258827.933, 127
Trd, 258828.083, 124
Trd, 258828.433, 123
Trd, 258828.783, 109
Trd, 258828.883, 129
Trd, 258829.250, 132
Trd, 258829.750, 140
Trd, 258829.850, 125
Trd, 258830.033, 132
Trd, 258830.383, 124
Trd, 258830.867, 114
Trd, 258831.117, 127
Trd, 258831.300, 131
Trd, 258831.433, 135
Trd, 258831.483, 107
Trd, 258831.900, 124
Trd, 258831.933, 115
Trd, 258831.967, 136
Trd, 258832.317, 115
Trd, 258832.417, 106
Trd, 258832.800, 106
Trd, 258832.817, 112
Trd, 258833.083, 116
Trd, 258833.517, 128
Trd, 258834.300, 140
Trd, 258834.617, 139
Trd, 258835.217, 139
Trd, 258835.967, 135
Trd, 258836.083, 134
Trd, 258836.317, 126
Trd, 258836.900, 138
Trd, 258836.983, 134
Trd, 258837.117, 129
Trd, 258837.133, 120
Trd, 258837.183, 116
Trd, 258837.433, 115
Trd, 258837.833, 132
Trd, 258838.150, 112
Trd, 258838.300, 107
Trd, 258838.467, 98
Trd, 258838.500, 117
Trd, 258838.617, 97
Trd, 258839.000, 115
Trd, 258839.583, 128
Trd, 258839.650, 137
Trd, 258839.783, 121
Trd, 258840.550, 137
Trd, 258840.650, 139
Trd, 258840.967, 128
Trd, 258840.983, 120
Trd, 258841.300, 139
Trd, 258841.467, 138
Trd, 258841.900, 128
Trd, 258842.500, 128
Trd, 258842.667, 130
Trd, 258842.983, 126
Trd, 258843.050, 123
Trd, 258843.367, 128
Trd, 258843.417, 118
Trd, 258843.883, 135
Trd, 258844.850, 140
Trd, 258845.217, 140
Trd, 258845.233, 128
Trd, 258846.017, 135
Trd, 258846.583, 134
Trd, 258846.983, 126
Trd, 258847.167, 110
Trd, 258847.300, 107
Trd, 258847.600, 106
Trd, 258847.733, 113
Trd, 258848.283, 129
Trd, 258848.417, 102
Trd, 258848.733, 118
Trd, 258849.067, 139
Trd, 258849.183, 134
Trd, 258849.517, 121
Trd, 258850.100, 133
Trd, 258850.450, 130
Trd, 258850.600, 115
Trd, 258851.300, 101
Trd, 258851.400, 100
Trd, 258851.417, 111
Trd, 258851.667, 105
Trd, 258851.750, 118
Trd, 258851.883, 100
Trd, 258852.233, 121
Trd, 258853.033, 107
Trd, 258853.067, 122
Trd, 258853.133, 105
Trd, 258853.267, 117
Trd, 258853.550, 111
Trd, 258853.767, 105
Trd, 258853.917, 140
Trd, 258854.183, 133
Trd, 258854.700, 117
Trd, 258854.833, 119
Trd, 258855.517, 114
Trd, 258855.650, 102
Trd, 258855.783, 98
Trd, 258855.817, 100
Trd, 258856.117, 109
Trd, 258857.217, 140
Trd, 258857.950, 138
Trd, 258858.017, 129
Trd, 258858.317, 139
Trd, 258858.650, 133
Trd, 258858.667, 128
Trd, 258859.017, 126
Trd, 258859.117, 126
Trd, 258859.767, 140
Trd, 258859.833, 137
Trd, 258859.900, 134
Trd, 258860.250, 130
Trd, 258860.767, 126
Trd, 258861.200, 117
Trd, 258861.417, 120
Trd, 258861.883, 140
Trd, 258862.100, 140
Trd, 258862.633, 119
Trd, 258862.833, 121
Trd, 258863.033, 118
Trd, 258863.850, 106
Trd, 258863.933, 107
Trd, 258863.950, 122
Trd, 258864.050, 135
Trd, 258864.367, 97
Trd, 258864.383, 97
Trd, 258864.500, 88
Trd, 258864.967, 115
Trd, 258865.050, 115
Trd, 258865.083, 96
Trd, 258865.517, 118
Trd, 258865.867, 138
Trd, 258865.917, 109
Trd, 258865.950, 87
Trd, 258866.283, 119
Trd, 258866.500, 111
Trd, 258866.817, 106
Trd, 258867.233, 138
Trd, 258867.883, 132
Trd, 258868.300, 137
Trd, 258868.333, 130
Trd, 258869.067, 140
Trd, 258869.083, 130
Trd, 258869.483, 129
Trd, 258869.733, 114
Trd, 258870.450, 140
Trd, 258870.817, 139
Trd, 258870.950, 137
Trd, 258871.067, 121
Trd, 258871.233, 140
Trd, 258871.383, 123
Trd, 258872.217, 127
Trd, 258872.283, 129
Trd, 258872.367, 117
Trd, 258872.500, 118
Trd, 258872.567, 118
Trd, 258872.967, 140
Trd, 258873.067, 139
Trd, 258873.117, 133
Trd, 258873.317, 134
Trd, 258873.500, 132
Trd, 258874.183, 136
Trd, 258874.333, 127
Trd, 258874.483, 112
Trd, 258874.533, 115
Trd, 258874.733, 128
Trd, 258875.200, 122
Trd, 258875.700, 127
Trd, 258875.850, 139
Trd, 258876.167, 139
Trd, 258876.517, 136
Trd, 258876.533, 130
Trd, 258876.700, 118
Trd, 258876.733, 110
Trd, 258876.800, 110
Trd, 258877.150, 140
Trd, 258877.417, 135
Trd, 258877.567, 127
Trd, 258877.700, 138
Trd, 258878.150, 131
Trd, 258878.233, 129
Trd, 258878.550, 130
Trd, 258878.783, 134
Trd, 258878.800, 132
Trd, 258878.833, 118
Trd, 258878.900, 115
Trd, 258878.983, 122
Trd, 258879.017, 115
Trd, 258880.450, 140
Trd, 258880.500, 140
Trd, 258880.517, 111
Trd, 258880.783, 139
Trd, 258881.200, 116
Trd, 258881.250, 109
Trd, 258881.367, 136
Trd, 258881.483, 106
Trd, 258881.600, 103
Trd, 258881.683, 126
Trd, 258881.917, 135
Trd, 258882.133, 139
Trd, 258882.800, 91
Trd, 258882.967, 112
Trd, 258883.117, 103
Trd, 258883.417, 87
Trd, 258883.450, 84
Trd, 258883.567, 105
Trd, 258883.650, 102
Trd, 258883.817, 113
Trd, 258883.933, 98
Trd, 258884.233, 121
Trd, 258884.417, 116
Trd, 258884.483, 98
Trd, 258884.817, 96
Trd, 258885.350, 121
Trd, 258886.017, 97
Trd, 258886.350, 136
Trd, 258886.533, 123
Trd, 258886.633, 104
Trd, 258886.800, 100
Trd, 258886.883, 106
Trd, 258886.917, 96
Trd, 258887.033, 122
Trd, 258887.517, 133
Trd, 258887.650, 116
Trd, 258888.100, 140
Trd, 258888.117, 87
Trd, 258888.250, 123
Trd, 258888.383, 114
Trd, 258889.100, 121
Trd, 258889.417, 140
Trd, 258889.533, 140
Trd, 258889.633, 120
Trd, 258889.800, 118
Trd, 258890.050, 109
Trd, 258890.167, 105
Trd, 258890.433, 120
Trd, 258890.533, 104
Trd, 258890.783, 91
Trd, 258891.117, 94
Trd, 258891.233, 83
Trd, 258891.333, 82
Trd, 258891.467, 79
Trd, 258891.483, 101
Trd, 258891.567, 131
Trd, 258891.967, 136
Trd, 258892.400, 117
Trd, 258892.517, 116
Trd, 258892.733, 103
Trd, 258893.117, 81
Trd, 258893.200, 109
Trd, 258893.450, 128
Trd, 258893.667, 124
Trd, 258893.817, 138
Trd, 258894.000, 122
Trd, 258894.667, 140
Trd, 258894.683, 140
Trd, 258894.950, 136
Trd, 258895.167, 136
Trd, 258896.000, 124
Trd, 258896.167, 112
Trd, 258896.200, 110
Trd, 258896.333, 132
Trd, 258896.567, 127
Trd, 258896.800, 127
Trd, 258896.850, 125
Trd, 258897.583, 128
Trd, 258897.733, 125
Trd, 258897.900, 125
Trd, 258898.017, 135
Trd, 258898.333, 132
Trd, 258898.617, 133
Trd, 258898.817, 120
Trd, 258899.267, 134
Trd, 258899.683, 130
Trd, 258899.983, 137
Trd, 258900.133, 135
Trd, 258900.233, 135
Trd, 258900.267, 128
Trd, 258900.750, 136
Trd, 258901.017, 126
Trd, 258901.767, 135
Trd, 258902.200, 134
Trd, 258902.650, 128
Trd, 258902.750, 121
Trd, 258902.767, 114
Trd, 258902.833, 112
Trd, 258902.917, 129
Trd, 258903.083, 117
Trd, 258903.600, 115
Trd, 258903.683, 100
Trd, 258903.917, 84
Trd, 258904.083, 118
Trd, 258904.100, 83
Trd, 258904.400, 85
Trd, 258904.517, 81
Trd, 258904.533, 76
Trd, 258904.917, 96
Trd, 258905.000, 81
Trd, 258906.483, 140
Trd, 258906.600, 138
Trd, 258907.533, 140
Trd, 258907.733, 137
Trd, 258907.850, 133
Trd, 258908.083, 133
Trd, 258908.650, 136
Trd, 258908.750, 135
Trd, 258908.950, 137
Trd, 258909.367, 137
Trd, 258909.500, 136
Trd, 258909.633, 131
Trd, 258909.667, 130
Trd, 258910.400, 130
Trd, 258910.800, 140
Trd, 258911.217, 138
Trd, 258911.267, 137
Trd, 258911.283, 127
Trd, 258911.417, 119
Trd, 258911.550, 119
Trd, 258911.750, 139
Trd, 258912.217, 131
Trd, 258912.300, 129
Trd, 258912.400, 126
Trd, 258912.467, 120
Trd, 258913.300, 131
Trd, 258913.450, 113
Trd, 258913.950, 120
Trd, 258914.017, 113
Trd, 258914.233, 129
Trd, 258914.683, 115
Trd, 258914.867, 111
Trd, 258915.267, 128
Trd, 258915.317, 116
Trd, 258915.750, 139
Trd, 258915.950, 128
Trd, 258916.300, 137
Trd, 258916.700, 132
Trd, 258916.733, 123
Trd, 258916.783, 113
Trd, 258917.133, 105
Trd, 258917.333, 139
Trd, 258918.017, 139
Trd, 258918.217, 138
Trd, 258918.267, 136
Trd, 258918.300, 129
Trd, 258918.550, 124
Trd, 258918.717, 135
Trd, 258918.967, 137
Trd, 258919.283, 128
Trd, 258919.350, 125
Trd, 258919.383, 121
Trd, 258919.683, 123
Trd, 258919.900, 137
Trd, 258920.317, 139
Trd, 258920.617, 130
Trd, 258920.883, 124
Trd, 258920.900, 123
Trd, 258921.000, 120
Trd, 258921.067, 113
Trd, 258921.617, 108
Trd, 258922.350, 129
Trd, 258922.717, 128
Trd, 258922.750, 99
Trd, 258922.983, 90
Trd, 258923.150, 83
Trd, 258923.583, 122
Trd, 258923.717, 136
Trd, 258924.150, 130
Trd, 258924.367, 140
Trd, 258924.617, 130
Trd, 258924.800, 138
Trd, 258924.867, 124
Trd, 258925.067, 137
Trd, 258925.150, 107
Trd, 258925.400, 129
Trd, 258925.983, 138
Trd, 258926.317, 140
Trd, 258926.600, 138
Trd, 258926.650, 137
Trd, 258927.150, 121
Trd, 258927.700, 138
Trd, 258928.117, 121
Trd, 258928.467, 126
Trd, 258928.883, 127
Trd, 258928.967, 138
Trd, 258928.983, 139
Trd, 258929.000, 113
Trd, 258929.367, 114
Trd, 258929.600, 139
Trd, 258929.867, 126
Trd, 258930.083, 136
Trd, 258930.167, 116
Trd, 258930.750, 138
Trd, 258930.817, 115
Trd, 258931.400, 139
Trd, 258931.917, 114
Trd, 258932.117, 135
Trd, 258932.550, 134
Trd, 258932.700, 121
Trd, 258932.850, 119
Trd, 258933.033, 115
Trd, 258933.533, 119
Trd, 258933.567, 119
Trd, 258933.583, 126
Trd, 258933.767, 112
Trd, 258933.783, 128
Trd, 258933.867, 112
Trd, 258933.883, 128
Trd, 258934.100, 107
Trd, 258934.333, 103
Trd, 258934.367, 96
Trd, 258934.567, 119
Trd, 258934.783, 102
Trd, 258935.183, 118
Trd, 258935.567, 125
Trd, 258935.867, 122
Trd, 258936.150, 120
Trd, 258936.300, 118
Trd, 258936.750, 99
Trd, 258937.267, 117
Trd, 258937.483, 130
Trd, 258937.567, 131
Trd, 258937.967, 139
Trd, 258938.333, 112
Trd, 258938.650, 126
Trd, 258939.000, 133
Trd, 258939.017, 128
Trd, 258939.517, 125
Trd, 258939.567, 109
Trd, 258939.900, 111
Trd, 258940.867, 140
Trd, 258941.183, 136
Trd, 258941.717, 134
Trd, 258941.833, 132
Trd, 258941.933, 124
Trd, 258942.150, 123
Trd, 258942.283, 112
Trd, 258942.583, 116
Trd, 258943.083, 139
Trd, 258943.117, 139
Trd, 258943.683, 140
Trd, 258943.767, 132
Trd, 258943.817, 136
Trd, 258944.000, 131
Trd, 258944.400, 130
Trd, 258944.883, 130
Trd, 258945.467, 123
Trd, 258945.533, 120
Trd, 258945.917, 119
Trd, 258946.017, 118
Trd, 258946.033, 117
Trd, 258946.500, 138
Trd, 258946.583, 138
Trd, 258946.600, 130
Trd, 258947.367, 135
Trd, 258947.517, 131
Trd, 258947.867, 139
Trd, 258947.900, 131
Trd, 258948.050, 124
Trd, 258948.167, 133
Trd, 258948.217, 123
Trd, 258948.717, 116
Trd, 258949.050, 109
Trd, 258949.183, 136
Trd, 258949.333, 114
Trd, 258949.383, 106
Trd, 258949.633, 139
Trd, 258950.233, 107
Trd, 258950.467, 113
Trd, 258950.633, 69
Trd, 258950.717, 130
Trd, 258951.333, 107
Trd, 258951.417, 83
Trd, 258951.583, 137
Trd, 258951.783, 128
Trd, 258952.000, 89
Trd, 258952.167, 95
Trd, 258952.183, 83
Trd, 258952.350, 104
Trd, 258952.867, 89
Trd, 258952.950, 78
Trd, 258953.000, 113
Trd, 258953.117, 114
Trd, 258953.183, 137
Trd, 258953.517, 113
Trd, 258953.533, 137
Trd, 258953.883, 124
Trd, 258954.133, 85
Trd, 258954.783, 129
Trd, 258955.100, 128
Trd, 258955.283, 133
Trd, 258955.483, 121
Trd, 258955.533, 97
Trd, 258955.833, 130
Trd, 258956.500, 128
Trd, 258956.600, 109
Trd, 258956.650, 103
Trd, 258956.750, 112
Trd, 258956.967, 101
Trd, 258957.400, 120
Trd, 258958.300, 139
Trd, 258958.350, 139
Trd, 258958.700, 138
Trd, 258958.883, 133
Trd, 258959.117, 126
Trd, 258959.267, 130
Trd, 258959.300, 97
Trd, 258959.483, 116
Trd, 258960.350, 139
Trd, 258960.400, 136
Trd, 258960.667, 107
Trd, 258960.817, 99
Trd, 258961.250, 108
Trd, 258961.350, 113
Trd, 258961.583, 73
Trd, 258961.833, 140
Trd, 258962.133, 104
Trd, 258962.467, 102
Trd, 258962.783, 113
Trd, 258962.917, 112
Trd, 258962.983, 120
Trd, 258963.017, 101
Trd, 258963.283, 139
Trd, 258963.450, 131
Trd, 258964.183, 130
Trd, 258964.350, 122
Trd, 258964.550, 125
Trd, 258964.917, 117
Trd, 258965.283, 137
Trd, 258965.383, 113
Trd, 258965.533, 126
Trd, 258965.617, 124
Trd, 258966.017, 127
Trd, 258966.283, 121
Trd, 258966.383, 108
Trd, 258966.617, 127
Trd, 258966.717, 131
Trd, 258966.733, 118
Trd, 258967.033, 115
Trd, 258967.083, 125
Trd, 258967.300, 86
Trd, 258967.600, 94
Trd, 258968.117, 95
Trd, 258968.183, 89
Trd, 258968.200, 103
Trd, 258968.267, 120
Trd, 258968.500, 140
Trd, 258969.733, 136
Trd, 258969.817, 130
Trd, 258970.367, 124
Trd, 258970.633, 133
Trd, 258970.850, 124
Trd, 258970.950, 119
Trd, 258971.300, 140
Trd, 258971.417, 113
Trd, 258971.500, 103
Trd, 258971.617, 96
Trd, 258971.767, 92
Trd, 258971.933, 105
Trd, 258972.133, 91
Trd, 258972.167, 93
Trd, 258972.250, 115
Trd, 258972.383, 119
Trd, 258972.833, 135
Trd, 258972.933, 126
Trd, 258973.000, 105
Trd, 258973.483, 139
Trd, 258974.050, 106
Trd, 258974.183, 115
Trd, 258975.150, 140
Trd, 258975.167, 131
Trd, 258975.317, 123
Trd, 258975.617, 106
Trd, 258975.700, 110
Trd, 258975.733, 103
Trd, 258975.983, 95
Trd, 258976.183, 87
Trd, 258976.250, 140
Trd, 258976.483, 83
Trd, 258976.717, 95
Trd, 258976.900, 102
Trd, 258976.917, 77
Trd, 258977.567, 109
Trd, 258977.833, 109
Trd, 258978.250, 94
Trd, 258978.300, 89
Trd, 258978.533, 99
Trd, 258979.067, 116
Trd, 258979.333, 132
Trd, 258979.633, 124
Trd, 258979.767, 138
Trd, 258979.917, 129
Trd, 258980.083, 99
Trd, 258980.333, 98
Trd, 258980.717, 126
Trd, 258980.767, 103
Trd, 258980.867, 134
Trd, 258981.700, 134
Trd, 258982.050, 128
Trd, 258982.150, 128
Trd, 258983.117, 140
Trd, 258983.200, 140
Trd, 258983.217, 138
Trd, 258983.333, 140
Trd, 258983.567, 131
Trd, 258983.583, 125
Trd, 258983.700, 124
Trd, 258983.833, 116
Trd, 258983.867, 111
Trd, 258984.017, 112
Trd, 258984.250, 106
Trd, 258984.267, 105
Trd, 258984.300, 119
Trd, 258984.850, 105
Trd, 258984.883, 85
Trd, 258984.950, 106
Trd, 258985.033, 102
Trd, 258985.267, 122
Trd, 258985.417, 81
Trd, 258985.800, 136
Trd, 258986.550, 119
Trd, 258986.633, 112
Trd, 258987.083, 125
Trd, 258987.100, 117
Trd, 258987.300, 140
Trd, 258987.617, 132
Trd, 258987.867, 111
Trd, 258988.033, 132
Trd, 258988.150, 124
Trd, 258988.617, 136
Trd, 258988.733, 105
Trd, 258988.867, 137
Trd, 258988.933, 125
Trd, 258989.300, 137
Trd, 258989.333, 104
Trd, 258989.967, 133
Trd, 258990.233, 134
Trd, 258990.333, 113
Trd, 258990.383, 126
Trd, 258990.550, 111
Trd, 258990.567, 95
Trd, 258990.867, 109
Trd, 258991.333, 95
Trd, 258991.550, 96
Trd, 258991.600, 94
Trd, 258991.850, 117
Trd, 258991.950, 112
Trd, 258992.533, 139
Trd, 258992.567, 139
Trd, 258993.033, 114
Trd, 258993.183, 130
Trd, 258993.400, 128
Trd, 258993.483, 133
Trd, 258993.667, 120
Trd, 258994.033, 123
Trd, 258994.417, 89
Trd, 258994.483, 98
Trd, 258994.850, 132
Trd, 258994.917, 118
Trd, 258994.967, 90
Trd, 258995.217, 117
Trd, 258995.450, 131
Trd, 258995.533, 111
Trd, 258995.733, 119
Trd, 258995.967, 115
Trd, 258996.100, 112
Trd, 258996.317, 140
Trd, 258996.700, 103
Trd, 258996.733, 98
Trd, 258996.917, 96
Trd, 258997.117, 123
Trd, 258997.350, 95
Trd, 258997.483, 93
Trd, 258997.967, 133
Trd, 258998.083, 117
Trd, 258998.167, 135
Trd, 258998.217, 138
Trd, 258998.383, 116
Trd, 258998.467, 115
Trd, 258999.017, 140
Trd, 258999.333, 125
Trd, 258999.367, 116
Trd, 258999.600, 140
Trd, 258999.733, 108
Trd, 258999.883, 130
Trd, 259000.133, 134
Trd, 259000.583, 137
Trd, 259001.133, 125
Trd, 259001.317, 121
Trd, 259001.650, 114
Trd, 259001.900, 90
Trd, 259003.433, 140
Trd, 259003.583, 140
Trd, 259003.767, 134
Trd, 259003.850, 115
Trd, 259003.900, 124
Trd, 259004.083, 98
Trd, 259004.400, 109
Trd, 259004.683, 121
Trd, 259004.950, 132
Trd, 259005.033, 137
Trd, 259005.183, 106
Trd, 259005.600, 131
Trd, 259005.767, 115
Trd, 259006.483, 136
Trd, 259006.850, 135
Trd, 259007.217, 134
Trd, 259007.683, 138
Trd, 259007.917, 133
Trd, 259008.517, 139
Trd, 259008.667, 137
Trd, 259008.717, 136
Trd, 259008.933, 115
Trd, 259009.117, 137
Trd, 259009.167, 116
Trd, 259009.217, 110
Trd, 259009.283, 103
Trd, 259009.900, 100
Trd, 259010.033, 100
Trd, 259010.300, 114
Trd, 259010.700, 133
Trd, 259010.717, 129
Trd, 259010.733, 103
Trd, 259010.833, 104
Trd, 259010.867, 94
Trd, 259010.933, 134
Trd, 259011.033, 138
Trd, 259011.333, 87
Trd, 259011.733, 116
Trd, 259012.883, 94
Trd, 259013.050, 110
Trd, 259013.733, 136
Trd, 259014.500, 139
Trd, 259014.700, 137
Trd, 259014.833, 135
Trd, 259015.150, 140
Trd, 259015.183, 131
Trd, 259015.217, 130
Trd, 259015.283, 121
Trd, 259015.367, 114
Trd, 259015.417, 133
Trd, 259015.550, 139
Trd, 259015.883, 126
Trd, 259016.000, 111
Trd, 259016.267, 98
Trd, 259016.567, 130
Trd, 259016.633, 95
Trd, 259017.100, 121
Trd, 259017.383, 140
Trd, 259017.883, 135
Trd, 259018.150, 123
Trd, 259018.317, 123
Trd, 259018.517, 117
Trd, 259018.633, 106
Trd, 259019.133, 115
Trd, 259019.750, 102
Trd, 259019.783, 115
Trd, 259019.800, 102
Trd, 259020.233, 139
Trd, 259020.567, 137
Trd, 259020.867, 136
Trd, 259020.900, 130
Trd, 259020.933, 125
Trd, 259021.083, 133
Trd, 259021.333, 137
Trd, 259021.583, 135
Trd, 259022.233, 140
Trd, 259022.333, 108
Trd, 259022.383, 104
Trd, 259022.800, 115
Trd, 259022.950, 116
Trd, 259023.200, 139
Trd, 259023.250, 116
Trd, 259023.400, 96
Trd, 259024.400, 134
Trd, 259024.500, 133
Trd, 259025.417, 132
Trd, 259025.533, 129
Trd, 259025.633, 128
Trd, 259025.700, 112
Trd, 259025.817, 110
Trd, 259026.533, 136
Trd, 259026.867, 130
Trd, 259026.917, 129
Trd, 259027.250, 122
Trd, 259027.300, 126
Trd, 259027.417, 114
Trd, 259027.433, 109
Trd, 259027.517, 117
Trd, 259027.783, 95
Trd, 259027.883, 119
Trd, 259028.100, 135
Trd, 259028.217, 118
Trd, 259028.383, 94
Trd, 259028.550, 87
Trd, 259028.883, 139
Trd, 259029.567, 140
Trd, 259029.750, 140
Trd, 259030.017, 125
Trd, 259030.217, 121
Trd, 259030.400, 121
Trd, 259030.633, 122
Trd, 259031.233, 137
Trd, 259031.383, 132
Trd, 259031.767, 130
Trd, 259032.067, 135
Trd, 259032.083, 111
Trd, 259032.350, 114
Trd, 259032.733, 116
Trd, 259033.533, 130
Trd, 259033.617, 133
Trd, 259033.900, 117
Trd, 259033.933, 113
Trd, 259034.017, 135
Trd, 259034.350, 117
Trd, 259034.500, 125
Trd, 259034.600, 122
Trd, 259034.833, 130
Trd, 259034.883, 110
Trd, 259034.900, 105
Trd, 259034.933, 111
Trd, 259035.050, 110
Trd, 259035.100, 137
Trd, 259035.817, 134
Trd, 259035.850, 119
Trd, 259036.083, 96
Trd, 259036.550, 102
Trd, 259036.750, 140
Trd, 259036.767, 96
Trd, 259036.783, 94
Trd, 259037.883, 101
Trd, 259037.917, 116
Trd, 259038.233, 130
Trd, 259038.583, 128
Trd, 259038.733, 139
Trd, 259038.867, 129
Trd, 259039.183, 105
Trd, 259039.350, 106
Trd, 259039.433, 104
Trd, 259039.450, 107
Trd, 259040.117, 131
Trd, 259040.267, 117
Trd, 259040.417, 101
Trd, 259040.667, 98
Trd, 259041.117, 127
Trd, 259041.233, 132
Trd, 259042.083, 130
Trd, 259042.133, 124
Trd, 259042.717, 140
Trd, 259042.750, 140
Trd, 259043.233, 131
Trd, 259043.300, 125
Trd, 259043.367, 123
Trd, 259043.550, 121
Trd, 259044.567, 136
Trd, 259044.767, 120
Trd, 259045.050, 124
Trd, 259045.067, 128
Trd, 259045.217, 132
Trd, 259045.367, 140
Trd, 259045.417, 122
Trd, 259045.467, 109
Trd, 259045.500, 135
Trd, 259045.850, 116
Trd, 259046.317, 139
Trd, 259046.683, 137
Trd, 259046.800, 134
Trd, 259047.267, 135
Trd, 259047.467, 138
Trd, 259048.433, 138
Trd, 259048.650, 137
Trd, 259048.750, 137
Trd, 259048.883, 140
Trd, 259048.967, 133
Trd, 259049.233, 125
Trd, 259049.500, 124
Trd, 259049.567, 123
Trd, 259049.900, 133
Trd, 259050.133, 124
Trd, 259050.550, 121
Trd, 259050.717, 116
Trd, 259051.183, 139
Trd, 259051.467, 108
Trd, 259051.650, 107
Trd, 259051.733, 116
Trd, 259052.133, 129
Trd, 259052.183, 91
Trd, 259052.400, 95
Trd, 259052.533, 114
Trd, 259052.800, 119
Trd, 259053.050, 140
Trd, 259053.100, 138
Trd, 259053.117, 114
Trd, 259053.767, 137
Trd, 259053.800, 96
Trd, 259053.850, 122
Trd, 259054.450, 99
Trd, 259054.550, 89
Trd, 259054.900, 108
Trd, 259055.083, 113
Trd, 259055.250, 137
Trd, 259055.483, 112
Trd, 259055.867, 127
Trd, 259056.100, 122
Trd, 259056.283, 109
Trd, 259057.083, 120
Trd, 259057.167, 127
Trd, 259057.700, 134
Trd, 259057.900, 133
Trd, 259058.233, 119
Trd, 259058.450, 138
Trd, 259058.783, 130
Trd, 259058.967, 135
Trd, 259059.017, 134
Trd, 259059.200, 138
Trd, 259059.217, 118
Trd, 259059.367, 114
Trd, 259059.767, 136
Trd, 259059.950, 135
Trd, 259060.000, 132
Trd, 259060.033, 121
Trd, 259060.083, 120
Trd, 259060.483, 109
Trd, 259061.333, 120
Trd, 259061.433, 110
Trd, 259061.650, 119
Trd, 259061.783, 103
Trd, 259061.933, 137
Trd, 259062.083, 120
Trd, 259062.567, 130
Trd, 259062.817, 118
Trd, 259063.450, 137
Trd, 259063.517, 136
Trd, 259063.617, 126
Trd, 259063.733, 125
Trd, 259063.950, 120
Trd, 259064.417, 109
Trd, 259064.467, 96
Trd, 259064.717, 103
Trd, 259064.733, 92
Trd, 259065.067, 88
Trd, 259065.150, 87
Trd, 259065.233, 113
Trd, 259065.867, 119
Trd, 259066.167, 139
Trd, 259066.567, 135
Trd, 259066.667, 115
Trd, 259067.017, 140
Trd, 259067.033, 130
Trd, 259067.317, 120
Trd, 259067.483, 123
Trd, 259068.150, 107
Trd, 259068.650, 129
Trd, 259068.883, 140
Trd, 259068.950, 132
Trd, 259069.267, 138
Trd, 259069.967, 140
Trd, 259070.150, 137
Trd, 259070.183, 132
Trd, 259070.200, 124
Trd, 259070.783, 119
Trd, 259070.817, 117
Trd, 259071.300, 123
Trd, 259071.467, 117
Trd, 259071.483, 125
Trd, 259071.517, 116
Trd, 259071.550, 97
Trd, 259072.050, 134
Trd, 259072.483, 128
Trd, 259072.533, 112
Trd, 259072.767, 109
Trd, 259072.867, 92
Trd, 259072.983, 89
Trd, 259073.600, 127
Trd, 259073.883, 135
Trd, 259074.133, 127
Trd, 259074.150, 126
Trd, 259074.283, 119
Trd, 259074.567, 132
Trd, 259074.650, 118
Trd, 259074.683, 117
Trd, 259074.733, 112
Trd, 259075.500, 104
Trd, 259075.683, 83
Trd, 259076.017, 125
Trd, 259076.617, 140
Trd, 259076.883, 137
Trd, 259077.083, 127
Trd, 259077.250, 126
Trd, 259077.683, 140
Trd, 259078.233, 136
Trd, 259078.417, 134
Trd, 259078.850, 133
Trd, 259078.900, 131
Trd, 259079.283, 130
Trd, 259079.550, 137
Trd, 259080.233, 133
Trd, 259080.317, 118
Trd, 259080.383, 110
Trd, 259080.500, 102
Trd, 259080.817, 105
Trd, 259081.000, 119
Trd, 259081.150, 135
Trd, 259081.183, 98
Trd, 259081.300, 87
Trd, 259081.433, 109
Trd, 259081.467, 136
Trd, 259082.217, 140
Trd, 259082.233, 133
Trd, 259082.500, 117
Trd, 259082.533, 101
Trd, 259082.733, 97
Trd, 259082.933, 106
Trd, 259083.650, 119
Trd, 259083.667, 126
Trd, 259083.733, 130
Trd, 259084.433, 139
Trd, 259084.800, 136
Trd, 259084.850, 126
Trd, 259085.367, 122
Trd, 259085.583, 139
Trd, 259085.750, 139
Trd, 259086.300, 139
Trd, 259086.683, 138
Trd, 259086.833, 135
Trd, 259086.950, 134
Trd, 259087.217, 126
Trd, 259087.267, 120
Trd, 259087.383, 135
Trd, 259087.533, 116
Trd, 259088.117, 130
Trd, 259088.150, 125
Trd, 259088.800, 125
Trd, 259088.833, 119
Trd, 259089.117, 118
Trd, 259089.200, 124
Trd, 259089.400, 127
Trd, 259089.650, 119
Trd, 259089.667, 138
Trd, 259090.617, 114
Trd, 259090.833, 140
Trd, 259091.200, 140
Trd, 259091.400, 140
Trd, 259091.450, 130
Trd, 259092.367, 111
Trd, 259092.500, 112
Trd, 259092.517, 107
Trd, 259092.800, 104
Trd, 259092.900, 101
Trd, 259092.950, 116
Trd, 259093.233, 137
Trd, 259093.683, 103
Trd, 259093.767, 102
Trd, 259093.850, 116
Trd, 259094.000, 85
Trd, 259094.017, 120
Trd, 259094.500, 84
Trd, 259094.800, 126
Trd, 259095.117, 140
Trd, 259095.367, 137
Trd, 259095.400, 129
Trd, 259096.083, 140
Trd, 259096.217, 135
Trd, 259096.600, 127
Trd, 259096.667, 110
Trd, 259096.900, 123
Trd, 259096.933, 111
Trd, 259097.100, 136
Trd, 259097.867, 140
Trd, 259098.833, 140
Trd, 259099.117, 140
Trd, 259099.450, 138
Trd, 259099.683, 138
Trd, 259099.750, 128
Trd, 259100.117, 122
Trd, 259100.350, 111
Trd, 259100.483, 108
Trd, 259101.017, 135
Trd, 259101.167, 130
Trd, 259101.517, 134
Trd, 259101.650, 130
Trd, 259101.917, 129
Trd, 259102.633, 102
Trd, 259103.083, 131
Trd, 259103.200, 137
Trd, 259103.367, 128
Trd, 259103.850, 136
Trd, 259103.933, 124
Trd, 259104.067, 123
Trd, 259104.317, 111
Trd, 259104.367, 106
Trd, 259104.767, 85
Trd, 259105.317, 138
Trd, 259105.633, 140
Trd, 259105.783, 135
Trd, 259105.983, 129
Trd, 259106.000, 122
Trd, 259106.017, 109
Trd, 259106.700, 132
Trd, 259106.750, 118
Trd, 259106.783, 117
Trd, 259107.017, 138
Trd, 259107.433, 113
Trd, 259107.600, 101
Trd, 259107.683, 100
Trd, 259107.933, 109
Trd, 259107.983, 97
Trd, 259108.267, 137
Trd, 259108.567, 140
Trd, 259109.117, 129
Trd, 259109.433, 127
Trd, 259109.583, 122
Trd, 259109.717, 135
Trd, 259109.933, 134
Trd, 259110.117, 126
Trd, 259110.200, 98
Trd, 259110.317, 98
Trd, 259110.400, 119
Trd, 259110.483, 118
Trd, 259110.583, 86
Trd, 259111.100, 133
Trd, 259111.217, 120
Trd, 259111.317, 85
Trd, 259111.450, 92
Trd, 259111.817, 93
Trd, 259112.083, 94
Trd, 259112.317, 103
Trd, 259112.367, 102
Trd, 259112.517, 87
Trd, 259112.733, 120
Trd, 259112.967, 123
Trd, 259114.717, 111
Trd, 259115.017, 108
Trd, 259115.050, 127
Trd, 259115.317, 123
Trd, 259115.717, 139
Trd, 259115.817, 123
Trd, 259116.183, 114
Trd, 259116.217, 105
Trd, 259116.333, 113
Trd, 259116.483, 108
Trd, 259116.500, 103
Trd, 259116.683, 97
Trd, 259117.067, 115
Trd, 259117.100, 121
Trd, 259117.317, 127
Trd, 259117.817, 138
Trd, 259118.200, 133
Trd, 259118.733, 139
Trd, 259118.800, 125
Trd, 259118.867, 109
Trd, 259119.217, 131
Trd, 259119.467, 127
Trd, 259119.533, 138
Trd, 259119.600, 111
Trd, 259120.017, 132
Trd, 259120.600, 127
Trd, 259120.817, 126
Trd, 259121.117, 136
Trd, 259121.133, 117
Trd, 259121.217, 108
Trd, 259122.200, 139
Trd, 259122.317, 120
Trd, 259122.450, 124
Trd, 259122.567, 124
Trd, 259123.283, 140
Trd, 259123.333, 140
Trd, 259123.700, 138
Trd, 259123.967, 125
Trd, 259124.050, 125
Trd, 259124.067, 121
Trd, 259124.717, 138
Trd, 259124.967, 129
Trd, 259125.183, 138
Trd, 259125.567, 119
Trd, 259125.900, 121
Trd, 259125.983, 115
Trd, 259126.200, 98
Trd, 259126.217, 87
Trd, 259126.250, 99
Trd, 259126.333, 112
Trd, 259126.883, 125
Trd, 259126.917, 129
Trd, 259127.433, 130
Trd, 259127.717, 120
Trd, 259127.800, 102
Trd, 259128.267, 102
Trd, 259128.433, 101
Trd, 259128.450, 122
Trd, 259128.650, 121
Trd, 259128.967, 137
Trd, 259129.217, 121
Trd, 259129.283, 104
Trd, 259129.383, 100
Trd, 259129.400, 99
Trd, 259129.450, 94
Trd, 259129.817, 138
Trd, 259131.000, 131
Trd, 259131.033, 122
Trd, 259131.650, 134
Trd, 259131.667, 123
Trd, 259131.850, 116
Trd, 259132.067, 109
Trd, 259132.100, 94
Trd, 259132.333, 92
Trd, 259132.350, 99
Trd, 259132.500, 137
Trd, 259132.783, 79
Trd, 259133.317, 127
Trd, 259133.783, 136
Trd, 259133.800, 126
Trd, 259134.067, 116
Trd, 259134.483, 130
Trd, 259134.717, 115
Trd, 259135.100, 118
Trd, 259135.200, 115
Trd, 259135.517, 125
Trd, 259135.833, 118
Trd, 259136.083, 131
Trd, 259136.200, 132
Trd, 259136.283, 123
Trd, 259136.300, 118
Trd, 259136.350, 105
Trd, 259136.400, 104
Trd, 259136.733, 126
Trd, 259137.417, 130
Trd, 259137.483, 110
Trd, 259137.517, 105
Trd, 259137.567, 82
Trd, 259137.617, 127
Trd, 259137.833, 107
Trd, 259138.150, 138
Trd, 259138.433, 133
Trd, 259138.567, 131
Trd, 259139.067, 102
Trd, 259139.217, 88
Trd, 259139.333, 90
Trd, 259139.450, 85
Trd, 259139.467, 92
Trd, 259139.483, 123
Trd, 259139.867, 85
Trd, 259140.050, 132
Trd, 259140.317, 93
Trd, 259140.450, 121
Trd, 259140.983, 110
Trd, 259141.067, 99
Trd, 259141.733, 120
Trd, 259141.800, 104
Trd, 259142.217, 124
Trd, 259143.433, 140
Trd, 259143.967, 139
Trd, 259144.383, 138
Trd, 259144.433, 135
Trd, 259144.633, 136
Trd, 259144.683, 131
Trd, 259144.800, 125
Trd, 259145.500, 140
Trd, 259145.533, 131
Trd, 259145.617, 116
Trd, 259145.833, 115
Trd, 259145.933, 108
Trd, 259146.133, 134
Trd, 259146.500, 125
Trd, 259146.600, 124
Trd, 259146.633, 104
Trd, 259147.033, 116
Trd, 259147.200, 126
Trd, 259147.383, 130
Trd, 259147.667, 122
Trd, 259147.867, 128
Trd, 259147.917, 125
Trd, 259148.083, 139
Trd, 259148.400, 138
Trd, 259148.800, 123
Trd, 259149.050, 140
Trd, 259149.400, 102
Trd, 259149.983, 128
Trd, 259150.300, 109
Trd, 259150.333, 107
Trd, 259150.750, 139
Trd, 259150.850, 128
Trd, 259151.200, 138
Trd, 259151.367, 128
Trd, 259151.533, 130
Trd, 259152.100, 135
Trd, 259152.133, 125
Trd, 259152.217, 123
Trd, 259152.267, 117
Trd, 259152.400, 108
Trd, 259152.567, 108
Trd, 259152.867, 133
Trd, 259152.950, 106
Trd, 259152.967, 114
Trd, 259152.983, 100
Trd, 259153.533, 138
Trd, 259154.733, 140
Trd, 259154.800, 140
Trd, 259155.400, 140
Trd, 259155.483, 138
Trd, 259155.633, 133
Trd, 259155.717, 132
Trd, 259157.000, 139
Trd, 259157.200, 138
Trd, 259157.300, 134
Trd, 259157.367, 121
Trd, 259157.433, 110
Trd, 259157.867, 108
Trd, 259157.983, 133
Trd, 259158.150, 124
Trd, 259158.233, 136
Trd, 259158.633, 136
Trd, 259159.417, 136
Trd, 259159.600, 119
Trd, 259159.767, 92
Trd, 259159.800, 88
Trd, 259159.850, 117
Trd, 259160.583, 111
Trd, 259160.600, 134
Trd, 259160.950, 140
Trd, 259161.017, 131
Trd, 259161.533, 134
Trd, 259161.783, 121
Trd, 259161.917, 122
Trd, 259162.067, 104
Trd, 259162.133, 93
Trd, 259162.283, 99
Trd, 259162.433, 137
Trd, 259162.900, 112
Trd, 259162.967, 116
Trd, 259163.150, 117
Trd, 259163.200, 138
Trd, 259163.367, 117
Trd, 259163.417, 111
Trd, 259163.483, 110
Trd, 259163.717, 108
Trd, 259164.367, 132
Trd, 259164.417, 132
Trd, 259165.400, 131
Trd, 259165.767, 130
Trd, 259165.800, 119
Trd, 259166.000, 134
Trd, 259166.300, 118
Trd, 259166.383, 133
Trd, 259167.000, 113
Trd, 259167.183, 111
Trd, 259167.283, 108
Trd, 259167.950, 140
Trd, 259168.183, 140
Trd, 259168.267, 139
Trd, 259168.283, 139
Trd, 259168.450, 123
Trd, 259168.650, 116
Trd, 259169.167, 138
Trd, 259169.250, 138
Trd, 259169.400, 122
Trd, 259169.533, 112
Trd, 259169.650, 139
Trd, 259169.950, 132
Trd, 259170.100, 133
Trd, 259170.533, 102
Trd, 259171.000, 106
Trd, 259171.167, 77
Trd, 259171.250, 113
Trd, 259171.450, 114
Trd, 259171.483, 131
Trd, 259171.567, 140
Trd, 259172.267, 122
Trd, 259172.367, 117
Trd, 259172.400, 116
Trd, 259172.900, 128
Trd, 259172.950, 115
Trd, 259172.983, 113
Trd, 259173.417, 114
Trd, 259173.517, 104
Trd, 259173.817, 102
Trd, 259173.967, 127
Trd, 259174.033, 97
Trd, 259174.567, 140
Trd, 259175.450, 139
Trd, 259175.467, 135
Trd, 259175.733, 111
Trd, 259175.933, 131
Trd, 259176.067, 137
Trd, 259176.150, 120
Trd, 259176.367, 135
Trd, 259176.433, 133
Trd, 259176.500, 104
Trd, 259176.833, 129
Trd, 259176.867, 107
Trd, 259177.233, 103
Trd, 259177.417, 131
Trd, 259177.533, 99
Trd, 259177.600, 83
Trd, 259178.083, 81
Trd, 259178.350, 74
Trd, 259178.717, 72
Trd, 259178.900, 132
Trd, 259178.967, 116
Trd, 259179.383, 129
Trd, 259179.450, 134
Trd, 259179.567, 122
Trd, 259179.833, 120
Trd, 259179.900, 87
Trd, 259180.517, 91
Trd, 259180.833, 86
Trd, 259181.033, 132
Trd, 259181.333, 101
Trd, 259181.750, 130
Trd, 259182.600, 140
Trd, 259183.217, 136
Trd, 259183.917, 134
Trd, 259184.233, 125
Trd, 259184.250, 124
Trd, 259184.417, 133
Trd, 259184.533, 130
Trd, 259184.583, 136
Trd, 259184.633, 117
Trd, 259184.917, 129
Trd, 259184.983, 134
Trd, 259185.050, 120
Trd, 259185.100, 114
Trd, 259185.183, 86
Trd, 259185.383, 85
Trd, 259185.550, 81
Trd, 259185.817, 86
Trd, 259186.083, 125
Trd, 259186.167, 90
Trd, 259186.217, 136
Trd, 259186.800, 138
Trd, 259186.950, 133
Trd, 259187.117, 129
Trd, 259187.383, 121
Trd, 259187.600, 120
Trd, 259187.733, 132
Trd, 259188.150, 140
Trd, 259188.400, 105
Trd, 259188.600, 132
Trd, 259189.417, 121
Trd, 259189.683, 140
Trd, 259189.783, 129
Trd, 259190.300, 104
Trd, 259190.350, 105
Trd, 259190.367, 104
Trd, 259190.650, 123
Trd, 259191.033, 115
Trd, 259191.050, 103
Trd, 259191.550, 121
Trd, 259191.600, 116
Trd, 259192.333, 124
Trd, 259192.883, 140
Trd, 259193.083, 117
Trd, 259193.317, 139
Trd, 259193.717, 138
Trd, 259194.850, 140
Trd, 259194.933, 129
Trd, 259194.983, 126
Trd, 259195.133, 140
Trd, 259195.150, 136
Trd, 259195.583, 134
Trd, 259196.367, 138
Trd, 259197.000, 136
Trd, 259197.117, 134
Trd, 259197.217, 123
Trd, 259197.317, 116
Trd, 259197.400, 124
Trd, 259197.733, 123
Trd, 259197.833, 105
Trd, 259198.083, 101
Trd, 259198.117, 100
Trd, 259198.217, 97
Trd, 259198.633, 83
Trd, 259198.650, 103
Trd, 259198.833, 93
Trd, 259199.283, 99
Trd, 259199.550, 133
Trd, 259199.633, 122
Trd, 259199.767, 117
Trd, 259199.867, 107
