Trd, 258578.317, 135
Trd, 258578.367, 134
Trd, 258578.483, 91
Trd, 258578.517, 135
Trd, 258578.550, 137
Trd, 258579.017, 140
Trd, 258579.383, 140
Trd, 258580.100, 140
Trd, 258580.183, 140
Trd, 258580.917, 140
Trd, 258580.967, 140
Trd, 258581.033, 140
Trd, 258581.200, 140
Trd, 258581.283, 125
Trd, 258581.333, 107
Trd, 258581.433, 139
Trd, 258581.517, 140
Trd, 258581.867, 138
Trd, 258582.350, 126
Trd, 258582.467, 134
Trd, 258582.700, 111
Trd, 258583.433, 128
Trd, 258583.500, 131
Trd, 258583.867, 128
Trd, 258584.000, 127
Trd, 258584.050, 129
Trd, 258584.317, 127
Trd, 258584.333, 126
Trd, 258584.433, 112
Trd, 258584.783, 127
Trd, 258584.867, 122
Trd, 258584.950, 121
Trd, 258585.117, 128
Trd, 258585.483, 122
Trd, 258585.683, 123
Trd, 258585.850, 123
Trd, 258585.917, 122
Trd, 258585.933, 126
Trd, 258586.000, 117
Trd, 258586.417, 109
Trd, 258586.500, 128
Trd, 258586.883, 140
Trd, 258587.650, 140
Trd, 258587.700, 140
Trd, 258587.883, 140
Trd, 258587.967, 140
Trd, 258588.067, 138
Trd, 258588.367, 135
Trd, 258588.533, 136
Trd, 258588.850, 138
Trd, 258589.300, 140
Trd, 258589.333, 140
Trd, 258589.350, 140
Trd, 258589.433, 140
Trd, 258589.467, 136
Trd, 258589.850, 136
Trd, 258590.017, 135
Trd, 258590.933, 137
Trd, 258591.067, 138
Trd, 258591.133, 137
Trd, 258591.700, 137
Trd, 258591.950, 137
Trd, 258592.000, 138
Trd, 258592.050, 136
Trd, 258592.200, 138
Trd, 258592.350, 137
Trd, 258592.683, 138
Trd, 258592.733, 135
Trd, 258593.350, 134
Trd, 258593.500, 134
Trd, 258593.817, 119
Trd, 258593.883, 132
Trd, 258593.933, 134
Trd, 258594.750, 122
Trd, 258595.000, 120
Trd, 258595.017, 125
Trd, 258595.333, 120
Trd, 258595.433, 126
Trd, 258595.667, 107
Trd, 258595.950, 126
Trd, 258596.000, 101
Trd, 258596.117, 100
Trd, 258596.450, 116
Trd, 258596.950, 110
Trd, 258597.450, 110
Trd, 258597.617, 132
Trd, 258597.867, 112
Trd, 258597.883, 111
Trd, 258598.050, 111
Trd, 258598.467, 113
Trd, 258598.833, 121
Trd, 258598.950, 121
Trd, 258599.533, 116
Trd, 258599.750, 118
Trd, 258599.833, 117
Trd, 258599.983, 117
Trd, 258600.217, 118
Trd, 258600.250, 118
Trd, 258600.683, 114
Trd, 258600.750, 116
Trd, 258600.783, 114
Trd, 258600.850, 111
Trd, 258600.917, 117
Trd, 258601.017, 105
Trd, 258601.517, 107
Trd, 258601.533, 117
Trd, 258601.933, 101
Trd, 258602.383, 124
Trd, 258602.483, 93
Trd, 258602.533, 93
Trd, 258603.100, 119
Trd, 258603.533, 120
Trd, 258603.667, 124
Trd, 258603.733, 125
Trd, 258603.917, 127
Trd, 258604.783, 140
Trd, 258604.850, 140
Trd, 258604.883, 140
Trd, 258605.000, 140
Trd, 258605.383, 132
Trd, 258605.817, 140
Trd, 258605.933, 140
Trd, 258606.133, 140
Trd, 258606.383, 138
Trd, 258606.683, 140
Trd, 258607.033, 140
Trd, 258607.233, 140
Trd, 258607.367, 140
Trd, 258607.417, 140
Trd, 258608.017, 140
Trd, 258608.267, 140
Trd, 258608.450, 140
Trd, 258608.467, 140
Trd, 258608.600, 140
Trd, 258609.100, 137
Trd, 258609.233, 137
Trd, 258609.983, 127
Trd, 258610.150, 127
Trd, 258610.683, 139
Trd, 258610.700, 140
Trd, 258610.817, 140
Trd, 258611.067, 140
Trd, 258611.150, 138
Trd, 258611.267, 138
Trd, 258611.383, 137
Trd, 258611.650, 138
Trd, 258611.733, 135
Trd, 258611.800, 131
Trd, 258611.950, 138
Trd, 258612.067, 132
Trd, 258612.250, 139
Trd, 258612.700, 132
Trd, 258612.750, 131
Trd, 258613.033, 131
Trd, 258613.167, 132
Trd, 258613.433, 131
Trd, 258613.483, 133
Trd, 258613.617, 130
Trd, 258614.067, 122
Trd, 258614.117, 122
Trd, 258614.200, 133
Trd, 258614.800, 136
Trd, 258615.217, 135
Trd, 258615.367, 138
Trd, 258615.467, 101
Trd, 258616.150, 140
Trd, 258616.267, 140
Trd, 258617.067, 140
Trd, 258617.400, 140
Trd, 258617.817, 140
Trd, 258618.217, 140
Trd, 258618.400, 140
Trd, 258618.700, 140
Trd, 258618.733, 140
Trd, 258619.100, 140
Trd, 258619.183, 140
Trd, 258619.250, 140
Trd, 258619.267, 140
Trd, 258619.283, 140
Trd, 258619.383, 139
Trd, 258619.683, 140
Trd, 258619.733, 138
Trd, 258619.783, 138
Trd, 258619.900, 137
Trd, 258620.667, 108
Trd, 258620.767, 108
Trd, 258621.433, 127
Trd, 258621.450, 118
Trd, 258621.583, 127
Trd, 258621.733, 128
Trd, 258621.983, 124
Trd, 258622.033, 126
Trd, 258622.167, 131
Trd, 258622.333, 138
Trd, 258624.267, 140
Trd, 258624.483, 140
Trd, 258624.533, 140
Trd, 258624.617, 140
Trd, 258624.850, 140
Trd, 258625.000, 140
Trd, 258625.433, 140
Trd, 258625.450, 140
Trd, 258625.600, 140
Trd, 258625.933, 140
Trd, 258626.100, 140
Trd, 258626.183, 140
Trd, 258626.233, 139
Trd, 258626.283, 139
Trd, 258626.350, 140
Trd, 258626.550, 139
Trd, 258626.867, 127
Trd, 258626.950, 125
Trd, 258627.667, 136
Trd, 258628.033, 135
Trd, 258628.217, 135
Trd, 258628.250, 123
Trd, 258628.533, 132
Trd, 258628.600, 108
Trd, 258628.700, 135
Trd, 258629.083, 111
Trd, 258629.150, 135
Trd, 258629.317, 111
Trd, 258629.600, 134
Trd, 258630.133, 137
Trd, 258630.550, 115
Trd, 258631.250, 119
Trd, 258631.500, 131
Trd, 258631.750, 132
Trd, 258631.950, 121
Trd, 258632.100, 136
Trd, 258632.450, 122
Trd, 258632.567, 121
Trd, 258632.650, 134
Trd, 258632.667, 119
Trd, 258632.950, 131
Trd, 258632.983, 135
Trd, 258633.083, 137
Trd, 258633.517, 136
Trd, 258633.783, 137
Trd, 258633.983, 136
Trd, 258634.933, 140
Trd, 258634.983, 139
Trd, 258635.050, 139
Trd, 258635.400, 133
Trd, 258635.850, 132
Trd, 258635.983, 131
Trd, 258636.333, 134
Trd, 258636.750, 120
Trd, 258636.767, 134
Trd, 258636.917, 138
Trd, 258637.017, 117
Trd, 258637.083, 116
Trd, 258637.167, 117
Trd, 258637.183, 116
Trd, 258637.883, 140
Trd, 258638.083, 140
Trd, 258638.683, 140
Trd, 258638.900, 140
Trd, 258638.983, 139
Trd, 258639.217, 131
Trd, 258641.150, 140
Trd, 258641.217, 140
Trd, 258641.350, 140
Trd, 258641.400, 140
Trd, 258641.967, 140
Trd, 258642.033, 140
Trd, 258642.233, 140
Trd, 258642.417, 140
Trd, 258642.450, 140
Trd, 258642.500, 140
Trd, 258642.700, 139
Trd, 258642.733, 140
Trd, 258642.967, 139
Trd, 258643.000, 140
Trd, 258643.217, 139
Trd, 258643.533, 132
Trd, 258643.883, 130
Trd, 258643.900, 129
Trd, 258644.583, 140
Trd, 258644.817, 140
Trd, 258645.017, 140
Trd, 258645.117, 138
Trd, 258645.417, 137
Trd, 258646.367, 140
Trd, 258646.483, 140
Trd, 258646.533, 140
Trd, 258646.783, 140
Trd, 258646.867, 139
Trd, 258646.883, 138
Trd, 258647.217, 140
Trd, 258647.400, 140
Trd, 258647.650, 139
Trd, 258647.667, 138
Trd, 258647.683, 136
Trd, 258647.700, 134
Trd, 258647.850, 127
Trd, 258648.067, 140
Trd, 258648.233, 109
Trd, 258648.350, 139
Trd, 258648.650, 140
Trd, 258649.383, 131
Trd, 258649.433, 130
Trd, 258649.783, 128
Trd, 258650.133, 132
Trd, 258650.350, 130
Trd, 258650.383, 131
Trd, 258650.500, 132
Trd, 258650.517, 133
Trd, 258650.567, 131
Trd, 258651.083, 134
Trd, 258651.517, 133
Trd, 258651.633, 132
Trd, 258651.650, 134
Trd, 258651.767, 130
Trd, 258652.317, 131
Trd, 258652.333, 129
Trd, 258652.550, 129
Trd, 258653.767, 140
Trd, 258653.817, 140
Trd, 258653.950, 139
Trd, 258654.033, 140
Trd, 258654.733, 140
Trd, 258654.750, 140
Trd, 258654.850, 140
Trd, 258654.867, 140
Trd, 258654.900, 139
Trd, 258654.933, 139
Trd, 258655.367, 118
Trd, 258655.667, 117
Trd, 258655.700, 139
Trd, 258656.550, 140
Trd, 258657.050, 140
Trd, 258657.783, 140
Trd, 258658.083, 140
Trd, 258658.133, 140
Trd, 258659.050, 140
Trd, 258659.200, 140
Trd, 258659.250, 140
Trd, 258659.350, 140
Trd, 258659.483, 140
Trd, 258659.683, 140
Trd, 258659.850, 140
Trd, 258660.200, 140
Trd, 258660.417, 140
Trd, 258660.500, 139
Trd, 258660.800, 132
Trd, 258661.500, 137
Trd, 258661.733, 137
Trd, 258661.817, 138
Trd, 258662.200, 136
Trd, 258662.217, 132
Trd, 258662.367, 129
Trd, 258662.833, 120
Trd, 258663.433, 132
Trd, 258663.567, 129
Trd, 258663.633, 120
Trd, 258663.817, 113
Trd, 258663.933, 131
Trd, 258663.983, 112
Trd, 258664.167, 124
Trd, 258664.267, 122
Trd, 258665.083, 119
Trd, 258665.367, 120
Trd, 258665.383, 122
Trd, 258665.483, 121
Trd, 258665.617, 119
Trd, 258665.733, 113
Trd, 258665.917, 114
Trd, 258666.000, 120
Trd, 258666.683, 114
Trd, 258666.883, 113
Trd, 258667.300, 114
Trd, 258667.367, 113
Trd, 258667.383, 117
Trd, 258667.483, 113
Trd, 258668.000, 117
Trd, 258668.133, 111
Trd, 258668.267, 111
Trd, 258668.417, 109
Trd, 258668.650, 115
Trd, 258668.833, 117
Trd, 258668.967, 112
Trd, 258669.117, 110
Trd, 258669.433, 114
Trd, 258669.633, 94
Trd, 258669.933, 109
Trd, 258670.017, 110
Trd, 258670.067, 111
Trd, 258670.517, 116
Trd, 258670.667, 108
Trd, 258670.733, 116
Trd, 258670.850, 93
Trd, 258670.900, 84
Trd, 258671.067, 116
Trd, 258671.683, 112
Trd, 258671.883, 111
Trd, 258672.300, 87
Trd, 258672.367, 112
Trd, 258672.400, 114
Trd, 258672.833, 86
Trd, 258673.233, 87
Trd, 258673.600, 88
Trd, 258673.717, 97
Trd, 258674.033, 129
Trd, 258674.233, 118
Trd, 258674.650, 139
Trd, 258674.950, 106
Trd, 258675.817, 98
Trd, 258675.833, 97
Trd, 258676.050, 138
Trd, 258676.633, 140
Trd, 258676.800, 139
Trd, 258677.117, 140
Trd, 258677.333, 140
Trd, 258677.650, 140
Trd, 258677.800, 140
Trd, 258678.033, 140
Trd, 258678.250, 140
Trd, 258678.350, 139
Trd, 258678.417, 139
Trd, 258678.633, 103
Trd, 258678.767, 102
Trd, 258679.050, 140
Trd, 258679.133, 140
Trd, 258679.600, 140
Trd, 258679.683, 140
Trd, 258680.000, 140
Trd, 258680.183, 140
Trd, 258680.333, 140
Trd, 258680.733, 140
Trd, 258680.850, 140
Trd, 258680.983, 139
Trd, 258681.267, 139
Trd, 258681.350, 138
Trd, 258681.867, 133
Trd, 258682.633, 134
Trd, 258682.650, 135
Trd, 258682.867, 130
Trd, 258682.967, 137
Trd, 258683.033, 128
Trd, 258683.150, 128
Trd, 258683.500, 140
Trd, 258683.683, 140
Trd, 258683.700, 140
Trd, 258683.850, 140
Trd, 258684.583, 111
Trd, 258684.600, 102
Trd, 258684.733, 105
Trd, 258685.133, 103
Trd, 258685.183, 102
Trd, 258685.217, 102
Trd, 258685.283, 103
Trd, 258685.933, 101
Trd, 258686.050, 100
Trd, 258686.200, 101
Trd, 258686.400, 102
Trd, 258686.517, 103
Trd, 258686.550, 104
Trd, 258686.683, 121
Trd, 258687.300, 129
Trd, 258687.717, 139
Trd, 258688.417, 140
Trd, 258688.600, 140
Trd, 258688.633, 140
Trd, 258688.650, 140
Trd, 258688.717, 140
Trd, 258688.800, 140
Trd, 258689.100, 128
Trd, 258689.300, 139
Trd, 258689.467, 139
Trd, 258689.833, 140
Trd, 258690.067, 130
Trd, 258690.750, 140
Trd, 258690.817, 138
Trd, 258691.150, 140
Trd, 258691.617, 140
Trd, 258692.017, 140
Trd, 258692.233, 140
Trd, 258692.250, 140
Trd, 258692.267, 140
Trd, 258692.417, 139
Trd, 258692.650, 140
Trd, 258693.217, 140
Trd, 258693.383, 140
Trd, 258693.533, 140
Trd, 258693.733, 139
Trd, 258694.033, 139
Trd, 258694.267, 138
Trd, 258694.650, 140
Trd, 258694.767, 140
Trd, 258694.817, 140
Trd, 258694.833, 138
Trd, 258696.133, 140
Trd, 258696.150, 140
Trd, 258696.167, 140
Trd, 258696.433, 140
Trd, 258696.533, 128
Trd, 258696.633, 128
Trd, 258696.700, 139
Trd, 258696.817, 126
Trd, 258697.033, 139
Trd, 258698.100, 140
Trd, 258698.350, 140
Trd, 258698.450, 139
Trd, 258698.683, 139
Trd, 258698.817, 139
Trd, 258698.850, 138
Trd, 258699.150, 125
Trd, 258699.883, 122
Trd, 258699.950, 121
Trd, 258699.967, 119
Trd, 258700.100, 119
Trd, 258700.300, 121
Trd, 258700.367, 110
Trd, 258700.583, 121
Trd, 258700.667, 109
Trd, 258701.133, 114
Trd, 258701.267, 120
Trd, 258701.483, 117
Trd, 258701.600, 116
Trd, 258701.617, 115
Trd, 258701.683, 121
Trd, 258701.700, 122
Trd, 258702.067, 117
Trd, 258702.083, 119
Trd, 258702.200, 120
Trd, 258703.250, 119
Trd, 258703.400, 115
Trd, 258703.700, 100
Trd, 258703.817, 117
Trd, 258703.850, 120
Trd, 258704.267, 92
Trd, 258704.400, 105
Trd, 258704.417, 118
Trd, 258704.533, 105
Trd, 258704.583, 119
Trd, 258705.117, 87
Trd, 258705.167, 114
Trd, 258705.300, 84
Trd, 258705.433, 65
Trd, 258705.533, 118
Trd, 258705.767, 120
Trd, 258706.750, 140
Trd, 258706.800, 140
Trd, 258706.900, 140
Trd, 258707.017, 140
Trd, 258707.067, 139
Trd, 258707.083, 128
Trd, 258707.933, 138
Trd, 258708.300, 140
Trd, 258708.617, 140
Trd, 258708.633, 140
Trd, 258708.967, 140
Trd, 258709.767, 140
Trd, 258709.950, 140
Trd, 258709.967, 139
Trd, 258710.150, 140
Trd, 258710.833, 138
Trd, 258711.283, 120
Trd, 258711.417, 118
Trd, 258711.700, 117
Trd, 258711.850, 112
Trd, 258711.867, 111
Trd, 258711.933, 128
Trd, 258712.017, 103
Trd, 258712.283, 125
Trd, 258712.450, 84
Trd, 258712.667, 84
Trd, 258713.117, 106
Trd, 258713.400, 110
Trd, 258713.450, 111
Trd, 258713.600, 113
Trd, 258713.817, 113
Trd, 258714.133, 109
Trd, 258714.350, 111
Trd, 258715.133, 111
Trd, 258715.250, 110
Trd, 258715.333, 109
Trd, 258715.383, 105
Trd, 258715.683, 110
Trd, 258715.983, 106
Trd, 258716.200, 108
Trd, 258716.217, 111
Trd, 258716.433, 122
Trd, 258716.900, 109
Trd, 258716.983, 108
Trd, 258717.183, 121
Trd, 258717.317, 106
Trd, 258718.033, 105
Trd, 258718.267, 119
Trd, 258718.683, 118
Trd, 258718.883, 120
Trd, 258718.900, 121
Trd, 258719.000, 119
Trd, 258719.017, 123
Trd, 258719.100, 112
Trd, 258719.200, 108
Trd, 258719.367, 106
Trd, 258719.583, 134
Trd, 258719.750, 139
Trd, 258719.883, 124
Trd, 258720.467, 138
Trd, 258721.767, 140
Trd, 258722.300, 140
Trd, 258722.933, 140
Trd, 258723.267, 140
Trd, 258723.417, 140
Trd, 258723.867, 140
Trd, 258723.933, 140
Trd, 258723.967, 140
Trd, 258724.400, 140
Trd, 258724.417, 139
Trd, 258724.783, 140
Trd, 258724.800, 139
Trd, 258725.067, 140
Trd, 258725.150, 139
Trd, 258725.567, 138
Trd, 258726.000, 134
Trd, 258726.033, 137
Trd, 258726.100, 133
Trd, 258726.250, 130
Trd, 258726.317, 135
Trd, 258726.567, 135
Trd, 258726.667, 136
Trd, 258727.267, 137
Trd, 258727.567, 139
Trd, 258728.283, 140
Trd, 258728.533, 140
Trd, 258728.550, 140
Trd, 258728.650, 140
Trd, 258729.150, 140
Trd, 258729.250, 139
Trd, 258730.067, 140
Trd, 258730.267, 140
Trd, 258730.550, 140
Trd, 258730.833, 140
Trd, 258730.900, 140
Trd, 258731.017, 140
Trd, 258731.050, 140
Trd, 258731.333, 139
Trd, 258731.500, 139
Trd, 258731.600, 140
Trd, 258731.850, 140
Trd, 258731.900, 140
Trd, 258732.017, 140
Trd, 258732.650, 140
Trd, 258733.633, 140
Trd, 258733.650, 140
Trd, 258733.900, 140
Trd, 258734.117, 140
Trd, 258734.233, 140
Trd, 258734.250, 139
Trd, 258734.267, 139
Trd, 258734.533, 137
Trd, 258735.183, 137
Trd, 258735.233, 135
Trd, 258735.367, 130
Trd, 258735.517, 136
Trd, 258735.900, 140
Trd, 258736.217, 138
Trd, 258736.900, 140
Trd, 258737.067, 140
Trd, 258737.267, 140
Trd, 258737.333, 137
Trd, 258737.900, 139
Trd, 258738.017, 139
Trd, 258738.083, 139
Trd, 258738.250, 138
Trd, 258738.467, 138
Trd, 258738.550, 132
Trd, 258738.950, 130
Trd, 258739.250, 132
Trd, 258739.633, 132
Trd, 258739.933, 129
Trd, 258739.950, 132
Trd, 258740.067, 134
Trd, 258740.267, 124
Trd, 258740.417, 112
Trd, 258740.500, 101
Trd, 258740.683, 89
Trd, 258741.117, 139
Trd, 258741.517, 135
Trd, 258743.000, 140
Trd, 258743.033, 140
Trd, 258743.200, 140
Trd, 258743.383, 140
Trd, 258743.450, 140
Trd, 258743.533, 140
Trd, 258743.667, 139
Trd, 258743.717, 139
Trd, 258743.783, 139
Trd, 258743.933, 139
Trd, 258743.950, 138
Trd, 258744.283, 139
Trd, 258744.383, 138
Trd, 258744.433, 137
Trd, 258744.650, 138
Trd, 258744.783, 137
Trd, 258744.867, 139
Trd, 258745.250, 134
Trd, 258745.583, 135
Trd, 258745.617, 137
Trd, 258745.833, 135
Trd, 258746.083, 136
Trd, 258746.167, 135
Trd, 258746.400, 138
Trd, 258746.650, 132
Trd, 258746.683, 131
Trd, 258747.067, 130
Trd, 258747.183, 140
Trd, 258747.383, 130
Trd, 258747.700, 140
Trd, 258748.200, 129
Trd, 258748.450, 137
Trd, 258749.067, 136
Trd, 258749.133, 137
Trd, 258749.250, 138
Trd, 258749.267, 131
Trd, 258749.467, 129
Trd, 258749.517, 127
Trd, 258749.933, 140
Trd, 258750.333, 140
Trd, 258750.533, 140
Trd, 258750.683, 139
Trd, 258750.733, 127
Trd, 258750.983, 125
Trd, 258751.433, 139
Trd, 258751.533, 140
Trd, 258752.533, 134
Trd, 258752.700, 134
Trd, 258752.800, 133
Trd, 258753.150, 134
Trd, 258753.250, 134
Trd, 258753.333, 132
Trd, 258753.750, 132
Trd, 258754.250, 100
Trd, 258754.317, 96
Trd, 258754.500, 84
Trd, 258754.750, 119
Trd, 258754.867, 122
Trd, 258754.883, 124
Trd, 258755.183, 79
Trd, 258755.333, 97
Trd, 258755.883, 87
Trd, 258756.267, 85
Trd, 258756.283, 86
Trd, 258756.367, 87
Trd, 258756.450, 109
Trd, 258756.483, 128
Trd, 258756.800, 87
Trd, 258757.067, 98
Trd, 258757.250, 98
Trd, 258757.517, 99
Trd, 258757.833, 98
Trd, 258757.900, 97
Trd, 258759.150, 140
Trd, 258759.250, 137
Trd, 258759.533, 138
Trd, 258759.650, 138
Trd, 258759.900, 138
Trd, 258760.067, 137
Trd, 258760.167, 136
Trd, 258760.333, 137
Trd, 258760.433, 113
Trd, 258760.833, 124
Trd, 258760.933, 113
Trd, 258761.367, 111
Trd, 258761.550, 135
Trd, 258761.567, 136
Trd, 258761.633, 99
Trd, 258761.883, 109
Trd, 258762.000, 93
Trd, 258762.150, 136
Trd, 258762.417, 76
Trd, 258762.617, 77
Trd, 258763.150, 85
Trd, 258763.233, 79
Trd, 258763.300, 78
Trd, 258763.433, 85
Trd, 258763.667, 86
Trd, 258763.717, 105
Trd, 258763.917, 120
Trd, 258763.933, 122
Trd, 258764.117, 134
Trd, 258764.217, 130
Trd, 258765.350, 135
Trd, 258765.483, 134
Trd, 258765.633, 134
Trd, 258766.133, 134
Trd, 258766.267, 133
Trd, 258766.383, 127
Trd, 258766.633, 117
Trd, 258766.700, 133
Trd, 258766.717, 117
Trd, 258767.100, 134
Trd, 258767.283, 119
Trd, 258767.367, 119
Trd, 258767.533, 140
Trd, 258767.617, 117
Trd, 258768.200, 140
Trd, 258769.483, 140
Trd, 258769.500, 140
Trd, 258769.650, 140
Trd, 258769.683, 140
Trd, 258769.883, 140
Trd, 258770.067, 140
Trd, 258770.233, 140
Trd, 258770.267, 140
Trd, 258770.317, 140
Trd, 258770.333, 140
Trd, 258770.400, 140
Trd, 258770.733, 140
Trd, 258772.733, 140
Trd, 258772.917, 140
Trd, 258772.933, 140
Trd, 258773.167, 140
Trd, 258773.633, 140
Trd, 258773.667, 140
Trd, 258773.700, 139
Trd, 258773.817, 139
Trd, 258773.850, 139
Trd, 258773.900, 140
Trd, 258773.917, 136
Trd, 258774.033, 126
Trd, 258774.117, 125
Trd, 258774.700, 139
Trd, 258774.783, 120
Trd, 258775.617, 140
Trd, 258775.733, 140
Trd, 258775.833, 139
Trd, 258775.983, 139
Trd, 258776.167, 127
Trd, 258776.433, 140
Trd, 258776.850, 139
Trd, 258777.233, 134
Trd, 258777.450, 135
Trd, 258777.567, 124
Trd, 258777.683, 140
Trd, 258777.850, 126
Trd, 258778.183, 126
Trd, 258778.467, 124
Trd, 258778.833, 114
Trd, 258779.050, 129
Trd, 258779.400, 113
Trd, 258779.783, 125
Trd, 258780.067, 121
Trd, 258780.217, 116
Trd, 258780.350, 119
Trd, 258780.650, 120
Trd, 258780.700, 116
Trd, 258780.817, 121
Trd, 258780.967, 122
Trd, 258781.167, 119
Trd, 258781.233, 121
Trd, 258781.483, 125
Trd, 258781.533, 118
Trd, 258781.550, 126
Trd, 258781.833, 138
Trd, 258782.233, 130
Trd, 258782.417, 117
Trd, 258783.667, 140
Trd, 258783.967, 140
Trd, 258784.117, 140
Trd, 258784.233, 140
Trd, 258784.250, 140
Trd, 258784.767, 140
Trd, 258785.000, 140
Trd, 258785.700, 140
Trd, 258785.850, 140
Trd, 258785.900, 140
Trd, 258786.050, 140
Trd, 258786.183, 140
Trd, 258786.217, 140
Trd, 258786.400, 139
Trd, 258786.700, 140
Trd, 258786.917, 139
Trd, 258786.983, 128
Trd, 258787.050, 138
Trd, 258787.183, 127
Trd, 258787.483, 133
Trd, 258787.917, 130
Trd, 258788.333, 126
Trd, 258788.450, 127
Trd, 258788.600, 129
Trd, 258788.633, 126
Trd, 258788.667, 120
Trd, 258788.817, 131
Trd, 258789.500, 130
Trd, 258789.583, 129
Trd, 258789.883, 128
Trd, 258789.900, 131
Trd, 258790.300, 140
Trd, 258790.633, 140
Trd, 258791.433, 140
Trd, 258791.500, 140
Trd, 258791.650, 135
Trd, 258791.900, 131
Trd, 258792.050, 121
Trd, 258792.117, 92
Trd, 258792.467, 89
Trd, 258792.483, 129
Trd, 258792.600, 130
Trd, 258792.700, 132
Trd, 258793.017, 98
Trd, 258793.333, 131
Trd, 258793.717, 121
Trd, 258793.817, 128
Trd, 258793.917, 129
Trd, 258794.117, 129
Trd, 258794.283, 129
Trd, 258794.317, 131
Trd, 258794.467, 132
Trd, 258795.917, 140
Trd, 258796.117, 140
Trd, 258796.217, 140
Trd, 258796.317, 140
Trd, 258796.367, 140
Trd, 258796.600, 140
Trd, 258796.967, 140
Trd, 258797.017, 140
Trd, 258797.083, 139
Trd, 258797.367, 140
Trd, 258797.400, 139
Trd, 258797.550, 137
Trd, 258798.033, 137
Trd, 258798.150, 136
Trd, 258798.250, 136
Trd, 258798.417, 135
Trd, 258798.467, 130
Trd, 258798.683, 136
Trd, 258798.767, 137
Trd, 258798.833, 128
Trd, 258798.883, 137
Trd, 258799.833, 116
Trd, 258799.850, 105
Trd, 258799.900, 87
Trd, 258800.000, 130
Trd, 258800.383, 91
Trd, 258800.467, 131
Trd, 258801.050, 124
Trd, 258801.083, 127
Trd, 258801.117, 92
Trd, 258801.133, 90
Trd, 258801.417, 124
Trd, 258801.650, 134
Trd, 258803.367, 139
Trd, 258803.417, 121
Trd, 258803.950, 136
Trd, 258804.067, 126
Trd, 258804.233, 126
Trd, 258804.433, 124
Trd, 258804.767, 123
Trd, 258805.133, 121
Trd, 258805.200, 122
Trd, 258805.300, 121
Trd, 258805.500, 124
Trd, 258805.800, 120
Trd, 258805.817, 119
Trd, 258805.833, 119
Trd, 258805.850, 101
Trd, 258805.900, 125
Trd, 258806.133, 123
Trd, 258806.250, 99
Trd, 258806.283, 125
Trd, 258806.333, 126
Trd, 258806.733, 69
Trd, 258806.850, 70
Trd, 258806.883, 87
Trd, 258807.117, 131
Trd, 258807.183, 133
Trd, 258807.700, 124
Trd, 258808.067, 132
Trd, 258808.117, 126
Trd, 258808.617, 125
Trd, 258808.683, 125
Trd, 258809.167, 139
Trd, 258809.850, 140
Trd, 258810.733, 140
Trd, 258811.617, 140
Trd, 258812.150, 140
Trd, 258812.183, 140
Trd, 258812.350, 140
Trd, 258812.367, 140
Trd, 258812.567, 140
Trd, 258812.583, 140
Trd, 258812.700, 140
Trd, 258812.817, 140
Trd, 258812.833, 140
Trd, 258812.933, 139
Trd, 258813.033, 139
Trd, 258813.050, 139
Trd, 258813.167, 130
Trd, 258813.183, 125
Trd, 258813.300, 139
Trd, 258813.500, 125
Trd, 258813.933, 138
Trd, 258814.083, 135
Trd, 258814.300, 135
Trd, 258814.483, 137
Trd, 258814.850, 137
Trd, 258815.000, 138
Trd, 258815.200, 138
Trd, 258815.933, 140
Trd, 258816.033, 139
Trd, 258816.467, 138
Trd, 258817.150, 140
Trd, 258817.583, 140
Trd, 258817.650, 140
Trd, 258817.800, 140
Trd, 258818.050, 140
Trd, 258818.067, 140
Trd, 258818.250, 139
Trd, 258818.383, 138
Trd, 258818.683, 132
Trd, 258818.733, 124
Trd, 258818.750, 135
Trd, 258818.850, 138
Trd, 258819.267, 130
Trd, 258819.500, 131
Trd, 258819.700, 130
Trd, 258820.183, 138
Trd, 258820.417, 129
Trd, 258820.533, 138
Trd, 258820.550, 139
Trd, 258820.917, 122
Trd, 258821.550, 127
Trd, 258821.633, 133
Trd, 258821.733, 127
Trd, 258822.083, 127
Trd, 258822.100, 126
Trd, 258822.400, 114
Trd, 258823.017, 135
Trd, 258823.433, 134
Trd, 258823.467, 135
Trd, 258824.100, 135
Trd, 258824.117, 136
Trd, 258824.550, 135
Trd, 258824.767, 137
Trd, 258824.917, 136
Trd, 258825.150, 135
Trd, 258825.183, 134
Trd, 258825.333, 118
Trd, 258825.533, 134
Trd, 258825.617, 100
Trd, 258825.817, 123
Trd, 258826.117, 120
Trd, 258826.150, 109
Trd, 258826.350, 122
Trd, 258826.517, 137
Trd, 258826.717, 117
Trd, 258826.917, 117
Trd, 258827.167, 139
Trd, 258827.333, 140
Trd, 258827.350, 140
Trd, 258828.983, 140
Trd, 258829.400, 140
Trd, 258829.500, 140
Trd, 258829.567, 140
Trd, 258829.667, 140
Trd, 258829.950, 139
Trd, 258830.167, 140
Trd, 258830.467, 140
Trd, 258830.783, 122
Trd, 258830.833, 116
Trd, 258830.850, 109
Trd, 258831.000, 104
Trd, 258831.867, 137
Trd, 258832.267, 133
Trd, 258832.467, 126
Trd, 258833.167, 130
Trd, 258833.267, 130
Trd, 258833.450, 131
Trd, 258833.550, 132
Trd, 258833.700, 140
Trd, 258833.867, 132
Trd, 258834.267, 139
Trd, 258834.400, 140
Trd, 258834.533, 139
Trd, 258834.717, 132
Trd, 258835.017, 140
Trd, 258835.517, 135
Trd, 258835.533, 134
Trd, 258835.750, 135
Trd, 258836.017, 135
Trd, 258836.183, 133
Trd, 258836.267, 122
Trd, 258836.483, 119
Trd, 258836.500, 137
Trd, 258836.700, 99
Trd, 258837.267, 139
Trd, 258837.633, 138
Trd, 258838.217, 140
Trd, 258838.550, 140
Trd, 258839.117, 140
Trd, 258839.383, 140
Trd, 258839.667, 140
Trd, 258839.783, 140
Trd, 258839.883, 140
Trd, 258840.100, 139
Trd, 258840.250, 139
Trd, 258840.483, 139
Trd, 258840.733, 140
Trd, 258840.883, 139
Trd, 258840.933, 139
Trd, 258840.950, 140
Trd, 258841.250, 133
Trd, 258841.433, 121
Trd, 258841.600, 120
Trd, 258841.633, 109
Trd, 258841.750, 132
Trd, 258841.983, 140
Trd, 258842.683, 140
Trd, 258842.867, 140
Trd, 258843.017, 140
Trd, 258843.217, 140
Trd, 258843.467, 140
Trd, 258844.000, 140
Trd, 258844.317, 140
Trd, 258844.433, 139
Trd, 258844.667, 139
Trd, 258844.783, 138
Trd, 258844.967, 133
Trd, 258845.333, 124
Trd, 258845.433, 138
Trd, 258845.983, 127
Trd, 258846.850, 140
Trd, 258846.883, 140
Trd, 258847.033, 140
Trd, 258847.150, 140
Trd, 258847.233, 140
Trd, 258847.400, 140
Trd, 258847.417, 139
Trd, 258847.933, 132
Trd, 258847.950, 131
Trd, 258848.250, 132
Trd, 258848.333, 134
Trd, 258848.350, 137
Trd, 258849.383, 115
Trd, 258849.733, 117
Trd, 258849.867, 118
Trd, 258850.133, 118
Trd, 258850.400, 120
Trd, 258850.500, 121
Trd, 258850.583, 123
Trd, 258850.767, 115
Trd, 258850.800, 115
Trd, 258850.883, 114
Trd, 258851.050, 137
Trd, 258851.233, 86
Trd, 258851.250, 77
Trd, 258851.700, 138
Trd, 258851.783, 137
Trd, 258852.200, 127
Trd, 258852.300, 131
Trd, 258852.933, 130
Trd, 258852.983, 131
Trd, 258853.067, 139
Trd, 258853.433, 132
Trd, 258853.650, 132
Trd, 258853.783, 139
Trd, 258854.167, 140
Trd, 258854.550, 139
Trd, 258854.850, 140
Trd, 258855.733, 140
Trd, 258855.800, 140
Trd, 258855.817, 140
Trd, 258855.883, 140
Trd, 258855.967, 140
Trd, 258856.067, 140
Trd, 258856.183, 140
Trd, 258856.567, 140
Trd, 258856.767, 140
Trd, 258857.183, 140
Trd, 258857.800, 132
Trd, 258858.083, 132
Trd, 258858.200, 137
Trd, 258858.250, 131
Trd, 258858.383, 131
Trd, 258858.700, 127
Trd, 258858.833, 128
Trd, 258858.933, 129
Trd, 258858.967, 126
Trd, 258859.017, 131
Trd, 258859.100, 105
Trd, 258859.550, 124
Trd, 258859.783, 124
Trd, 258860.267, 124
Trd, 258860.283, 123
Trd, 258860.717, 126
Trd, 258860.867, 120
Trd, 258861.050, 127
Trd, 258861.383, 119
Trd, 258861.600, 118
Trd, 258861.717, 82
Trd, 258861.917, 82
Trd, 258862.383, 126
Trd, 258862.767, 114
Trd, 258863.000, 125
Trd, 258863.083, 126
Trd, 258863.117, 127
Trd, 258863.283, 114
Trd, 258863.383, 128
Trd, 258863.733, 116
Trd, 258863.900, 124
Trd, 258864.000, 117
Trd, 258864.033, 124
Trd, 258864.233, 125
Trd, 258864.300, 123
Trd, 258864.333, 117
Trd, 258864.667, 117
Trd, 258865.433, 126
Trd, 258865.650, 127
Trd, 258865.867, 128
Trd, 258865.967, 130
Trd, 258866.283, 120
Trd, 258866.350, 121
Trd, 258866.850, 122
Trd, 258867.033, 121
Trd, 258867.067, 120
Trd, 258867.233, 108
Trd, 258868.233, 117
Trd, 258868.333, 118
Trd, 258868.683, 116
Trd, 258868.717, 117
Trd, 258868.800, 118
Trd, 258868.833, 122
Trd, 258868.867, 102
Trd, 258869.300, 100
Trd, 258869.400, 122
Trd, 258869.667, 118
Trd, 258870.033, 122
Trd, 258870.250, 123
Trd, 258870.333, 131
Trd, 258870.683, 140
Trd, 258870.717, 117
Trd, 258871.633, 140
Trd, 258871.667, 140
Trd, 258871.983, 140
Trd, 258872.017, 140
Trd, 258872.517, 140
Trd, 258872.667, 140
Trd, 258873.250, 140
Trd, 258873.717, 140
Trd, 258874.117, 140
Trd, 258874.517, 140
Trd, 258874.567, 140
Trd, 258874.667, 140
Trd, 258874.750, 140
Trd, 258874.833, 140
Trd, 258875.283, 140
Trd, 258875.350, 140
Trd, 258875.483, 140
Trd, 258875.717, 140
Trd, 258875.783, 140
Trd, 258876.167, 140
Trd, 258876.633, 140
Trd, 258877.600, 140
Trd, 258877.700, 140
Trd, 258877.783, 140
Trd, 258877.833, 140
Trd, 258878.583, 140
Trd, 258878.650, 140
Trd, 258878.750, 140
Trd, 258879.033, 140
Trd, 258879.083, 140
Trd, 258879.167, 140
Trd, 258879.267, 140
Trd, 258879.450, 140
Trd, 258879.483, 140
Trd, 258880.117, 140
Trd, 258880.283, 139
Trd, 258880.417, 139
Trd, 258880.767, 140
Trd, 258880.800, 139
Trd, 258881.467, 138
Trd, 258881.567, 138
Trd, 258881.933, 129
Trd, 258882.000, 124
Trd, 258882.317, 128
Trd, 258882.400, 130
Trd, 258882.650, 123
Trd, 258882.717, 122
Trd, 258882.900, 137
Trd, 258883.617, 140
Trd, 258883.783, 139
Trd, 258883.917, 125
Trd, 258884.067, 134
Trd, 258884.267, 123
Trd, 258884.367, 121
Trd, 258884.417, 135
Trd, 258885.067, 115
Trd, 258885.383, 131
Trd, 258885.800, 124
Trd, 258885.900, 125
Trd, 258886.067, 127
Trd, 258886.200, 130
Trd, 258886.283, 124
Trd, 258886.450, 117
Trd, 258886.850, 132
Trd, 258886.967, 125
Trd, 258887.583, 140
Trd, 258888.150, 140
Trd, 258888.517, 140
Trd, 258888.617, 140
Trd, 258888.917, 140
Trd, 258889.050, 140
Trd, 258889.200, 140
Trd, 258889.333, 140
Trd, 258889.367, 139
Trd, 258889.400, 133
Trd, 258889.533, 140
Trd, 258889.550, 124
Trd, 258889.800, 105
Trd, 258890.783, 134
Trd, 258891.517, 126
Trd, 258891.567, 126
Trd, 258891.617, 125
Trd, 258891.650, 127
Trd, 258891.667, 128
Trd, 258891.767, 125
Trd, 258891.867, 124
Trd, 258892.283, 123
Trd, 258892.350, 125
Trd, 258892.600, 125
Trd, 258892.950, 127
Trd, 258893.100, 122
Trd, 258893.283, 127
Trd, 258893.500, 122
Trd, 258893.733, 125
Trd, 258893.767, 122
Trd, 258894.167, 136
Trd, 258894.400, 136
Trd, 258894.583, 127
Trd, 258894.833, 132
Trd, 258895.033, 132
Trd, 258895.217, 133
Trd, 258896.433, 140
Trd, 258896.450, 140
Trd, 258896.783, 140
Trd, 258896.833, 140
Trd, 258896.850, 140
Trd, 258896.883, 139
Trd, 258897.000, 139
Trd, 258897.117, 131
Trd, 258897.783, 135
Trd, 258897.983, 132
Trd, 258898.083, 137
Trd, 258898.183, 129
Trd, 258898.250, 132
Trd, 258898.367, 114
Trd, 258898.950, 132
Trd, 258899.300, 108
Trd, 258900.033, 124
Trd, 258900.117, 108
Trd, 258900.450, 111
Trd, 258900.700, 123
Trd, 258900.733, 113
Trd, 258900.933, 115
Trd, 258901.550, 114
Trd, 258901.583, 114
Trd, 258901.783, 119
Trd, 258901.833, 111
Trd, 258901.933, 110
Trd, 258902.000, 119
Trd, 258902.383, 116
Trd, 258902.433, 117
Trd, 258902.567, 119
Trd, 258902.617, 118
Trd, 258903.250, 118
Trd, 258903.333, 117
Trd, 258903.833, 121
Trd, 258903.967, 136
Trd, 258904.067, 137
Trd, 258904.250, 119
Trd, 258904.833, 140
Trd, 258905.633, 140
Trd, 258906.033, 140
Trd, 258907.050, 140
Trd, 258907.967, 140
Trd, 258907.983, 140
Trd, 258908.050, 140
Trd, 258908.067, 140
Trd, 258908.183, 140
Trd, 258908.233, 140
Trd, 258908.367, 139
Trd, 258908.433, 140
Trd, 258908.500, 139
Trd, 258908.550, 139
Trd, 258908.600, 138
Trd, 258908.883, 137
Trd, 258909.283, 134
Trd, 258909.467, 140
Trd, 258909.483, 133
Trd, 258909.517, 132
Trd, 258909.767, 134
Trd, 258910.000, 135
Trd, 258910.533, 134
Trd, 258911.150, 132
Trd, 258911.467, 132
Trd, 258911.517, 131
Trd, 258911.783, 132
Trd, 258911.983, 131
Trd, 258912.217, 120
Trd, 258912.433, 124
Trd, 258912.717, 119
Trd, 258912.800, 127
Trd, 258912.817, 128
Trd, 258912.833, 138
Trd, 258913.400, 140
Trd, 258913.517, 140
Trd, 258914.000, 140
Trd, 258914.083, 140
Trd, 258914.233, 140
Trd, 258914.417, 139
Trd, 258914.783, 140
Trd, 258914.800, 140
Trd, 258914.833, 140
Trd, 258915.183, 140
Trd, 258915.433, 140
Trd, 258915.733, 139
Trd, 258916.150, 131
Trd, 258916.267, 130
Trd, 258916.450, 137
Trd, 258916.783, 127
Trd, 258916.900, 126
Trd, 258916.933, 135
Trd, 258917.283, 125
Trd, 258917.500, 132
Trd, 258917.717, 124
Trd, 258918.017, 132
Trd, 258918.033, 133
Trd, 258918.400, 93
Trd, 258918.417, 131
Trd, 258918.783, 84
Trd, 258919.400, 129
Trd, 258919.633, 97
Trd, 258919.700, 128
Trd, 258919.767, 96
Trd, 258920.317, 108
Trd, 258920.467, 108
Trd, 258920.667, 107
Trd, 258921.033, 104
Trd, 258921.133, 105
Trd, 258921.767, 103
Trd, 258921.883, 102
Trd, 258921.917, 107
Trd, 258922.017, 131
Trd, 258922.567, 121
Trd, 258922.783, 140
Trd, 258922.950, 140
Trd, 258923.267, 140
Trd, 258923.417, 139
Trd, 258923.550, 139
Trd, 258924.083, 140
Trd, 258924.117, 140
Trd, 258924.383, 140
Trd, 258924.517, 140
Trd, 258924.717, 140
Trd, 258924.767, 140
Trd, 258925.233, 140
Trd, 258925.283, 140
Trd, 258925.300, 140
Trd, 258925.400, 140
Trd, 258925.467, 140
Trd, 258925.733, 140
Trd, 258926.517, 140
Trd, 258926.800, 128
Trd, 258926.950, 106
Trd, 258927.450, 140
Trd, 258927.617, 140
Trd, 258928.450, 126
Trd, 258928.583, 133
Trd, 258928.817, 118
Trd, 258928.967, 131
Trd, 258929.100, 132
Trd, 258929.883, 129
Trd, 258929.933, 130
Trd, 258930.133, 131
Trd, 258930.367, 129
Trd, 258930.417, 128
Trd, 258930.617, 129
Trd, 258930.700, 128
Trd, 258930.817, 126
Trd, 258931.133, 130
Trd, 258931.200, 124
Trd, 258931.383, 124
Trd, 258931.417, 132
Trd, 258931.750, 124
Trd, 258931.917, 123
Trd, 258932.117, 139
Trd, 258932.283, 127
Trd, 258932.300, 140
Trd, 258932.767, 105
Trd, 258933.217, 84
Trd, 258933.667, 140
Trd, 258934.633, 140
Trd, 258934.700, 140
Trd, 258934.783, 140
Trd, 258934.800, 140
Trd, 258934.833, 140
Trd, 258934.950, 140
Trd, 258935.083, 139
Trd, 258935.283, 140
Trd, 258935.367, 139
Trd, 258935.433, 139
Trd, 258935.683, 140
Trd, 258936.650, 118
Trd, 258936.683, 116
Trd, 258936.783, 131
Trd, 258937.133, 116
Trd, 258937.150, 130
Trd, 258937.517, 115
Trd, 258937.850, 116
Trd, 258938.000, 115
Trd, 258938.483, 113
Trd, 258938.667, 108
Trd, 258938.750, 130
Trd, 258939.117, 130
Trd, 258939.267, 129
Trd, 258939.333, 128
Trd, 258939.567, 110
Trd, 258939.783, 119
Trd, 258939.800, 107
Trd, 258939.850, 124
Trd, 258940.067, 91
Trd, 258940.183, 127
Trd, 258940.450, 119
Trd, 258940.667, 132
Trd, 258941.350, 140
Trd, 258941.567, 140
Trd, 258941.967, 140
Trd, 258942.217, 140
Trd, 258942.767, 138
Trd, 258942.867, 139
Trd, 258942.950, 139
Trd, 258943.217, 136
Trd, 258943.500, 136
Trd, 258943.550, 137
Trd, 258943.683, 140
Trd, 258944.217, 139
Trd, 258944.383, 140
Trd, 258944.517, 139
Trd, 258944.583, 122
Trd, 258944.750, 139
Trd, 258945.133, 121
Trd, 258945.417, 138
Trd, 258945.767, 127
Trd, 258946.250, 122
Trd, 258946.300, 133
Trd, 258946.383, 134
Trd, 258946.950, 122
Trd, 258947.150, 132
Trd, 258947.417, 128
Trd, 258947.467, 123
Trd, 258947.517, 122
Trd, 258947.817, 127
Trd, 258947.867, 126
Trd, 258948.067, 124
Trd, 258948.183, 125
Trd, 258948.417, 123
Trd, 258948.500, 121
Trd, 258948.650, 126
Trd, 258948.983, 123
Trd, 258949.200, 117
Trd, 258949.250, 124
Trd, 258949.267, 128
Trd, 258949.333, 111
Trd, 258950.050, 124
Trd, 258950.067, 131
Trd, 258950.117, 131
Trd, 258950.350, 123
Trd, 258950.567, 122
Trd, 258950.800, 128
Trd, 258951.650, 130
Trd, 258952.367, 140
Trd, 258952.533, 139
Trd, 258952.867, 133
Trd, 258953.017, 140
Trd, 258953.250, 140
Trd, 258953.317, 140
Trd, 258953.500, 140
Trd, 258953.533, 140
Trd, 258953.583, 139
Trd, 258953.600, 139
Trd, 258954.083, 135
Trd, 258954.367, 138
Trd, 258954.650, 135
Trd, 258954.783, 135
Trd, 258954.883, 136
Trd, 258954.933, 134
Trd, 258955.217, 123
Trd, 258955.533, 137
Trd, 258955.750, 137
Trd, 258956.133, 136
Trd, 258957.200, 140
Trd, 258957.467, 140
Trd, 258957.700, 140
Trd, 258958.050, 140
Trd, 258958.117, 140
Trd, 258958.517, 140
Trd, 258958.650, 140
Trd, 258958.917, 140
Trd, 258958.950, 140
Trd, 258959.000, 140
Trd, 258959.300, 140
Trd, 258959.333, 140
Trd, 258959.600, 140
Trd, 258959.750, 139
Trd, 258960.417, 140
Trd, 258960.433, 139
Trd, 258960.533, 139
Trd, 258960.833, 139
Trd, 258960.917, 140
Trd, 258961.000, 139
Trd, 258961.267, 103
Trd, 258961.550, 120
Trd, 258961.817, 122
Trd, 258962.017, 132
Trd, 258962.050, 133
Trd, 258962.583, 130
Trd, 258962.833, 131
Trd, 258962.883, 129
Trd, 258963.017, 122
Trd, 258963.133, 133
Trd, 258963.183, 122
Trd, 258963.517, 123
Trd, 258963.533, 122
Trd, 258963.617, 134
Trd, 258963.817, 136
Trd, 258965.017, 112
Trd, 258965.300, 125
Trd, 258965.733, 111
Trd, 258966.283, 122
Trd, 258966.817, 114
Trd, 258966.967, 122
Trd, 258967.033, 122
Trd, 258967.267, 123
Trd, 258967.400, 129
Trd, 258967.600, 130
Trd, 258967.717, 117
Trd, 258967.850, 125
Trd, 258968.067, 119
Trd, 258968.083, 118
Trd, 258968.267, 133
Trd, 258968.317, 121
Trd, 258968.383, 120
Trd, 258968.500, 118
Trd, 258968.850, 137
Trd, 258969.050, 139
Trd, 258969.250, 140
Trd, 258970.017, 139
Trd, 258970.600, 139
Trd, 258970.700, 137
Trd, 258970.817, 136
Trd, 258970.833, 124
Trd, 258971.100, 136
Trd, 258971.150, 113
Trd, 258971.233, 112
Trd, 258971.317, 138
Trd, 258971.683, 113
Trd, 258971.817, 114
Trd, 258972.133, 130
Trd, 258972.233, 128
Trd, 258972.467, 131
Trd, 258973.017, 129
Trd, 258973.133, 130
Trd, 258973.167, 131
Trd, 258973.217, 117
Trd, 258973.267, 116
Trd, 258973.383, 121
Trd, 258973.567, 131
Trd, 258973.817, 132
Trd, 258974.367, 133
Trd, 258974.433, 131
Trd, 258974.683, 126
Trd, 258974.967, 117
Trd, 258975.667, 140
Trd, 258976.933, 140
Trd, 258976.967, 140
Trd, 258977.133, 140
Trd, 258977.150, 139
Trd, 258977.450, 137
Trd, 258977.533, 137
Trd, 258977.550, 138
Trd, 258977.950, 136
Trd, 258978.100, 129
Trd, 258978.450, 135
Trd, 258978.483, 137
Trd, 258979.300, 134
Trd, 258979.733, 133
Trd, 258980.050, 127
Trd, 258980.200, 129
Trd, 258980.350, 128
Trd, 258980.517, 128
Trd, 258981.067, 130
Trd, 258981.133, 124
Trd, 258981.217, 131
Trd, 258981.383, 123
Trd, 258981.667, 130
Trd, 258981.683, 133
Trd, 258981.917, 140
Trd, 258982.067, 136
Trd, 258982.100, 126
Trd, 258983.050, 140
Trd, 258983.200, 140
Trd, 258983.233, 140
Trd, 258983.617, 126
Trd, 258984.383, 140
Trd, 258984.700, 140
Trd, 258984.783, 140
Trd, 258984.933, 140
Trd, 258985.017, 140
Trd, 258985.100, 140
Trd, 258985.367, 140
Trd, 258985.500, 140
Trd, 258985.750, 140
Trd, 258986.333, 140
Trd, 258986.383, 139
Trd, 258986.550, 121
Trd, 258986.600, 140
Trd, 258987.000, 140
Trd, 258987.533, 137
Trd, 258987.600, 136
Trd, 258987.717, 135
Trd, 258988.033, 137
Trd, 258988.050, 135
Trd, 258988.233, 134
Trd, 258988.533, 104
Trd, 258988.783, 137
Trd, 258988.950, 138
Trd, 258989.050, 131
Trd, 258989.117, 140
Trd, 258989.150, 100
Trd, 258989.533, 139
Trd, 258990.733, 140
Trd, 258990.783, 140
Trd, 258991.067, 140
Trd, 258991.883, 140
Trd, 258992.233, 140
Trd, 258992.350, 140
Trd, 258992.383, 140
Trd, 258992.433, 139
Trd, 258992.517, 140
Trd, 258992.533, 140
Trd, 258992.917, 140
Trd, 258993.033, 139
Trd, 258993.050, 139
Trd, 258993.150, 140
Trd, 258993.633, 138
Trd, 258993.783, 128
Trd, 258994.000, 139
Trd, 258994.417, 138
Trd, 258994.483, 137
Trd, 258995.350, 140
Trd, 258995.500, 140
Trd, 258995.633, 140
Trd, 258995.783, 140
Trd, 258995.817, 132
Trd, 258995.900, 131
Trd, 258996.433, 139
Trd, 258996.550, 125
Trd, 258996.917, 139
Trd, 258997.283, 138
Trd, 258997.350, 139
Trd, 258997.483, 138
Trd, 258998.183, 139
Trd, 258998.400, 138
Trd, 258998.600, 138
Trd, 258998.917, 140
Trd, 258999.400, 140
Trd, 258999.900, 140
Trd, 258999.917, 140
Trd, 259000.050, 139
Trd, 259001.417, 140
Trd, 259001.483, 140
Trd, 259001.667, 140
Trd, 259001.950, 140
Trd, 259002.000, 140
Trd, 259002.050, 140
Trd, 259002.367, 140
Trd, 259002.383, 140
Trd, 259002.433, 139
Trd, 259002.583, 140
Trd, 259002.783, 139
Trd, 259002.850, 130
Trd, 259002.867, 115
Trd, 259003.517, 138
Trd, 259004.083, 116
Trd, 259004.150, 113
Trd, 259004.217, 112
Trd, 259004.250, 121
Trd, 259004.367, 103
Trd, 259004.550, 105
Trd, 259004.650, 133
Trd, 259004.717, 135
Trd, 259004.783, 137
Trd, 259004.967, 135
Trd, 259005.567, 137
Trd, 259005.583, 132
Trd, 259005.617, 131
Trd, 259005.750, 138
Trd, 259006.700, 140
Trd, 259007.200, 139
Trd, 259007.583, 140
Trd, 259007.667, 140
Trd, 259008.083, 140
Trd, 259008.233, 140
Trd, 259008.250, 140
Trd, 259008.300, 139
Trd, 259008.400, 140
Trd, 259008.800, 139
Trd, 259008.983, 139
Trd, 259009.067, 111
Trd, 259009.283, 108
Trd, 259009.883, 116
Trd, 259009.900, 113
Trd, 259009.917, 112
Trd, 259010.033, 111
Trd, 259010.150, 130
Trd, 259010.283, 133
Trd, 259010.900, 117
Trd, 259011.150, 116
Trd, 259011.483, 117
Trd, 259011.517, 133
Trd, 259011.617, 118
Trd, 259011.717, 135
Trd, 259011.850, 117
Trd, 259012.167, 140
Trd, 259012.250, 140
Trd, 259012.350, 140
Trd, 259012.467, 140
Trd, 259013.367, 138
Trd, 259013.467, 137
Trd, 259013.483, 137
Trd, 259013.600, 140
Trd, 259014.317, 140
Trd, 259014.867, 140
Trd, 259014.967, 140
Trd, 259015.983, 140
Trd, 259017.717, 140
Trd, 259017.933, 140
Trd, 259018.100, 140
Trd, 259018.183, 140
Trd, 259018.217, 140
Trd, 259018.350, 140
Trd, 259018.367, 140
Trd, 259018.383, 140
Trd, 259018.567, 140
Trd, 259018.750, 140
Trd, 259018.917, 140
Trd, 259018.967, 139
Trd, 259019.100, 140
Trd, 259019.167, 139
Trd, 259019.267, 139
Trd, 259019.650, 140
Trd, 259020.417, 140
Trd, 259021.033, 140
Trd, 259021.167, 140
Trd, 259021.383, 140
Trd, 259021.567, 140
Trd, 259021.883, 140
Trd, 259022.017, 140
Trd, 259022.117, 139
Trd, 259022.483, 109
Trd, 259022.800, 115
Trd, 259022.867, 138
Trd, 259023.567, 137
Trd, 259023.617, 130
Trd, 259023.683, 126
Trd, 259023.717, 139
Trd, 259024.267, 140
Trd, 259025.583, 140
Trd, 259025.600, 140
Trd, 259025.917, 140
Trd, 259025.983, 140
Trd, 259026.367, 140
Trd, 259026.383, 140
Trd, 259026.517, 140
Trd, 259026.717, 139
Trd, 259027.017, 137
Trd, 259027.517, 137
Trd, 259027.617, 136
Trd, 259027.683, 127
Trd, 259028.317, 118
Trd, 259028.433, 118
Trd, 259028.467, 117
Trd, 259028.500, 109
Trd, 259028.583, 104
Trd, 259029.250, 120
Trd, 259029.683, 118
Trd, 259030.033, 116
Trd, 259030.283, 113
Trd, 259030.317, 113
Trd, 259030.333, 112
Trd, 259030.467, 117
Trd, 259030.483, 118
Trd, 259031.050, 119
Trd, 259031.067, 121
Trd, 259031.183, 140
Trd, 259031.400, 140
Trd, 259032.167, 140
Trd, 259032.200, 140
Trd, 259033.783, 140
Trd, 259034.217, 140
Trd, 259034.267, 140
Trd, 259034.450, 140
Trd, 259034.567, 140
Trd, 259034.583, 140
Trd, 259034.683, 140
Trd, 259034.800, 140
Trd, 259034.833, 140
Trd, 259035.017, 140
Trd, 259035.150, 140
Trd, 259035.283, 140
Trd, 259035.517, 128
Trd, 259035.983, 129
Trd, 259036.133, 126
Trd, 259036.150, 126
Trd, 259036.183, 126
Trd, 259036.200, 127
Trd, 259036.333, 129
Trd, 259036.633, 129
Trd, 259036.650, 130
Trd, 259036.983, 135
Trd, 259037.100, 114
Trd, 259037.550, 97
Trd, 259038.200, 140
Trd, 259038.400, 140
Trd, 259038.683, 140
Trd, 259038.783, 140
Trd, 259038.833, 140
Trd, 259039.133, 140
Trd, 259039.167, 140
Trd, 259039.783, 140
Trd, 259039.917, 140
Trd, 259040.017, 140
Trd, 259040.400, 140
Trd, 259040.483, 139
Trd, 259040.500, 128
Trd, 259040.600, 129
Trd, 259040.917, 124
Trd, 259041.267, 115
Trd, 259041.300, 114
Trd, 259042.033, 140
Trd, 259042.267, 140
Trd, 259042.800, 140
Trd, 259042.917, 140
Trd, 259043.100, 140
Trd, 259043.300, 140
Trd, 259043.583, 140
Trd, 259043.783, 137
Trd, 259043.950, 139
Trd, 259044.050, 136
Trd, 259044.133, 135
Trd, 259044.500, 138
Trd, 259045.300, 129
Trd, 259045.350, 123
Trd, 259045.367, 119
Trd, 259045.383, 118
Trd, 259045.400, 131
Trd, 259046.250, 128
Trd, 259046.267, 127
Trd, 259046.750, 124
Trd, 259047.217, 128
Trd, 259047.717, 125
Trd, 259047.733, 116
Trd, 259047.750, 113
Trd, 259048.033, 122
Trd, 259048.050, 103
Trd, 259048.150, 122
Trd, 259048.517, 104
Trd, 259048.633, 112
Trd, 259048.700, 120
Trd, 259049.383, 117
Trd, 259049.600, 118
Trd, 259049.917, 119
Trd, 259049.933, 120
Trd, 259050.017, 114
Trd, 259050.233, 126
Trd, 259050.250, 116
Trd, 259050.267, 130
Trd, 259050.617, 113
Trd, 259050.833, 131
Trd, 259051.200, 131
Trd, 259051.533, 114
Trd, 259051.667, 136
Trd, 259052.350, 116
Trd, 259053.033, 135
Trd, 259053.200, 140
Trd, 259053.917, 140
Trd, 259054.067, 140
Trd, 259054.350, 139
Trd, 259054.567, 137
Trd, 259054.767, 140
Trd, 259055.383, 140
Trd, 259055.417, 140
Trd, 259055.600, 140
Trd, 259056.550, 140
Trd, 259056.617, 140
Trd, 259056.900, 140
Trd, 259056.917, 140
Trd, 259056.967, 140
Trd, 259057.033, 139
Trd, 259057.317, 125
Trd, 259057.767, 130
Trd, 259057.933, 128
Trd, 259058.000, 127
Trd, 259058.117, 128
Trd, 259058.200, 128
Trd, 259058.300, 124
Trd, 259058.400, 92
Trd, 259058.533, 91
Trd, 259058.567, 90
Trd, 259058.833, 121
Trd, 259059.150, 122
Trd, 259059.267, 121
Trd, 259059.400, 122
Trd, 259059.517, 123
Trd, 259059.817, 122
Trd, 259060.167, 107
Trd, 259060.267, 105
Trd, 259060.867, 116
Trd, 259060.917, 109
Trd, 259060.983, 108
Trd, 259061.200, 110
Trd, 259061.400, 110
Trd, 259061.950, 113
Trd, 259062.200, 114
Trd, 259062.317, 112
Trd, 259062.433, 114
Trd, 259062.617, 111
Trd, 259062.750, 107
Trd, 259063.000, 104
Trd, 259063.333, 113
Trd, 259063.750, 107
Trd, 259063.883, 108
Trd, 259064.117, 106
Trd, 259064.350, 106
Trd, 259064.383, 107
Trd, 259064.550, 113
Trd, 259064.600, 110
Trd, 259065.150, 70
Trd, 259065.633, 109
Trd, 259065.850, 111
Trd, 259065.983, 112
Trd, 259066.067, 108
Trd, 259066.300, 99
Trd, 259066.367, 69
Trd, 259067.150, 127
Trd, 259067.300, 111
Trd, 259067.850, 137
Trd, 259067.883, 93
Trd, 259068.733, 140
Trd, 259068.833, 140
Trd, 259068.917, 140
Trd, 259068.950, 139
Trd, 259069.633, 140
Trd, 259070.417, 140
Trd, 259070.517, 140
Trd, 259070.750, 140
Trd, 259070.817, 139
Trd, 259070.867, 139
Trd, 259071.167, 137
Trd, 259071.367, 137
Trd, 259071.533, 136
Trd, 259072.333, 134
Trd, 259072.483, 133
Trd, 259072.500, 135
Trd, 259072.783, 136
Trd, 259072.850, 129
Trd, 259073.217, 131
Trd, 259073.350, 131
Trd, 259073.383, 131
Trd, 259073.683, 130
Trd, 259073.983, 129
Trd, 259074.133, 131
Trd, 259074.500, 132
Trd, 259074.633, 135
Trd, 259074.883, 131
Trd, 259075.200, 130
Trd, 259076.267, 140
Trd, 259076.717, 140
Trd, 259076.800, 140
Trd, 259076.850, 140
Trd, 259077.100, 140
Trd, 259077.483, 140
Trd, 259077.500, 140
Trd, 259077.867, 140
Trd, 259077.883, 140
Trd, 259078.067, 139
Trd, 259078.117, 140
Trd, 259078.250, 139
Trd, 259078.600, 139
Trd, 259078.900, 140
Trd, 259078.933, 140
Trd, 259078.983, 139
Trd, 259079.817, 140
Trd, 259080.183, 140
Trd, 259080.250, 140
Trd, 259080.350, 140
Trd, 259080.483, 130
Trd, 259081.217, 134
Trd, 259081.367, 137
Trd, 259081.717, 134
Trd, 259081.800, 134
Trd, 259081.983, 133
Trd, 259082.033, 132
Trd, 259082.300, 131
Trd, 259082.517, 136
Trd, 259083.200, 131
Trd, 259083.317, 130
Trd, 259083.467, 132
Trd, 259083.650, 134
Trd, 259083.750, 134
Trd, 259083.867, 132
Trd, 259084.200, 135
Trd, 259084.850, 129
Trd, 259084.967, 128
Trd, 259085.333, 130
Trd, 259085.433, 129
Trd, 259085.533, 133
Trd, 259085.683, 128
Trd, 259085.767, 129
Trd, 259086.067, 128
Trd, 259086.500, 116
Trd, 259086.733, 116
Trd, 259086.750, 125
Trd, 259087.017, 125
Trd, 259087.033, 118
Trd, 259087.117, 126
Trd, 259087.350, 126
Trd, 259087.483, 117
Trd, 259087.517, 115
Trd, 259087.617, 108
Trd, 259087.650, 127
Trd, 259088.267, 95
Trd, 259088.967, 140
Trd, 259089.150, 140
Trd, 259089.233, 139
Trd, 259089.250, 139
Trd, 259089.417, 139
Trd, 259090.083, 133
Trd, 259090.317, 135
Trd, 259090.500, 136
Trd, 259090.667, 136
Trd, 259090.700, 135
Trd, 259091.250, 137
Trd, 259091.950, 137
Trd, 259091.967, 136
Trd, 259092.067, 136
Trd, 259092.950, 140
Trd, 259093.367, 136
Trd, 259093.733, 135
Trd, 259093.783, 134
Trd, 259093.900, 136
Trd, 259094.000, 135
Trd, 259094.067, 132
Trd, 259094.383, 133
Trd, 259094.800, 132
Trd, 259094.917, 128
Trd, 259095.083, 125
Trd, 259095.267, 124
Trd, 259095.417, 104
Trd, 259095.550, 125
Trd, 259095.733, 122
Trd, 259096.133, 122
Trd, 259096.383, 122
Trd, 259096.500, 122
Trd, 259096.617, 123
Trd, 259096.850, 121
Trd, 259097.067, 121
Trd, 259097.283, 120
Trd, 259097.333, 116
Trd, 259097.417, 115
Trd, 259097.450, 111
Trd, 259097.717, 102
Trd, 259097.967, 132
Trd, 259098.300, 87
Trd, 259098.717, 89
Trd, 259099.833, 140
Trd, 259099.883, 140
Trd, 259100.083, 140
Trd, 259100.150, 140
Trd, 259100.600, 140
Trd, 259100.650, 140
Trd, 259100.767, 139
Trd, 259100.817, 139
Trd, 259100.917, 140
Trd, 259101.417, 140
Trd, 259101.567, 140
Trd, 259101.583, 139
Trd, 259102.017, 138
Trd, 259102.300, 138
Trd, 259102.600, 138
Trd, 259102.650, 137
Trd, 259102.667, 130
Trd, 259102.750, 127
Trd, 259103.100, 139
Trd, 259103.400, 140
Trd, 259103.500, 137
Trd, 259103.917, 140
Trd, 259104.017, 139
Trd, 259104.117, 123
Trd, 259104.233, 123
Trd, 259104.433, 137
Trd, 259104.633, 138
Trd, 259104.950, 136
Trd, 259105.167, 135
Trd, 259105.250, 136
Trd, 259105.417, 134
Trd, 259105.550, 137
Trd, 259105.800, 135
Trd, 259105.850, 134
Trd, 259105.950, 136
Trd, 259107.167, 140
Trd, 259107.383, 140
Trd, 259107.500, 139
Trd, 259107.883, 127
Trd, 259108.200, 130
Trd, 259108.467, 130
Trd, 259108.500, 125
Trd, 259108.650, 124
Trd, 259108.683, 119
Trd, 259108.933, 130
Trd, 259109.033, 120
Trd, 259109.200, 129
Trd, 259109.233, 120
Trd, 259109.267, 130
Trd, 259109.433, 119
Trd, 259110.067, 127
Trd, 259110.217, 118
Trd, 259110.433, 126
Trd, 259110.617, 124
Trd, 259111.367, 105
Trd, 259111.833, 118
Trd, 259112.067, 108
Trd, 259112.267, 108
Trd, 259112.567, 115
Trd, 259112.750, 108
Trd, 259112.783, 115
Trd, 259113.167, 135
Trd, 259113.383, 119
Trd, 259113.583, 118
Trd, 259113.700, 117
Trd, 259114.267, 120
Trd, 259114.683, 121
Trd, 259114.967, 121
Trd, 259114.983, 119
Trd, 259115.100, 119
Trd, 259115.200, 113
Trd, 259115.233, 121
Trd, 259115.400, 100
Trd, 259115.533, 122
Trd, 259115.783, 122
Trd, 259115.817, 124
Trd, 259115.917, 127
Trd, 259116.583, 137
Trd, 259116.600, 107
Trd, 259117.217, 140
Trd, 259117.350, 121
Trd, 259118.517, 140
Trd, 259118.867, 140
Trd, 259119.267, 140
Trd, 259119.317, 140
Trd, 259119.400, 140
Trd, 259119.417, 140
Trd, 259119.800, 140
Trd, 259120.017, 140
Trd, 259120.217, 140
Trd, 259120.367, 139
Trd, 259120.567, 139
Trd, 259120.883, 137
Trd, 259121.000, 136
Trd, 259121.050, 107
Trd, 259121.333, 106
Trd, 259121.400, 128
Trd, 259121.517, 94
Trd, 259121.533, 91
Trd, 259122.283, 88
Trd, 259122.333, 87
Trd, 259122.400, 128
Trd, 259122.917, 122
Trd, 259123.050, 83
Trd, 259123.150, 124
Trd, 259123.533, 126
Trd, 259124.117, 125
Trd, 259124.467, 118
Trd, 259124.733, 120
Trd, 259124.767, 125
Trd, 259125.617, 140
Trd, 259125.833, 140
Trd, 259126.183, 140
Trd, 259126.300, 140
Trd, 259126.967, 140
Trd, 259126.983, 140
Trd, 259127.650, 140
Trd, 259128.150, 140
Trd, 259128.167, 140
Trd, 259128.217, 140
Trd, 259128.317, 139
Trd, 259128.350, 139
Trd, 259128.417, 138
Trd, 259128.700, 137
Trd, 259128.883, 134
Trd, 259128.917, 125
Trd, 259128.933, 136
Trd, 259129.300, 129
Trd, 259129.483, 126
Trd, 259129.500, 124
Trd, 259129.617, 123
Trd, 259129.667, 130
Trd, 259129.700, 103
Trd, 259129.783, 131
Trd, 259129.933, 95
Trd, 259130.117, 94
Trd, 259130.217, 100
Trd, 259130.933, 99
Trd, 259131.150, 100
Trd, 259131.517, 113
Trd, 259131.667, 92
Trd, 259131.717, 91
Trd, 259131.733, 112
Trd, 259131.950, 113
Trd, 259131.967, 119
Trd, 259132.067, 123
Trd, 259132.217, 87
Trd, 259132.233, 86
Trd, 259132.383, 121
Trd, 259132.450, 95
Trd, 259132.650, 77
Trd, 259132.867, 86
Trd, 259132.983, 78
Trd, 259133.000, 122
Trd, 259133.850, 123
Trd, 259134.283, 114
Trd, 259134.600, 116
Trd, 259135.250, 116
Trd, 259135.617, 116
Trd, 259135.733, 116
Trd, 259136.017, 119
Trd, 259136.050, 118
Trd, 259136.967, 140
Trd, 259137.067, 140
Trd, 259137.233, 140
Trd, 259138.150, 140
Trd, 259138.200, 140
Trd, 259138.600, 140
Trd, 259138.667, 140
Trd, 259139.117, 140
Trd, 259139.433, 140
Trd, 259139.500, 140
Trd, 259139.600, 140
Trd, 259139.800, 140
Trd, 259139.850, 140
Trd, 259139.967, 140
Trd, 259140.133, 140
Trd, 259140.317, 139
Trd, 259140.367, 140
Trd, 259140.467, 139
Trd, 259140.783, 139
Trd, 259140.833, 138
Trd, 259141.117, 138
Trd, 259141.233, 137
Trd, 259141.500, 98
Trd, 259141.800, 134
Trd, 259142.033, 98
Trd, 259142.333, 99
Trd, 259142.433, 133
Trd, 259143.083, 134
Trd, 259143.167, 122
Trd, 259143.900, 140
Trd, 259144.200, 140
Trd, 259144.583, 140
Trd, 259144.750, 140
Trd, 259144.833, 140
Trd, 259144.883, 138
Trd, 259145.417, 139
Trd, 259145.500, 138
Trd, 259145.550, 139
Trd, 259145.667, 138
Trd, 259145.983, 133
Trd, 259146.067, 129
Trd, 259146.333, 129
Trd, 259146.467, 133
Trd, 259146.650, 133
Trd, 259146.850, 129
Trd, 259147.183, 132
Trd, 259147.333, 128
Trd, 259147.400, 133
Trd, 259147.617, 91
Trd, 259147.683, 86
Trd, 259148.067, 97
Trd, 259148.167, 140
Trd, 259148.800, 120
Trd, 259149.800, 132
Trd, 259149.833, 133
Trd, 259150.383, 122
Trd, 259150.617, 119
Trd, 259150.783, 133
Trd, 259150.850, 116
Trd, 259151.000, 134
Trd, 259151.250, 119
Trd, 259151.333, 120
Trd, 259151.417, 132
Trd, 259151.483, 132
Trd, 259151.550, 135
Trd, 259152.617, 136
Trd, 259152.633, 135
Trd, 259152.683, 135
Trd, 259152.783, 134
Trd, 259152.917, 125
Trd, 259153.033, 124
Trd, 259153.233, 121
Trd, 259153.717, 129
Trd, 259153.817, 121
Trd, 259153.900, 130
Trd, 259154.217, 121
Trd, 259154.300, 129
Trd, 259154.350, 130
Trd, 259154.550, 120
Trd, 259155.083, 140
Trd, 259155.200, 140
Trd, 259155.817, 140
Trd, 259155.983, 140
Trd, 259156.350, 140
Trd, 259156.417, 140
Trd, 259157.200, 139
Trd, 259157.383, 138
Trd, 259157.500, 139
Trd, 259157.933, 139
Trd, 259158.400, 140
Trd, 259158.433, 140
Trd, 259158.883, 140
Trd, 259159.600, 140
Trd, 259159.883, 140
Trd, 259159.983, 139
Trd, 259160.217, 136
Trd, 259160.300, 129
Trd, 259160.600, 132
Trd, 259160.633, 130
Trd, 259160.767, 132
Trd, 259161.167, 132
Trd, 259161.300, 131
Trd, 259161.367, 130
Trd, 259161.883, 131
Trd, 259162.067, 124
Trd, 259162.233, 117
Trd, 259162.400, 118
Trd, 259162.667, 126
Trd, 259162.750, 118
Trd, 259162.767, 125
Trd, 259163.217, 116
Trd, 259163.483, 122
Trd, 259163.817, 113
Trd, 259163.900, 97
Trd, 259164.150, 119
Trd, 259164.467, 121
Trd, 259164.600, 124
Trd, 259164.800, 100
Trd, 259165.117, 138
Trd, 259165.417, 116
Trd, 259165.450, 117
Trd, 259165.467, 118
Trd, 259165.600, 119
Trd, 259165.833, 119
Trd, 259166.250, 134
Trd, 259166.283, 118
Trd, 259166.350, 135
Trd, 259167.267, 129
Trd, 259167.883, 127
Trd, 259167.917, 127
Trd, 259168.117, 128
Trd, 259168.167, 127
Trd, 259168.183, 126
Trd, 259168.867, 127
Trd, 259169.000, 121
Trd, 259169.033, 128
Trd, 259169.483, 135
Trd, 259170.133, 127
Trd, 259170.583, 128
Trd, 259170.683, 127
Trd, 259170.717, 125
Trd, 259170.733, 124
Trd, 259170.800, 128
Trd, 259170.900, 129
Trd, 259171.017, 131
Trd, 259171.167, 122
Trd, 259171.517, 107
Trd, 259171.533, 129
Trd, 259171.900, 91
Trd, 259172.083, 103
Trd, 259172.183, 123
Trd, 259172.200, 125
Trd, 259172.433, 123
Trd, 259172.633, 116
Trd, 259172.833, 123
Trd, 259172.900, 124
Trd, 259172.967, 130
Trd, 259174.050, 139
Trd, 259174.183, 140
Trd, 259174.217, 139
Trd, 259174.483, 140
Trd, 259174.500, 139
Trd, 259175.633, 140
Trd, 259175.833, 140
Trd, 259177.000, 140
Trd, 259177.933, 140
Trd, 259178.067, 140
Trd, 259179.367, 140
Trd, 259179.450, 140
Trd, 259179.533, 140
Trd, 259179.600, 140
Trd, 259179.617, 140
Trd, 259179.833, 140
Trd, 259180.033, 140
Trd, 259180.067, 140
Trd, 259180.150, 140
Trd, 259180.217, 139
Trd, 259180.267, 139
Trd, 259180.617, 140
Trd, 259181.283, 138
Trd, 259181.350, 140
Trd, 259181.700, 140
Trd, 259181.967, 139
Trd, 259182.033, 140
Trd, 259182.050, 139
Trd, 259182.100, 134
Trd, 259182.183, 127
Trd, 259183.117, 140
Trd, 259183.667, 139
Trd, 259183.800, 140
Trd, 259183.917, 140
Trd, 259184.133, 140
Trd, 259184.200, 139
Trd, 259184.683, 140
Trd, 259184.917, 130
Trd, 259185.217, 138
Trd, 259185.317, 139
Trd, 259185.433, 133
Trd, 259185.700, 135
Trd, 259186.067, 136
Trd, 259186.100, 135
Trd, 259186.533, 137
Trd, 259186.700, 136
Trd, 259186.967, 135
Trd, 259187.033, 138
Trd, 259187.567, 138
Trd, 259187.633, 138
Trd, 259188.267, 139
Trd, 259188.483, 139
Trd, 259188.833, 138
Trd, 259189.733, 134
Trd, 259189.983, 138
Trd, 259190.200, 137
Trd, 259190.267, 133
Trd, 259190.333, 138
Trd, 259190.667, 139
Trd, 259190.683, 138
Trd, 259190.917, 138
Trd, 259190.933, 139
Trd, 259191.000, 138
Trd, 259191.067, 137
Trd, 259191.217, 132
Trd, 259191.350, 139
Trd, 259191.733, 124
Trd, 259192.667, 130
Trd, 259193.400, 129
Trd, 259193.750, 128
Trd, 259193.883, 130
Trd, 259194.000, 128
Trd, 259194.033, 126
Trd, 259194.217, 130
Trd, 259194.300, 127
Trd, 259194.400, 131
Trd, 259195.800, 137
Trd, 259195.917, 136
Trd, 259196.100, 136
Trd, 259196.183, 136
Trd, 259196.333, 137
Trd, 259196.383, 138
Trd, 259196.450, 126
Trd, 259197.200, 135
Trd, 259197.383, 138
Trd, 259197.400, 127
Trd, 259197.633, 127
Trd, 259198.083, 131
Trd, 259198.483, 130
Trd, 259198.517, 131
Trd, 259198.800, 129
Trd, 259198.917, 129
Trd, 259198.950, 127
Trd, 259199.167, 130
Trd, 259199.967, 137
