Trd, 258572.067, 135
Trd, 258572.283, 134
Trd, 258572.300, 128
Trd, 258572.400, 114
Trd, 258573.467, 140
Trd, 258573.617, 130
Trd, 258573.667, 129
Trd, 258573.717, 127
Trd, 258573.917, 127
Trd, 258574.700, 118
Trd, 258574.833, 118
Trd, 258575.167, 101
Trd, 258575.450, 86
Trd, 258575.500, 114
Trd, 258575.900, 95
Trd, 258575.967, 100
Trd, 258576.167, 110
Trd, 258576.467, 124
Trd, 258576.867, 122
Trd, 258576.950, 84
Trd, 258577.100, 83
Trd, 258577.217, 121
Trd, 258577.550, 110
Trd, 258577.633, 124
Trd, 258577.733, 126
Trd, 258577.750, 80
Trd, 258577.817, 84
Trd, 258578.083, 80
Trd, 258578.250, 140
Trd, 258578.383, 90
Trd, 258578.450, 81
Trd, 258578.600, 76
Trd, 258578.900, 127
Trd, 258579.117, 70
Trd, 258579.133, 60
Trd, 258579.400, 83
Trd, 258579.433, 116
Trd, 258579.700, 61
Trd, 258579.867, 63
Trd, 258579.983, 66
Trd, 258580.133, 67
Trd, 258580.383, 63
Trd, 258580.450, 90
Trd, 258580.500, 103
Trd, 258581.217, 119
Trd, 258581.267, 114
Trd, 258581.783, 86
Trd, 258581.967, 81
Trd, 258581.983, 113
Trd, 258582.283, 119
Trd, 258582.967, 135
Trd, 258583.117, 136
Trd, 258583.133, 131
Trd, 258583.550, 132
Trd, 258583.733, 126
Trd, 258583.900, 114
Trd, 258583.967, 100
Trd, 258584.367, 100
Trd, 258585.133, 119
Trd, 258585.250, 130
Trd, 258585.800, 107
Trd, 258586.350, 135
Trd, 258586.683, 136
Trd, 258586.767, 130
Trd, 258586.817, 134
Trd, 258586.917, 130
Trd, 258587.333, 127
Trd, 258587.817, 139
Trd, 258587.917, 128
Trd, 258587.950, 127
Trd, 258588.300, 133
Trd, 258588.867, 128
Trd, 258589.267, 128
Trd, 258589.350, 126
Trd, 258589.467, 129
Trd, 258589.483, 117
Trd, 258589.583, 132
Trd, 258589.733, 116
Trd, 258590.233, 138
Trd, 258590.350, 116
Trd, 258590.717, 92
Trd, 258590.817, 122
Trd, 258591.050, 124
Trd, 258591.067, 118
Trd, 258591.117, 99
Trd, 258591.417, 106
Trd, 258591.500, 108
Trd, 258591.517, 125
Trd, 258592.133, 129
Trd, 258592.400, 123
Trd, 258592.883, 140
Trd, 258593.567, 127
Trd, 258594.567, 131
Trd, 258595.100, 117
Trd, 258595.133, 134
Trd, 258595.683, 106
Trd, 258595.717, 98
Trd, 258596.050, 130
Trd, 258596.117, 131
Trd, 258596.283, 134
Trd, 258596.533, 131
Trd, 258596.717, 98
Trd, 258596.767, 105
Trd, 258596.800, 93
Trd, 258597.000, 108
Trd, 258597.100, 98
Trd, 258597.150, 95
Trd, 258597.250, 91
Trd, 258597.733, 119
Trd, 258597.750, 130
Trd, 258597.833, 112
Trd, 258598.067, 129
Trd, 258598.250, 128
Trd, 258598.283, 96
Trd, 258598.400, 132
Trd, 258598.617, 96
Trd, 258598.700, 98
Trd, 258598.817, 98
Trd, 258599.817, 119
Trd, 258600.500, 75
Trd, 258600.550, 76
Trd, 258600.583, 117
Trd, 258600.800, 125
Trd, 258600.983, 104
Trd, 258601.133, 103
Trd, 258601.633, 135
Trd, 258602.117, 132
Trd, 258602.250, 119
Trd, 258602.317, 117
Trd, 258602.883, 126
Trd, 258603.217, 121
Trd, 258603.583, 120
Trd, 258604.317, 133
Trd, 258604.733, 132
Trd, 258604.800, 131
Trd, 258604.967, 127
Trd, 258605.350, 119
Trd, 258605.700, 105
Trd, 258605.917, 115
Trd, 258606.200, 129
Trd, 258606.250, 104
Trd, 258606.333, 102
Trd, 258607.083, 123
Trd, 258607.100, 116
Trd, 258607.200, 115
Trd, 258607.417, 103
Trd, 258607.650, 131
Trd, 258608.117, 118
Trd, 258608.200, 111
Trd, 258608.633, 131
Trd, 258608.767, 130
Trd, 258608.800, 130
Trd, 258608.867, 118
Trd, 258609.183, 125
Trd, 258609.683, 135
Trd, 258609.700, 116
Trd, 258609.967, 118
Trd, 258610.117, 122
Trd, 258610.367, 129
Trd, 258610.550, 120
Trd, 258610.600, 129
Trd, 258610.833, 113
Trd, 258610.867, 94
Trd, 258611.183, 130
Trd, 258611.650, 138
Trd, 258612.333, 126
Trd, 258612.400, 124
Trd, 258612.433, 112
Trd, 258612.933, 124
Trd, 258613.450, 105
Trd, 258613.600, 128
Trd, 258614.000, 137
Trd, 258614.183, 99
Trd, 258614.267, 124
Trd, 258614.517, 99
Trd, 258614.633, 125
Trd, 258615.267, 98
Trd, 258615.333, 117
Trd, 258615.383, 120
Trd, 258615.483, 102
Trd, 258615.633, 133
Trd, 258615.817, 120
Trd, 258616.217, 136
Trd, 258616.283, 125
Trd, 258616.533, 132
Trd, 258616.650, 138
Trd, 258616.900, 101
Trd, 258617.067, 133
Trd, 258617.250, 100
Trd, 258617.367, 116
Trd, 258617.400, 91
Trd, 258617.700, 97
Trd, 258617.967, 88
Trd, 258618.817, 133
Trd, 258619.017, 131
Trd, 258619.083, 128
Trd, 258619.150, 122
Trd, 258619.200, 120
Trd, 258619.300, 121
Trd, 258619.833, 136
Trd, 258620.033, 116
Trd, 258620.350, 130
Trd, 258620.467, 109
Trd, 258621.100, 120
Trd, 258621.150, 123
Trd, 258621.733, 125
Trd, 258621.950, 132
Trd, 258622.033, 119
Trd, 258622.117, 104
Trd, 258622.217, 98
Trd, 258622.533, 129
Trd, 258622.700, 110
Trd, 258622.883, 90
Trd, 258623.383, 130
Trd, 258623.783, 134
Trd, 258624.083, 127
Trd, 258624.533, 124
Trd, 258624.783, 113
Trd, 258625.333, 117
Trd, 258625.717, 120
Trd, 258625.767, 112
Trd, 258625.950, 125
Trd, 258626.217, 116
Trd, 258626.250, 104
Trd, 258626.383, 131
Trd, 258626.617, 103
Trd, 258626.900, 125
Trd, 258627.100, 126
Trd, 258627.417, 127
Trd, 258627.533, 126
Trd, 258628.233, 140
Trd, 258628.667, 140
Trd, 258628.817, 138
Trd, 258629.183, 127
Trd, 258629.283, 131
Trd, 258629.433, 121
Trd, 258629.633, 119
Trd, 258629.733, 129
Trd, 258629.800, 112
Trd, 258630.450, 122
Trd, 258630.933, 114
Trd, 258631.000, 110
Trd, 258631.283, 90
Trd, 258631.450, 122
Trd, 258631.683, 125
Trd, 258632.017, 121
Trd, 258632.133, 116
Trd, 258632.567, 128
Trd, 258632.767, 125
Trd, 258632.950, 130
Trd, 258633.233, 124
Trd, 258633.583, 128
Trd, 258633.900, 127
Trd, 258633.967, 130
Trd, 258634.117, 110
Trd, 258634.133, 131
Trd, 258634.617, 132
Trd, 258635.283, 130
Trd, 258635.300, 134
Trd, 258635.333, 127
Trd, 258635.433, 112
Trd, 258635.567, 110
Trd, 258635.667, 121
Trd, 258636.000, 126
Trd, 258636.167, 109
Trd, 258636.700, 104
Trd, 258636.850, 100
Trd, 258637.417, 107
Trd, 258637.550, 102
Trd, 258637.600, 115
Trd, 258638.017, 132
Trd, 258638.150, 125
Trd, 258638.450, 95
Trd, 258638.517, 84
Trd, 258639.033, 119
Trd, 258639.383, 111
Trd, 258639.567, 108
Trd, 258639.783, 120
Trd, 258639.850, 101
Trd, 258640.017, 126
Trd, 258640.117, 116
Trd, 258640.333, 108
Trd, 258640.567, 133
Trd, 258640.917, 116
Trd, 258641.317, 117
Trd, 258641.783, 126
Trd, 258641.800, 120
Trd, 258641.817, 119
Trd, 258642.200, 132
Trd, 258642.400, 114
Trd, 258642.500, 100
Trd, 258642.533, 94
Trd, 258642.767, 80
Trd, 258642.867, 114
Trd, 258643.350, 128
Trd, 258643.500, 123
Trd, 258643.617, 107
Trd, 258644.200, 105
Trd, 258644.400, 112
Trd, 258644.483, 87
Trd, 258644.750, 125
Trd, 258644.783, 128
Trd, 258645.117, 131
Trd, 258646.300, 128
Trd, 258646.583, 133
Trd, 258646.717, 119
Trd, 258647.083, 138
Trd, 258647.383, 136
Trd, 258647.400, 133
Trd, 258648.150, 133
Trd, 258648.183, 120
Trd, 258648.383, 106
Trd, 258648.467, 95
Trd, 258648.600, 134
Trd, 258648.850, 134
Trd, 258648.967, 121
Trd, 258649.167, 103
Trd, 258649.183, 136
Trd, 258649.333, 86
Trd, 258650.233, 109
Trd, 258650.300, 135
Trd, 258650.383, 116
Trd, 258650.600, 130
Trd, 258650.733, 123
Trd, 258651.000, 122
Trd, 258651.300, 136
Trd, 258651.683, 128
Trd, 258651.917, 120
Trd, 258652.200, 113
Trd, 258652.667, 135
Trd, 258652.700, 110
Trd, 258652.800, 136
Trd, 258652.833, 107
Trd, 258652.967, 109
Trd, 258653.250, 128
Trd, 258653.500, 122
Trd, 258653.700, 119
Trd, 258653.967, 95
Trd, 258654.350, 140
Trd, 258654.933, 128
Trd, 258654.967, 125
Trd, 258655.217, 109
Trd, 258655.333, 123
Trd, 258655.650, 110
Trd, 258655.717, 111
Trd, 258655.967, 90
Trd, 258656.150, 114
Trd, 258656.233, 108
Trd, 258656.883, 108
Trd, 258656.917, 109
Trd, 258657.500, 110
Trd, 258657.767, 107
Trd, 258657.883, 103
Trd, 258658.000, 96
Trd, 258658.067, 74
Trd, 258658.350, 95
Trd, 258658.383, 85
Trd, 258659.100, 114
Trd, 258659.367, 101
Trd, 258659.767, 103
Trd, 258659.883, 100
Trd, 258659.933, 86
Trd, 258659.967, 116
Trd, 258660.150, 82
Trd, 258661.033, 140
Trd, 258661.583, 135
Trd, 258661.767, 131
Trd, 258661.833, 121
Trd, 258662.050, 107
Trd, 258662.917, 140
Trd, 258663.167, 139
Trd, 258663.217, 120
Trd, 258663.450, 119
Trd, 258663.483, 119
Trd, 258663.900, 131
Trd, 258664.050, 128
Trd, 258664.100, 127
Trd, 258664.183, 139
Trd, 258664.650, 139
Trd, 258665.317, 117
Trd, 258665.400, 116
Trd, 258665.483, 115
Trd, 258665.517, 129
Trd, 258666.217, 113
Trd, 258666.433, 112
Trd, 258666.817, 130
Trd, 258667.000, 129
Trd, 258667.617, 127
Trd, 258667.650, 110
Trd, 258667.783, 110
Trd, 258668.050, 113
Trd, 258668.467, 130
Trd, 258668.883, 107
Trd, 258669.383, 134
Trd, 258669.583, 135
Trd, 258669.783, 114
Trd, 258670.700, 125
Trd, 258671.100, 125
Trd, 258671.300, 115
Trd, 258671.533, 112
Trd, 258671.750, 118
Trd, 258671.883, 120
Trd, 258672.033, 112
Trd, 258672.400, 113
Trd, 258672.567, 109
Trd, 258672.683, 100
Trd, 258672.700, 98
Trd, 258672.800, 106
Trd, 258672.867, 120
Trd, 258673.233, 119
Trd, 258673.250, 125
Trd, 258673.300, 102
Trd, 258673.750, 139
Trd, 258673.883, 122
Trd, 258674.000, 86
Trd, 258674.300, 104
Trd, 258674.450, 132
Trd, 258674.600, 88
Trd, 258675.650, 131
Trd, 258676.583, 95
Trd, 258676.633, 100
Trd, 258676.700, 94
Trd, 258676.750, 94
Trd, 258676.833, 126
Trd, 258677.600, 138
Trd, 258678.083, 124
Trd, 258678.300, 123
Trd, 258678.383, 123
Trd, 258678.483, 120
Trd, 258678.567, 128
Trd, 258678.617, 115
Trd, 258678.750, 109
Trd, 258678.917, 134
Trd, 258679.633, 131
Trd, 258679.700, 123
Trd, 258679.750, 113
Trd, 258680.267, 133
Trd, 258680.333, 122
Trd, 258680.400, 122
Trd, 258681.350, 135
Trd, 258681.850, 134
Trd, 258681.867, 116
Trd, 258681.883, 110
Trd, 258682.350, 133
Trd, 258682.417, 113
Trd, 258682.500, 74
Trd, 258682.750, 100
Trd, 258682.917, 101
Trd, 258682.983, 132
Trd, 258683.033, 111
Trd, 258683.133, 131
Trd, 258683.617, 130
Trd, 258684.017, 136
Trd, 258684.217, 132
Trd, 258684.300, 121
Trd, 258684.500, 106
Trd, 258684.683, 137
Trd, 258685.050, 126
Trd, 258685.083, 138
Trd, 258685.233, 126
Trd, 258685.267, 104
Trd, 258685.350, 116
Trd, 258686.083, 131
Trd, 258686.267, 122
Trd, 258686.633, 140
Trd, 258686.900, 121
Trd, 258687.483, 135
Trd, 258687.900, 109
Trd, 258687.983, 135
Trd, 258688.350, 136
Trd, 258688.583, 133
Trd, 258688.800, 132
Trd, 258689.050, 130
Trd, 258689.867, 116
Trd, 258689.883, 113
Trd, 258690.117, 109
Trd, 258690.250, 108
Trd, 258690.600, 112
Trd, 258690.800, 104
Trd, 258690.933, 102
Trd, 258691.100, 90
Trd, 258691.467, 103
Trd, 258691.500, 92
Trd, 258691.533, 87
Trd, 258691.683, 88
Trd, 258691.750, 110
Trd, 258691.983, 89
Trd, 258692.050, 104
Trd, 258692.100, 96
Trd, 258692.383, 113
Trd, 258692.617, 116
Trd, 258693.050, 107
Trd, 258693.133, 106
Trd, 258693.267, 96
Trd, 258693.867, 134
Trd, 258693.983, 131
Trd, 258694.117, 131
Trd, 258694.233, 120
Trd, 258694.850, 120
Trd, 258695.217, 86
Trd, 258695.283, 104
Trd, 258695.317, 137
Trd, 258695.850, 112
Trd, 258695.867, 116
Trd, 258695.933, 94
Trd, 258696.550, 124
Trd, 258696.767, 132
Trd, 258697.300, 137
Trd, 258697.850, 100
Trd, 258697.967, 93
Trd, 258697.983, 93
Trd, 258698.350, 117
Trd, 258698.450, 134
Trd, 258698.733, 119
Trd, 258698.750, 118
Trd, 258698.783, 106
Trd, 258698.850, 94
Trd, 258699.350, 119
Trd, 258699.450, 120
Trd, 258699.833, 121
Trd, 258699.933, 119
Trd, 258700.367, 138
Trd, 258700.400, 87
Trd, 258700.567, 78
Trd, 258700.783, 79
Trd, 258701.083, 74
Trd, 258701.367, 78
Trd, 258701.400, 79
Trd, 258701.867, 138
Trd, 258702.017, 134
Trd, 258702.117, 124
Trd, 258702.450, 132
Trd, 258702.600, 130
Trd, 258702.783, 115
Trd, 258702.817, 114
Trd, 258703.017, 113
Trd, 258703.467, 120
Trd, 258703.500, 137
Trd, 258703.783, 117
Trd, 258704.383, 112
Trd, 258704.517, 123
Trd, 258705.050, 137
Trd, 258705.167, 134
Trd, 258705.817, 134
Trd, 258705.833, 133
Trd, 258706.233, 130
Trd, 258706.383, 93
Trd, 258706.433, 124
Trd, 258706.967, 114
Trd, 258707.017, 103
Trd, 258707.517, 104
Trd, 258707.550, 102
Trd, 258707.567, 119
Trd, 258707.633, 124
Trd, 258708.417, 97
Trd, 258708.567, 97
Trd, 258708.867, 119
Trd, 258709.000, 126
Trd, 258709.050, 105
Trd, 258709.117, 105
Trd, 258709.300, 91
Trd, 258709.433, 128
Trd, 258709.833, 111
Trd, 258710.083, 139
Trd, 258710.733, 138
Trd, 258710.983, 140
Trd, 258711.133, 136
Trd, 258711.717, 134
Trd, 258711.733, 133
Trd, 258711.967, 138
Trd, 258712.317, 132
Trd, 258712.467, 96
Trd, 258712.667, 121
Trd, 258713.467, 115
Trd, 258713.517, 99
Trd, 258713.883, 128
Trd, 258713.917, 131
Trd, 258713.950, 103
Trd, 258715.650, 122
Trd, 258716.150, 129
Trd, 258716.233, 123
Trd, 258716.600, 118
Trd, 258716.733, 108
Trd, 258716.917, 124
Trd, 258717.000, 130
Trd, 258717.017, 91
Trd, 258717.317, 104
Trd, 258717.433, 103
Trd, 258717.483, 106
Trd, 258717.933, 103
Trd, 258718.017, 121
Trd, 258718.200, 128
Trd, 258718.700, 126
Trd, 258718.717, 120
Trd, 258718.800, 106
Trd, 258719.067, 117
Trd, 258719.217, 113
Trd, 258719.533, 100
Trd, 258719.750, 113
Trd, 258719.767, 116
Trd, 258719.817, 100
Trd, 258719.900, 123
Trd, 258720.600, 119
Trd, 258720.633, 110
Trd, 258720.900, 99
Trd, 258721.117, 136
Trd, 258721.183, 130
Trd, 258721.233, 99
Trd, 258721.550, 123
Trd, 258721.667, 112
Trd, 258721.717, 82
Trd, 258721.767, 128
Trd, 258721.933, 113
Trd, 258722.550, 83
Trd, 258722.917, 89
Trd, 258723.283, 121
Trd, 258723.333, 114
Trd, 258723.483, 117
Trd, 258723.617, 103
Trd, 258724.333, 136
Trd, 258724.917, 134
Trd, 258725.217, 134
Trd, 258725.367, 120
Trd, 258725.633, 113
Trd, 258725.717, 136
Trd, 258726.250, 138
Trd, 258726.883, 135
Trd, 258727.233, 134
Trd, 258727.333, 132
Trd, 258727.467, 129
Trd, 258727.550, 128
Trd, 258727.567, 124
Trd, 258727.900, 121
Trd, 258728.033, 118
Trd, 258728.067, 110
Trd, 258728.217, 123
Trd, 258728.583, 126
Trd, 258728.717, 107
Trd, 258729.067, 108
Trd, 258729.150, 106
Trd, 258729.300, 93
Trd, 258729.600, 96
Trd, 258729.617, 104
Trd, 258729.633, 109
Trd, 258729.667, 110
Trd, 258729.883, 117
Trd, 258730.033, 102
Trd, 258730.883, 123
Trd, 258732.133, 120
Trd, 258732.567, 124
Trd, 258732.583, 120
Trd, 258732.817, 119
Trd, 258732.833, 119
Trd, 258732.967, 132
Trd, 258733.267, 111
Trd, 258733.317, 93
Trd, 258733.517, 114
Trd, 258733.633, 116
Trd, 258733.767, 131
Trd, 258733.967, 128
Trd, 258734.267, 119
Trd, 258734.400, 117
Trd, 258735.150, 100
Trd, 258735.400, 98
Trd, 258735.417, 90
Trd, 258736.067, 95
Trd, 258736.117, 122
Trd, 258736.250, 119
Trd, 258736.450, 120
Trd, 258736.567, 127
Trd, 258736.617, 107
Trd, 258737.150, 93
Trd, 258737.183, 91
Trd, 258737.467, 130
Trd, 258737.667, 89
Trd, 258737.917, 117
Trd, 258738.017, 98
Trd, 258738.067, 130
Trd, 258738.850, 129
Trd, 258738.883, 126
Trd, 258739.233, 127
Trd, 258739.567, 133
Trd, 258739.650, 127
Trd, 258740.367, 137
Trd, 258740.633, 131
Trd, 258740.767, 126
Trd, 258740.817, 121
Trd, 258741.083, 116
Trd, 258741.133, 115
Trd, 258741.200, 109
Trd, 258741.217, 104
Trd, 258741.383, 118
Trd, 258741.567, 134
Trd, 258741.833, 138
Trd, 258741.933, 103
Trd, 258742.133, 109
Trd, 258742.400, 103
Trd, 258742.600, 99
Trd, 258742.683, 92
Trd, 258742.833, 95
Trd, 258742.950, 105
Trd, 258743.317, 93
Trd, 258743.967, 88
Trd, 258744.233, 89
Trd, 258744.317, 90
Trd, 258744.883, 93
Trd, 258745.067, 121
Trd, 258745.283, 90
Trd, 258745.400, 91
Trd, 258745.833, 133
Trd, 258746.017, 133
Trd, 258746.533, 125
Trd, 258746.617, 123
Trd, 258747.067, 135
Trd, 258747.733, 129
Trd, 258748.217, 140
Trd, 258748.250, 104
Trd, 258748.400, 133
Trd, 258748.567, 132
Trd, 258748.650, 112
Trd, 258748.783, 111
Trd, 258748.900, 117
Trd, 258749.117, 111
Trd, 258749.133, 105
Trd, 258749.833, 108
Trd, 258750.067, 105
Trd, 258750.150, 116
Trd, 258750.283, 108
Trd, 258750.500, 104
Trd, 258750.683, 117
Trd, 258750.717, 128
Trd, 258750.733, 102
Trd, 258751.700, 128
Trd, 258751.800, 114
Trd, 258751.900, 117
Trd, 258751.917, 101
Trd, 258752.117, 111
Trd, 258752.133, 94
Trd, 258752.683, 139
Trd, 258752.817, 117
Trd, 258753.767, 122
Trd, 258753.883, 131
Trd, 258753.900, 110
Trd, 258754.233, 99
Trd, 258754.383, 84
Trd, 258754.517, 103
Trd, 258754.933, 89
Trd, 258755.017, 104
Trd, 258755.067, 121
Trd, 258755.083, 77
Trd, 258755.367, 88
Trd, 258755.967, 111
Trd, 258756.050, 109
Trd, 258756.183, 113
Trd, 258756.267, 108
Trd, 258756.283, 87
Trd, 258756.467, 113
Trd, 258756.567, 125
Trd, 258757.033, 138
Trd, 258757.267, 115
Trd, 258757.350, 105
Trd, 258757.483, 102
Trd, 258757.783, 132
Trd, 258758.117, 88
Trd, 258758.300, 92
Trd, 258758.417, 93
Trd, 258759.017, 117
Trd, 258759.083, 125
Trd, 258759.950, 119
Trd, 258760.133, 121
Trd, 258760.217, 124
Trd, 258760.717, 119
Trd, 258760.950, 108
Trd, 258761.100, 108
Trd, 258761.250, 116
Trd, 258761.717, 133
Trd, 258761.917, 104
Trd, 258762.033, 137
Trd, 258762.167, 137
Trd, 258762.400, 137
Trd, 258762.433, 127
Trd, 258762.533, 124
Trd, 258762.550, 112
Trd, 258763.200, 111
Trd, 258763.750, 138
Trd, 258763.883, 135
Trd, 258764.067, 122
Trd, 258764.117, 114
Trd, 258764.817, 128
Trd, 258765.033, 114
Trd, 258765.183, 109
Trd, 258765.617, 118
Trd, 258765.800, 122
Trd, 258766.067, 116
Trd, 258766.117, 110
Trd, 258766.350, 118
Trd, 258766.933, 122
Trd, 258767.200, 121
Trd, 258767.783, 120
Trd, 258767.883, 122
Trd, 258767.900, 124
Trd, 258767.917, 119
Trd, 258767.950, 117
Trd, 258768.200, 102
Trd, 258768.633, 98
Trd, 258769.183, 94
Trd, 258769.283, 104
Trd, 258770.017, 138
Trd, 258770.167, 129
Trd, 258770.300, 114
Trd, 258770.617, 95
Trd, 258770.867, 98
Trd, 258770.967, 90
Trd, 258771.217, 69
Trd, 258771.267, 94
Trd, 258771.433, 95
Trd, 258771.450, 98
Trd, 258771.533, 77
Trd, 258772.033, 86
Trd, 258772.433, 82
Trd, 258772.667, 91
Trd, 258772.917, 124
Trd, 258773.033, 130
Trd, 258773.233, 82
Trd, 258773.717, 135
Trd, 258773.733, 102
Trd, 258773.900, 135
Trd, 258773.983, 83
Trd, 258774.650, 134
Trd, 258774.667, 123
Trd, 258776.317, 140
Trd, 258776.367, 127
Trd, 258776.717, 122
Trd, 258776.850, 118
Trd, 258777.150, 127
Trd, 258777.217, 114
Trd, 258777.467, 124
Trd, 258777.550, 135
Trd, 258777.717, 110
Trd, 258778.517, 140
Trd, 258778.550, 138
Trd, 258778.817, 136
Trd, 258779.283, 116
Trd, 258779.483, 111
Trd, 258779.550, 140
Trd, 258779.567, 110
Trd, 258779.883, 135
Trd, 258779.967, 136
Trd, 258780.083, 106
Trd, 258780.283, 104
Trd, 258780.833, 138
Trd, 258780.967, 123
Trd, 258781.067, 112
Trd, 258781.300, 122
Trd, 258781.950, 134
Trd, 258781.983, 124
Trd, 258782.383, 125
Trd, 258782.417, 122
Trd, 258782.550, 111
Trd, 258782.600, 129
Trd, 258782.883, 99
Trd, 258783.183, 128
Trd, 258783.383, 135
Trd, 258783.500, 132
Trd, 258783.717, 138
Trd, 258783.783, 112
Trd, 258784.583, 134
Trd, 258784.600, 133
Trd, 258785.400, 123
Trd, 258785.417, 120
Trd, 258785.633, 113
Trd, 258786.167, 117
Trd, 258786.583, 125
Trd, 258786.617, 134
Trd, 258787.133, 131
Trd, 258787.367, 128
Trd, 258787.800, 129
Trd, 258788.017, 115
Trd, 258788.100, 114
Trd, 258788.117, 107
Trd, 258788.167, 113
Trd, 258788.283, 108
Trd, 258789.033, 125
Trd, 258789.050, 130
Trd, 258789.067, 105
Trd, 258789.617, 113
Trd, 258789.883, 109
Trd, 258790.350, 109
Trd, 258790.633, 109
Trd, 258790.767, 114
Trd, 258790.917, 116
Trd, 258791.267, 124
Trd, 258791.300, 125
Trd, 258791.367, 93
Trd, 258791.700, 110
Trd, 258791.783, 111
Trd, 258791.867, 91
Trd, 258792.217, 94
Trd, 258792.233, 90
Trd, 258792.250, 86
Trd, 258792.850, 119
Trd, 258793.150, 100
Trd, 258793.383, 117
Trd, 258793.433, 118
Trd, 258793.567, 113
Trd, 258793.767, 108
Trd, 258794.267, 124
Trd, 258794.333, 119
Trd, 258794.683, 84
Trd, 258794.833, 93
Trd, 258795.083, 119
Trd, 258795.667, 131
Trd, 258795.933, 127
Trd, 258796.033, 126
Trd, 258796.183, 116
Trd, 258796.417, 105
Trd, 258796.600, 135
Trd, 258796.700, 125
Trd, 258797.733, 126
Trd, 258797.917, 134
Trd, 258798.667, 125
Trd, 258798.883, 124
Trd, 258798.933, 128
Trd, 258799.050, 121
Trd, 258799.250, 123
Trd, 258799.400, 101
Trd, 258799.700, 140
Trd, 258799.750, 139
Trd, 258799.817, 122
Trd, 258800.267, 111
Trd, 258800.400, 116
Trd, 258800.733, 114
Trd, 258801.183, 93
Trd, 258801.233, 139
Trd, 258801.550, 105
Trd, 258801.733, 89
Trd, 258801.967, 136
Trd, 258802.817, 114
Trd, 258803.300, 138
Trd, 258804.017, 137
Trd, 258804.250, 131
Trd, 258804.383, 137
Trd, 258804.617, 139
Trd, 258804.683, 132
Trd, 258804.817, 128
Trd, 258805.217, 123
Trd, 258805.550, 127
Trd, 258805.650, 124
Trd, 258806.433, 126
Trd, 258806.783, 132
Trd, 258806.917, 122
Trd, 258807.450, 134
Trd, 258807.683, 136
Trd, 258807.867, 118
Trd, 258807.967, 107
Trd, 258808.033, 123
Trd, 258808.367, 130
Trd, 258808.467, 117
Trd, 258808.550, 113
Trd, 258808.567, 111
Trd, 258808.600, 90
Trd, 258808.617, 89
Trd, 258809.033, 107
Trd, 258809.283, 89
Trd, 258809.417, 85
Trd, 258809.533, 86
Trd, 258809.683, 107
Trd, 258809.850, 86
Trd, 258809.917, 89
Trd, 258810.383, 116
Trd, 258810.500, 131
Trd, 258810.750, 127
Trd, 258810.867, 121
Trd, 258811.167, 78
Trd, 258811.417, 82
Trd, 258811.517, 83
Trd, 258811.700, 86
Trd, 258811.783, 88
Trd, 258811.967, 91
Trd, 258812.133, 83
Trd, 258812.150, 100
Trd, 258812.200, 80
Trd, 258812.267, 77
Trd, 258812.583, 139
Trd, 258812.933, 115
Trd, 258813.067, 115
Trd, 258813.250, 116
Trd, 258813.333, 115
Trd, 258813.900, 124
Trd, 258814.417, 139
Trd, 258815.417, 138
Trd, 258815.433, 119
Trd, 258815.917, 138
Trd, 258816.083, 115
Trd, 258816.750, 135
Trd, 258816.900, 112
Trd, 258816.950, 111
Trd, 258817.417, 117
Trd, 258818.100, 128
Trd, 258818.233, 132
Trd, 258818.267, 130
Trd, 258818.333, 131
Trd, 258818.583, 133
Trd, 258818.917, 119
Trd, 258819.050, 121
Trd, 258819.200, 113
Trd, 258819.417, 130
Trd, 258819.483, 105
Trd, 258819.850, 109
Trd, 258819.917, 108
Trd, 258819.967, 110
Trd, 258819.983, 105
Trd, 258820.017, 98
Trd, 258820.200, 95
Trd, 258820.433, 112
Trd, 258820.817, 124
Trd, 258820.983, 130
Trd, 258821.183, 118
Trd, 258821.567, 108
Trd, 258822.150, 117
Trd, 258822.233, 101
Trd, 258822.367, 97
Trd, 258822.417, 86
Trd, 258822.567, 111
Trd, 258822.783, 108
Trd, 258823.000, 119
Trd, 258823.717, 120
Trd, 258823.783, 97
Trd, 258823.883, 94
Trd, 258823.983, 105
Trd, 258824.067, 122
Trd, 258824.433, 117
Trd, 258824.500, 84
Trd, 258825.083, 81
Trd, 258825.633, 103
Trd, 258826.200, 85
Trd, 258826.450, 93
Trd, 258826.517, 83
Trd, 258826.533, 96
Trd, 258826.783, 132
Trd, 258826.933, 107
Trd, 258827.267, 139
Trd, 258827.383, 136
Trd, 258827.883, 112
Trd, 258828.067, 117
Trd, 258828.350, 112
Trd, 258828.833, 133
Trd, 258828.883, 123
Trd, 258829.150, 137
Trd, 258829.333, 108
Trd, 258829.433, 124
Trd, 258829.883, 128
Trd, 258830.450, 106
Trd, 258830.583, 108
Trd, 258831.450, 138
Trd, 258831.617, 135
Trd, 258831.700, 134
Trd, 258831.783, 123
Trd, 258831.850, 116
Trd, 258832.117, 120
Trd, 258832.300, 117
Trd, 258832.350, 110
Trd, 258833.183, 120
Trd, 258833.450, 131
Trd, 258833.583, 133
Trd, 258833.617, 125
Trd, 258834.017, 130
Trd, 258834.033, 108
Trd, 258834.083, 109
Trd, 258834.333, 121
Trd, 258834.467, 108
Trd, 258834.617, 119
Trd, 258835.083, 121
Trd, 258835.300, 107
Trd, 258835.500, 137
Trd, 258835.733, 106
Trd, 258836.450, 132
Trd, 258836.583, 103
Trd, 258837.650, 136
Trd, 258837.967, 134
Trd, 258838.167, 138
Trd, 258838.300, 130
Trd, 258838.417, 125
Trd, 258838.483, 125
Trd, 258838.567, 137
Trd, 258838.650, 122
Trd, 258839.000, 127
Trd, 258839.133, 128
Trd, 258839.167, 119
Trd, 258839.517, 113
Trd, 258839.750, 114
Trd, 258840.117, 136
Trd, 258840.567, 116
Trd, 258840.750, 122
Trd, 258841.267, 123
Trd, 258841.633, 125
Trd, 258841.733, 112
Trd, 258842.117, 129
Trd, 258842.133, 131
Trd, 258842.700, 86
Trd, 258842.750, 85
Trd, 258843.350, 133
Trd, 258843.800, 127
Trd, 258843.833, 124
Trd, 258843.983, 122
Trd, 258844.117, 122
Trd, 258844.633, 120
Trd, 258844.800, 125
Trd, 258845.167, 124
Trd, 258845.600, 133
Trd, 258845.933, 120
Trd, 258846.267, 123
Trd, 258846.283, 116
Trd, 258846.433, 109
Trd, 258846.567, 100
Trd, 258846.800, 99
Trd, 258847.000, 90
Trd, 258847.017, 135
Trd, 258847.317, 134
Trd, 258847.567, 126
Trd, 258847.867, 118
Trd, 258847.983, 113
Trd, 258848.100, 97
Trd, 258848.583, 132
Trd, 258849.050, 134
Trd, 258849.117, 119
Trd, 258849.350, 110
Trd, 258849.450, 134
Trd, 258849.633, 140
Trd, 258850.200, 138
Trd, 258850.433, 135
Trd, 258850.750, 111
Trd, 258851.250, 123
Trd, 258851.317, 140
Trd, 258852.000, 134
Trd, 258852.983, 137
Trd, 258853.233, 137
Trd, 258853.283, 136
Trd, 258853.633, 123
Trd, 258853.867, 111
Trd, 258854.067, 119
Trd, 258854.483, 132
Trd, 258854.550, 105
Trd, 258854.633, 103
Trd, 258854.917, 119
Trd, 258855.017, 125
Trd, 258855.117, 112
Trd, 258855.200, 132
Trd, 258855.267, 106
Trd, 258855.500, 128
Trd, 258855.750, 131
Trd, 258856.267, 105
Trd, 258856.533, 121
Trd, 258856.567, 122
Trd, 258856.733, 112
Trd, 258857.317, 93
Trd, 258857.550, 92
Trd, 258857.667, 82
Trd, 258858.017, 88
Trd, 258858.183, 109
Trd, 258858.417, 116
Trd, 258858.600, 122
Trd, 258858.617, 74
Trd, 258859.017, 103
Trd, 258859.750, 123
Trd, 258860.083, 123
Trd, 258860.350, 139
Trd, 258860.433, 139
Trd, 258860.467, 136
Trd, 258860.733, 129
Trd, 258860.867, 127
Trd, 258861.033, 117
Trd, 258861.100, 104
Trd, 258861.500, 123
Trd, 258861.850, 126
Trd, 258861.867, 119
Trd, 258861.983, 103
Trd, 258862.200, 127
Trd, 258862.217, 124
Trd, 258862.833, 115
Trd, 258863.183, 138
Trd, 258863.433, 133
Trd, 258863.650, 106
Trd, 258863.667, 87
Trd, 258863.767, 117
Trd, 258864.350, 117
Trd, 258864.417, 104
Trd, 258864.583, 111
Trd, 258864.950, 118
Trd, 258865.017, 108
Trd, 258865.167, 106
Trd, 258865.833, 120
Trd, 258865.917, 114
Trd, 258866.083, 112
Trd, 258866.133, 108
Trd, 258866.350, 106
Trd, 258866.783, 104
Trd, 258866.800, 112
Trd, 258867.050, 98
Trd, 258867.067, 103
Trd, 258867.267, 116
Trd, 258867.767, 96
Trd, 258868.600, 139
Trd, 258868.833, 140
Trd, 258868.950, 139
Trd, 258869.133, 137
Trd, 258869.150, 132
Trd, 258869.183, 110
Trd, 258869.417, 106
Trd, 258869.750, 108
Trd, 258869.850, 106
Trd, 258871.067, 113
Trd, 258871.133, 111
Trd, 258871.400, 114
Trd, 258871.417, 108
Trd, 258871.683, 115
Trd, 258872.050, 110
Trd, 258872.217, 128
Trd, 258872.750, 111
Trd, 258872.867, 105
Trd, 258873.800, 131
Trd, 258873.817, 106
Trd, 258874.150, 134
Trd, 258874.317, 91
Trd, 258874.633, 120
Trd, 258875.050, 123
Trd, 258875.383, 128
Trd, 258875.600, 123
Trd, 258875.700, 128
Trd, 258875.917, 135
Trd, 258876.200, 123
Trd, 258876.583, 98
Trd, 258876.617, 118
Trd, 258876.767, 96
Trd, 258876.917, 120
Trd, 258876.933, 121
Trd, 258876.967, 123
Trd, 258877.083, 96
Trd, 258877.450, 109
Trd, 258877.667, 110
Trd, 258877.717, 79
Trd, 258878.050, 131
Trd, 258878.217, 128
Trd, 258878.300, 122
Trd, 258878.767, 116
Trd, 258878.883, 131
Trd, 258879.300, 135
Trd, 258879.367, 123
Trd, 258879.400, 108
Trd, 258879.483, 107
Trd, 258880.533, 125
Trd, 258880.683, 106
Trd, 258881.233, 104
Trd, 258881.433, 104
Trd, 258881.867, 126
Trd, 258882.100, 123
Trd, 258882.217, 122
Trd, 258882.500, 125
Trd, 258882.667, 127
Trd, 258882.783, 130
Trd, 258883.017, 121
Trd, 258883.033, 118
Trd, 258883.083, 118
Trd, 258883.550, 117
Trd, 258883.700, 114
Trd, 258883.833, 122
Trd, 258884.133, 117
Trd, 258884.583, 135
Trd, 258884.783, 133
Trd, 258884.817, 122
Trd, 258885.750, 135
Trd, 258885.767, 131
Trd, 258886.200, 140
Trd, 258886.633, 130
Trd, 258886.733, 123
Trd, 258886.800, 131
Trd, 258887.500, 109
Trd, 258887.650, 100
Trd, 258888.083, 93
Trd, 258888.217, 88
Trd, 258888.267, 129
Trd, 258888.917, 117
Trd, 258889.350, 137
Trd, 258889.467, 133
Trd, 258889.800, 130
Trd, 258889.950, 126
Trd, 258889.967, 115
Trd, 258890.033, 114
Trd, 258890.050, 113
Trd, 258891.017, 128
Trd, 258891.217, 128
Trd, 258891.417, 114
Trd, 258891.500, 115
Trd, 258892.250, 114
Trd, 258892.550, 113
Trd, 258892.883, 101
Trd, 258892.983, 114
Trd, 258893.417, 115
Trd, 258893.450, 117
Trd, 258893.500, 111
Trd, 258893.733, 125
Trd, 258894.233, 127
Trd, 258894.267, 120
Trd, 258894.450, 113
Trd, 258894.517, 103
Trd, 258894.900, 124
Trd, 258895.033, 124
Trd, 258895.767, 136
Trd, 258895.883, 135
Trd, 258895.967, 117
Trd, 258896.067, 112
Trd, 258896.400, 135
Trd, 258896.533, 108
Trd, 258897.350, 136
Trd, 258897.450, 128
Trd, 258899.150, 134
Trd, 258899.333, 132
Trd, 258899.517, 134
Trd, 258899.867, 133
Trd, 258900.317, 134
Trd, 258900.367, 130
Trd, 258900.417, 131
Trd, 258900.633, 121
Trd, 258900.650, 116
Trd, 258900.700, 113
Trd, 258900.883, 108
Trd, 258900.983, 108
Trd, 258901.283, 103
Trd, 258901.383, 101
Trd, 258901.867, 91
Trd, 258902.133, 116
Trd, 258902.250, 130
Trd, 258902.400, 116
Trd, 258902.567, 89
Trd, 258902.617, 133
Trd, 258902.783, 96
Trd, 258903.667, 125
Trd, 258903.700, 122
Trd, 258904.200, 140
Trd, 258904.450, 139
Trd, 258904.683, 133
Trd, 258904.867, 129
Trd, 258905.050, 122
Trd, 258905.367, 138
Trd, 258905.400, 133
Trd, 258905.533, 116
Trd, 258905.583, 125
Trd, 258905.600, 115
Trd, 258905.917, 114
Trd, 258906.033, 125
Trd, 258906.250, 116
Trd, 258906.550, 115
Trd, 258906.833, 108
Trd, 258907.150, 124
Trd, 258907.250, 125
Trd, 258908.067, 140
Trd, 258908.567, 140
Trd, 258908.783, 138
Trd, 258909.150, 138
Trd, 258909.333, 130
Trd, 258909.767, 135
Trd, 258909.967, 117
Trd, 258910.017, 114
Trd, 258910.117, 86
Trd, 258910.183, 84
Trd, 258910.600, 86
Trd, 258910.617, 101
Trd, 258910.800, 84
Trd, 258911.250, 119
Trd, 258911.417, 108
Trd, 258911.650, 103
Trd, 258911.767, 89
Trd, 258911.867, 88
Trd, 258911.983, 122
Trd, 258912.600, 135
Trd, 258912.650, 132
Trd, 258913.567, 134
Trd, 258913.800, 131
Trd, 258914.133, 131
Trd, 258914.233, 122
Trd, 258914.383, 117
Trd, 258914.783, 122
Trd, 258914.817, 124
Trd, 258914.950, 123
Trd, 258915.467, 118
Trd, 258915.617, 123
Trd, 258915.650, 115
Trd, 258915.950, 113
Trd, 258915.967, 124
Trd, 258916.450, 106
Trd, 258916.917, 138
Trd, 258917.200, 137
Trd, 258917.450, 116
Trd, 258917.800, 110
Trd, 258917.950, 106
Trd, 258918.400, 114
Trd, 258919.200, 138
Trd, 258919.850, 136
Trd, 258920.083, 133
Trd, 258920.117, 116
Trd, 258920.283, 112
Trd, 258920.533, 114
Trd, 258920.550, 107
Trd, 258920.583, 116
Trd, 258920.733, 107
Trd, 258920.817, 130
Trd, 258921.017, 105
Trd, 258921.683, 133
Trd, 258922.400, 121
Trd, 258922.783, 130
Trd, 258922.817, 128
Trd, 258923.017, 127
Trd, 258923.033, 136
Trd, 258923.467, 108
Trd, 258923.550, 104
Trd, 258924.383, 135
Trd, 258924.417, 131
Trd, 258924.867, 138
Trd, 258925.183, 134
Trd, 258925.250, 129
Trd, 258925.750, 122
Trd, 258926.200, 136
Trd, 258926.233, 126
Trd, 258926.567, 103
Trd, 258926.933, 131
Trd, 258927.050, 128
Trd, 258927.483, 112
Trd, 258927.900, 132
Trd, 258928.017, 135
Trd, 258928.117, 125
Trd, 258928.167, 122
Trd, 258928.550, 119
Trd, 258928.633, 118
Trd, 258929.017, 130
Trd, 258929.133, 135
Trd, 258929.267, 118
Trd, 258929.850, 139
Trd, 258930.000, 137
Trd, 258930.133, 136
Trd, 258930.317, 107
Trd, 258930.500, 107
Trd, 258931.233, 136
Trd, 258931.383, 133
Trd, 258931.633, 132
Trd, 258931.983, 131
Trd, 258932.450, 129
Trd, 258933.017, 126
Trd, 258933.133, 127
Trd, 258933.417, 125
Trd, 258933.667, 118
Trd, 258933.733, 116
Trd, 258933.883, 103
Trd, 258934.033, 111
Trd, 258934.100, 97
Trd, 258934.300, 94
Trd, 258934.533, 106
Trd, 258934.767, 82
Trd, 258934.983, 123
Trd, 258935.417, 102
Trd, 258935.617, 83
Trd, 258935.800, 122
Trd, 258935.867, 82
Trd, 258936.017, 115
Trd, 258936.117, 68
Trd, 258936.350, 113
Trd, 258936.650, 67
Trd, 258936.683, 123
Trd, 258937.633, 136
Trd, 258937.850, 136
Trd, 258938.450, 133
Trd, 258938.733, 139
Trd, 258938.783, 136
Trd, 258938.883, 139
Trd, 258939.000, 132
Trd, 258939.083, 129
Trd, 258939.183, 127
Trd, 258939.433, 121
Trd, 258939.450, 119
Trd, 258939.500, 108
Trd, 258939.617, 95
Trd, 258939.700, 91
Trd, 258939.783, 90
Trd, 258940.867, 111
Trd, 258941.017, 125
Trd, 258941.150, 128
Trd, 258941.433, 110
Trd, 258941.850, 112
Trd, 258942.700, 113
Trd, 258942.733, 111
Trd, 258942.850, 118
Trd, 258943.050, 104
Trd, 258943.217, 127
Trd, 258943.267, 139
Trd, 258943.333, 85
Trd, 258943.633, 102
Trd, 258943.800, 112
Trd, 258944.100, 116
Trd, 258944.400, 124
Trd, 258944.533, 121
Trd, 258944.917, 125
Trd, 258945.683, 111
Trd, 258946.317, 124
Trd, 258946.600, 119
Trd, 258946.667, 114
Trd, 258946.683, 109
Trd, 258946.717, 106
Trd, 258947.050, 117
Trd, 258947.950, 130
Trd, 258948.267, 127
Trd, 258948.417, 123
Trd, 258948.433, 130
Trd, 258948.800, 132
Trd, 258948.817, 126
Trd, 258948.833, 119
Trd, 258949.383, 117
Trd, 258949.467, 125
Trd, 258949.933, 124
Trd, 258950.333, 116
Trd, 258950.350, 115
Trd, 258950.583, 130
Trd, 258950.783, 129
Trd, 258950.883, 113
Trd, 258950.933, 111
Trd, 258951.750, 114
Trd, 258951.767, 117
Trd, 258951.867, 124
Trd, 258951.950, 134
Trd, 258952.100, 108
Trd, 258953.267, 132
Trd, 258953.417, 127
Trd, 258953.633, 127
Trd, 258953.900, 135
Trd, 258954.050, 127
Trd, 258954.500, 128
Trd, 258954.683, 139
Trd, 258954.800, 121
Trd, 258955.250, 111
Trd, 258955.300, 112
Trd, 258955.417, 107
Trd, 258955.967, 97
Trd, 258956.033, 91
Trd, 258956.167, 103
Trd, 258956.350, 102
Trd, 258956.367, 105
Trd, 258956.450, 106
Trd, 258956.467, 118
Trd, 258956.567, 92
Trd, 258956.833, 125
Trd, 258956.900, 131
Trd, 258957.633, 125
Trd, 258957.800, 121
Trd, 258957.867, 119
Trd, 258959.400, 139
Trd, 258959.900, 128
Trd, 258959.917, 105
Trd, 258960.033, 102
Trd, 258960.050, 109
Trd, 258960.267, 124
Trd, 258960.283, 99
Trd, 258960.333, 137
Trd, 258960.417, 93
Trd, 258960.667, 117
Trd, 258961.083, 139
Trd, 258961.533, 103
Trd, 258961.683, 133
Trd, 258962.183, 130
Trd, 258962.550, 129
Trd, 258962.567, 133
Trd, 258963.150, 139
Trd, 258963.667, 127
Trd, 258963.733, 125
Trd, 258964.533, 130
Trd, 258964.933, 122
Trd, 258965.233, 138
Trd, 258965.833, 139
Trd, 258965.933, 137
Trd, 258966.217, 136
Trd, 258966.233, 124
Trd, 258967.417, 110
Trd, 258967.817, 122
Trd, 258968.000, 120
Trd, 258968.100, 126
Trd, 258968.650, 131
Trd, 258968.967, 122
Trd, 258969.067, 124
Trd, 258969.100, 121
Trd, 258969.167, 119
Trd, 258969.267, 118
Trd, 258969.400, 130
Trd, 258969.483, 114
Trd, 258969.883, 104
Trd, 258970.550, 126
Trd, 258970.667, 129
Trd, 258970.817, 122
Trd, 258971.083, 130
Trd, 258971.300, 101
Trd, 258971.433, 100
Trd, 258971.533, 117
Trd, 258971.583, 133
Trd, 258971.600, 116
Trd, 258971.967, 136
Trd, 258972.067, 133
Trd, 258972.517, 124
Trd, 258972.700, 121
Trd, 258972.967, 122
Trd, 258973.133, 126
Trd, 258973.183, 113
Trd, 258973.233, 111
Trd, 258973.600, 108
Trd, 258973.800, 115
Trd, 258974.150, 131
Trd, 258974.233, 119
Trd, 258974.400, 106
Trd, 258974.617, 134
Trd, 258975.633, 133
Trd, 258975.667, 101
Trd, 258975.767, 109
Trd, 258976.000, 105
Trd, 258976.067, 106
Trd, 258976.550, 138
Trd, 258976.867, 129
Trd, 258976.967, 126
Trd, 258977.267, 125
Trd, 258977.783, 132
Trd, 258978.083, 132
Trd, 258978.217, 130
Trd, 258978.350, 135
Trd, 258978.750, 132
Trd, 258978.783, 120
Trd, 258979.000, 139
Trd, 258979.517, 138
Trd, 258979.550, 114
Trd, 258979.600, 110
Trd, 258979.650, 108
Trd, 258980.183, 96
Trd, 258980.300, 128
Trd, 258980.483, 107
Trd, 258980.567, 116
Trd, 258980.733, 135
Trd, 258980.800, 89
Trd, 258981.550, 119
Trd, 258982.217, 137
Trd, 258982.333, 135
Trd, 258982.350, 120
Trd, 258982.417, 115
Trd, 258982.433, 115
Trd, 258982.450, 111
Trd, 258982.667, 124
Trd, 258982.783, 110
Trd, 258983.417, 104
Trd, 258983.450, 125
Trd, 258983.733, 86
Trd, 258984.317, 100
Trd, 258984.750, 118
Trd, 258984.783, 117
Trd, 258984.833, 106
Trd, 258985.217, 136
Trd, 258985.267, 126
Trd, 258985.467, 124
Trd, 258985.550, 129
Trd, 258986.167, 127
Trd, 258986.650, 117
Trd, 258986.783, 121
Trd, 258986.883, 113
Trd, 258987.333, 113
Trd, 258987.600, 119
Trd, 258987.933, 119
Trd, 258988.767, 129
Trd, 258989.083, 111
Trd, 258989.117, 119
Trd, 258989.333, 126
Trd, 258989.417, 110
Trd, 258989.450, 105
Trd, 258989.600, 106
Trd, 258989.850, 95
Trd, 258989.967, 118
Trd, 258990.133, 132
Trd, 258990.733, 117
Trd, 258990.917, 128
Trd, 258991.117, 129
Trd, 258991.233, 139
Trd, 258991.417, 125
Trd, 258991.850, 121
Trd, 258991.967, 121
Trd, 258992.200, 119
Trd, 258992.250, 103
Trd, 258992.833, 97
Trd, 258993.083, 97
Trd, 258993.300, 116
Trd, 258993.417, 111
Trd, 258993.583, 111
Trd, 258993.600, 101
Trd, 258993.617, 118
Trd, 258993.767, 106
Trd, 258994.350, 100
Trd, 258994.367, 117
Trd, 258994.400, 98
Trd, 258994.633, 124
Trd, 258994.683, 97
Trd, 258995.383, 116
Trd, 258996.117, 135
Trd, 258996.283, 132
Trd, 258996.717, 134
Trd, 258997.367, 118
Trd, 258997.483, 116
Trd, 258997.717, 110
Trd, 258997.883, 93
Trd, 258998.067, 102
Trd, 258998.133, 96
Trd, 258998.233, 108
Trd, 258998.267, 91
Trd, 258998.517, 118
Trd, 258998.800, 119
Trd, 258998.867, 117
Trd, 258999.433, 101
Trd, 258999.450, 98
Trd, 258999.467, 95
Trd, 258999.717, 131
Trd, 258999.883, 88
Trd, 259000.317, 126
Trd, 259000.783, 121
Trd, 259001.000, 120
Trd, 259001.133, 119
Trd, 259001.383, 122
Trd, 259001.550, 121
Trd, 259001.817, 133
Trd, 259001.933, 111
Trd, 259002.117, 135
Trd, 259002.617, 136
Trd, 259003.133, 135
Trd, 259003.183, 126
Trd, 259003.500, 120
Trd, 259003.717, 121
Trd, 259004.067, 116
Trd, 259004.217, 140
Trd, 259004.250, 135
Trd, 259004.617, 129
Trd, 259004.650, 103
Trd, 259005.217, 139
Trd, 259005.367, 137
Trd, 259005.433, 130
Trd, 259005.550, 130
Trd, 259005.850, 109
Trd, 259006.483, 130
Trd, 259007.483, 126
Trd, 259007.600, 125
Trd, 259008.217, 138
Trd, 259008.317, 138
Trd, 259008.883, 140
Trd, 259009.233, 131
Trd, 259009.383, 129
Trd, 259009.950, 127
Trd, 259010.183, 119
Trd, 259010.350, 118
Trd, 259010.383, 113
Trd, 259010.683, 118
Trd, 259010.783, 112
Trd, 259010.800, 107
Trd, 259011.283, 124
Trd, 259011.500, 117
Trd, 259011.583, 124
Trd, 259011.750, 125
Trd, 259012.350, 107
Trd, 259012.683, 110
Trd, 259012.950, 108
Trd, 259012.967, 122
Trd, 259013.000, 125
Trd, 259013.133, 105
Trd, 259013.300, 114
Trd, 259013.417, 118
Trd, 259013.517, 107
Trd, 259013.783, 130
Trd, 259013.833, 102
Trd, 259014.083, 97
Trd, 259014.250, 140
Trd, 259014.400, 112
Trd, 259014.667, 121
Trd, 259015.250, 117
Trd, 259015.483, 121
Trd, 259015.500, 112
Trd, 259015.583, 135
Trd, 259015.767, 112
Trd, 259015.917, 109
Trd, 259016.217, 117
Trd, 259016.733, 122
Trd, 259016.767, 108
Trd, 259017.617, 106
Trd, 259018.517, 105
Trd, 259018.850, 107
Trd, 259018.867, 105
Trd, 259018.967, 108
Trd, 259019.083, 102
Trd, 259019.600, 130
Trd, 259019.667, 120
Trd, 259019.850, 96
Trd, 259019.933, 120
Trd, 259020.333, 114
Trd, 259020.667, 109
Trd, 259020.700, 117
Trd, 259020.733, 102
Trd, 259020.950, 128
Trd, 259021.167, 128
Trd, 259021.300, 121
Trd, 259022.233, 129
Trd, 259022.383, 132
Trd, 259022.533, 127
Trd, 259023.050, 136
Trd, 259023.183, 133
Trd, 259023.333, 130
Trd, 259023.500, 119
Trd, 259023.717, 135
Trd, 259023.967, 139
Trd, 259024.000, 125
Trd, 259024.467, 131
Trd, 259024.933, 114
Trd, 259025.033, 113
Trd, 259025.250, 112
Trd, 259025.483, 136
Trd, 259025.550, 133
Trd, 259025.600, 129
Trd, 259025.783, 92
Trd, 259026.533, 131
Trd, 259026.567, 130
Trd, 259026.633, 128
Trd, 259026.983, 96
Trd, 259027.150, 97
Trd, 259027.267, 103
Trd, 259027.400, 104
Trd, 259027.700, 89
Trd, 259027.900, 127
Trd, 259028.200, 103
Trd, 259028.317, 92
Trd, 259028.400, 91
Trd, 259029.017, 131
Trd, 259029.083, 122
Trd, 259029.350, 106
Trd, 259029.717, 123
Trd, 259030.533, 133
Trd, 259030.967, 134
Trd, 259031.083, 130
Trd, 259031.450, 136
Trd, 259032.017, 138
Trd, 259032.400, 131
Trd, 259032.517, 136
Trd, 259032.617, 117
Trd, 259032.633, 116
Trd, 259032.733, 115
Trd, 259033.233, 111
Trd, 259033.700, 129
Trd, 259034.083, 133
Trd, 259034.567, 127
Trd, 259034.650, 138
Trd, 259034.983, 128
Trd, 259035.383, 133
Trd, 259035.500, 119
Trd, 259035.867, 138
Trd, 259035.950, 114
Trd, 259036.017, 110
Trd, 259036.117, 109
Trd, 259036.467, 134
Trd, 259036.517, 121
Trd, 259036.533, 116
Trd, 259036.600, 119
Trd, 259036.667, 115
Trd, 259036.933, 132
Trd, 259036.967, 127
Trd, 259037.350, 124
Trd, 259037.467, 120
Trd, 259037.850, 129
Trd, 259037.867, 133
Trd, 259037.917, 127
Trd, 259038.233, 126
Trd, 259038.300, 125
Trd, 259038.317, 114
Trd, 259038.617, 111
Trd, 259038.867, 133
Trd, 259039.050, 117
Trd, 259039.200, 134
Trd, 259039.750, 117
Trd, 259039.933, 113
Trd, 259040.033, 97
Trd, 259040.517, 94
Trd, 259040.650, 117
Trd, 259041.517, 117
Trd, 259041.600, 115
Trd, 259042.017, 122
Trd, 259042.450, 117
Trd, 259042.483, 124
Trd, 259042.817, 120
Trd, 259043.467, 125
Trd, 259043.550, 133
Trd, 259043.883, 138
Trd, 259043.967, 114
Trd, 259044.050, 113
Trd, 259044.150, 118
Trd, 259044.983, 113
Trd, 259045.183, 94
Trd, 259045.300, 100
Trd, 259045.333, 93
Trd, 259045.367, 103
Trd, 259045.433, 74
Trd, 259045.567, 88
Trd, 259045.933, 93
Trd, 259046.133, 83
Trd, 259046.350, 94
Trd, 259046.433, 83
Trd, 259046.500, 104
Trd, 259046.633, 121
Trd, 259047.067, 106
Trd, 259047.383, 121
Trd, 259048.233, 132
Trd, 259048.450, 113
Trd, 259048.533, 135
Trd, 259048.733, 84
Trd, 259048.983, 129
Trd, 259049.150, 120
Trd, 259049.183, 119
Trd, 259049.550, 110
Trd, 259049.817, 125
Trd, 259050.467, 122
Trd, 259050.600, 132
Trd, 259051.250, 132
Trd, 259051.267, 129
Trd, 259051.533, 101
Trd, 259051.750, 137
Trd, 259052.350, 133
Trd, 259052.533, 125
Trd, 259052.767, 113
Trd, 259053.417, 135
Trd, 259053.833, 112
Trd, 259053.867, 108
Trd, 259053.917, 107
Trd, 259054.267, 113
Trd, 259054.433, 98
Trd, 259054.500, 115
Trd, 259054.567, 108
Trd, 259055.600, 133
Trd, 259055.683, 130
Trd, 259055.717, 111
Trd, 259055.883, 122
Trd, 259056.450, 95
Trd, 259056.500, 110
Trd, 259056.550, 94
Trd, 259057.133, 131
Trd, 259057.183, 133
Trd, 259057.300, 137
Trd, 259057.700, 139
Trd, 259057.983, 136
Trd, 259058.067, 125
Trd, 259058.117, 122
Trd, 259058.183, 116
Trd, 259058.650, 116
Trd, 259058.767, 109
Trd, 259059.033, 130
Trd, 259059.417, 139
Trd, 259059.550, 115
Trd, 259061.433, 137
Trd, 259061.633, 130
Trd, 259061.700, 123
Trd, 259061.867, 135
Trd, 259061.900, 113
Trd, 259062.200, 112
Trd, 259062.333, 120
Trd, 259062.967, 140
Trd, 259063.167, 135
Trd, 259063.600, 125
Trd, 259063.833, 122
Trd, 259063.917, 115
Trd, 259064.217, 115
Trd, 259064.367, 114
Trd, 259064.650, 130
Trd, 259064.717, 113
Trd, 259065.017, 100
Trd, 259065.617, 121
Trd, 259066.100, 101
Trd, 259066.167, 112
Trd, 259066.333, 99
Trd, 259066.383, 98
Trd, 259066.517, 105
Trd, 259066.633, 128
Trd, 259066.967, 135
Trd, 259067.000, 135
Trd, 259067.067, 130
Trd, 259067.100, 114
Trd, 259067.117, 137
Trd, 259067.900, 139
Trd, 259067.933, 133
Trd, 259067.950, 96
Trd, 259068.533, 110
Trd, 259068.567, 93
Trd, 259068.717, 124
Trd, 259069.250, 139
Trd, 259069.367, 138
Trd, 259069.683, 134
Trd, 259069.700, 131
Trd, 259069.900, 111
Trd, 259070.233, 136
Trd, 259070.400, 112
Trd, 259070.550, 127
Trd, 259070.650, 107
Trd, 259071.150, 124
Trd, 259071.433, 130
Trd, 259071.867, 111
Trd, 259072.200, 121
Trd, 259072.400, 109
Trd, 259072.717, 125
Trd, 259073.667, 129
Trd, 259073.683, 126
Trd, 259074.000, 119
Trd, 259074.200, 117
Trd, 259075.350, 140
Trd, 259075.483, 139
Trd, 259075.517, 137
Trd, 259076.117, 140
Trd, 259076.317, 139
Trd, 259076.400, 132
Trd, 259076.533, 125
Trd, 259076.583, 123
Trd, 259077.433, 118
Trd, 259077.533, 113
Trd, 259077.850, 138
Trd, 259078.400, 116
Trd, 259078.517, 106
Trd, 259078.933, 107
Trd, 259078.967, 90
Trd, 259079.067, 108
Trd, 259079.150, 119
Trd, 259079.467, 115
Trd, 259079.750, 105
Trd, 259079.950, 122
Trd, 259080.117, 104
Trd, 259080.817, 127
Trd, 259081.317, 134
Trd, 259081.417, 138
Trd, 259081.483, 120
Trd, 259081.850, 137
Trd, 259082.317, 102
Trd, 259082.433, 71
Trd, 259082.750, 114
Trd, 259083.350, 110
Trd, 259083.383, 122
Trd, 259083.400, 109
Trd, 259083.833, 96
Trd, 259083.917, 97
Trd, 259083.950, 92
Trd, 259083.967, 126
Trd, 259084.000, 127
Trd, 259084.133, 91
Trd, 259084.450, 136
Trd, 259084.567, 87
Trd, 259084.633, 115
Trd, 259084.883, 129
Trd, 259085.000, 131
Trd, 259085.267, 129
Trd, 259086.383, 123
Trd, 259086.400, 117
Trd, 259086.600, 115
Trd, 259086.683, 131
Trd, 259086.717, 126
Trd, 259086.983, 117
Trd, 259087.167, 113
Trd, 259087.250, 100
Trd, 259087.767, 99
Trd, 259088.017, 125
Trd, 259088.517, 140
Trd, 259089.233, 140
Trd, 259089.450, 140
Trd, 259089.517, 131
Trd, 259090.183, 123
Trd, 259090.550, 118
Trd, 259090.683, 111
Trd, 259090.800, 111
Trd, 259091.367, 112
Trd, 259091.483, 113
Trd, 259091.633, 110
Trd, 259091.717, 106
Trd, 259091.733, 116
Trd, 259091.817, 104
Trd, 259091.883, 105
Trd, 259091.950, 123
Trd, 259092.117, 131
Trd, 259093.117, 126
Trd, 259093.417, 112
Trd, 259093.567, 112
Trd, 259093.600, 110
Trd, 259093.717, 108
Trd, 259093.800, 96
Trd, 259094.317, 129
Trd, 259094.400, 130
Trd, 259094.700, 128
Trd, 259094.767, 135
Trd, 259094.833, 130
Trd, 259095.617, 137
Trd, 259096.267, 133
Trd, 259096.433, 132
Trd, 259096.467, 117
Trd, 259096.800, 104
Trd, 259096.917, 112
Trd, 259097.117, 112
Trd, 259097.233, 111
Trd, 259097.300, 111
Trd, 259097.350, 103
Trd, 259097.383, 97
Trd, 259098.317, 103
Trd, 259098.467, 94
Trd, 259098.683, 120
Trd, 259098.767, 76
Trd, 259098.883, 124
Trd, 259099.033, 129
Trd, 259099.600, 126
Trd, 259100.700, 135
Trd, 259100.900, 133
Trd, 259101.217, 134
Trd, 259101.383, 138
Trd, 259101.517, 135
Trd, 259101.583, 134
Trd, 259101.617, 129
Trd, 259101.683, 123
Trd, 259102.250, 132
Trd, 259102.350, 124
Trd, 259102.383, 118
Trd, 259102.433, 115
Trd, 259102.717, 110
Trd, 259103.067, 109
Trd, 259103.300, 116
Trd, 259103.383, 93
Trd, 259103.433, 87
Trd, 259103.617, 102
Trd, 259103.883, 124
Trd, 259104.050, 125
Trd, 259104.200, 115
Trd, 259104.950, 106
Trd, 259105.133, 128
Trd, 259105.600, 111
Trd, 259105.683, 126
Trd, 259105.933, 121
Trd, 259106.017, 132
Trd, 259106.100, 134
Trd, 259106.683, 138
Trd, 259106.800, 131
Trd, 259107.850, 108
Trd, 259107.883, 125
Trd, 259108.367, 124
Trd, 259108.800, 134
Trd, 259108.917, 120
Trd, 259108.983, 118
Trd, 259109.283, 132
Trd, 259109.317, 117
Trd, 259109.400, 136
Trd, 259109.783, 136
Trd, 259110.433, 125
Trd, 259110.500, 121
Trd, 259111.033, 132
Trd, 259111.150, 131
Trd, 259111.500, 136
Trd, 259111.567, 135
Trd, 259111.650, 133
Trd, 259112.483, 128
Trd, 259112.533, 127
Trd, 259112.600, 122
Trd, 259112.833, 130
Trd, 259112.967, 116
Trd, 259113.133, 104
Trd, 259113.900, 139
Trd, 259114.167, 136
Trd, 259114.383, 134
Trd, 259114.467, 112
Trd, 259114.617, 139
Trd, 259114.633, 119
Trd, 259115.067, 129
Trd, 259115.100, 114
Trd, 259115.233, 114
Trd, 259115.767, 135
Trd, 259115.817, 133
Trd, 259116.017, 135
Trd, 259116.033, 113
Trd, 259116.583, 135
Trd, 259116.767, 139
Trd, 259116.917, 111
Trd, 259116.967, 110
Trd, 259117.083, 98
Trd, 259117.350, 108
Trd, 259117.717, 112
Trd, 259117.900, 105
Trd, 259118.167, 106
Trd, 259118.333, 109
Trd, 259118.500, 122
Trd, 259118.583, 110
Trd, 259118.933, 121
Trd, 259119.050, 131
Trd, 259119.267, 134
Trd, 259119.483, 131
Trd, 259119.867, 134
Trd, 259119.950, 111
Trd, 259120.000, 136
Trd, 259120.117, 111
Trd, 259120.350, 110
Trd, 259120.800, 127
Trd, 259120.833, 135
Trd, 259121.267, 139
Trd, 259122.083, 138
Trd, 259122.283, 137
Trd, 259122.317, 133
Trd, 259122.650, 126
Trd, 259122.783, 120
Trd, 259123.683, 115
Trd, 259123.867, 117
Trd, 259123.967, 108
Trd, 259124.117, 102
Trd, 259124.183, 86
Trd, 259124.900, 110
Trd, 259124.983, 112
Trd, 259125.017, 113
Trd, 259125.333, 119
Trd, 259125.383, 100
Trd, 259125.517, 79
Trd, 259125.600, 98
Trd, 259125.617, 85
Trd, 259125.783, 85
Trd, 259125.900, 109
Trd, 259126.133, 125
Trd, 259126.633, 140
Trd, 259126.933, 139
Trd, 259126.950, 125
Trd, 259127.033, 125
Trd, 259127.450, 122
Trd, 259127.833, 128
Trd, 259128.250, 135
Trd, 259128.517, 136
Trd, 259128.600, 134
Trd, 259129.017, 131
Trd, 259129.717, 139
Trd, 259129.933, 125
Trd, 259130.000, 123
Trd, 259130.217, 120
Trd, 259130.233, 115
Trd, 259130.600, 139
Trd, 259130.783, 106
Trd, 259131.417, 130
Trd, 259131.517, 139
Trd, 259131.833, 112
Trd, 259131.967, 137
Trd, 259132.217, 111
Trd, 259132.250, 102
Trd, 259132.317, 100
Trd, 259132.467, 109
Trd, 259133.033, 108
Trd, 259133.100, 109
Trd, 259133.183, 107
Trd, 259133.233, 108
Trd, 259133.617, 125
Trd, 259133.933, 127
Trd, 259133.967, 126
Trd, 259134.217, 118
Trd, 259134.267, 110
Trd, 259134.683, 129
Trd, 259134.950, 132
Trd, 259135.067, 127
Trd, 259135.133, 105
Trd, 259136.033, 118
Trd, 259136.333, 109
Trd, 259136.350, 122
Trd, 259136.450, 105
Trd, 259136.883, 112
Trd, 259136.933, 110
Trd, 259137.183, 100
Trd, 259137.800, 111
Trd, 259138.017, 112
Trd, 259138.050, 88
Trd, 259138.383, 87
Trd, 259138.417, 118
Trd, 259138.433, 121
Trd, 259138.700, 129
Trd, 259138.750, 118
Trd, 259138.817, 94
Trd, 259138.917, 107
Trd, 259139.050, 107
Trd, 259139.117, 137
Trd, 259139.233, 87
Trd, 259139.483, 84
Trd, 259139.533, 83
Trd, 259139.833, 101
Trd, 259139.967, 126
Trd, 259140.033, 121
Trd, 259140.217, 82
Trd, 259140.933, 129
Trd, 259141.017, 123
Trd, 259141.217, 132
Trd, 259141.400, 108
Trd, 259142.000, 111
Trd, 259142.833, 134
Trd, 259143.250, 138
Trd, 259143.700, 136
Trd, 259143.933, 139
Trd, 259143.950, 131
Trd, 259144.200, 131
Trd, 259144.533, 125
Trd, 259144.850, 124
Trd, 259145.067, 123
Trd, 259145.233, 117
Trd, 259145.283, 127
Trd, 259145.317, 115
Trd, 259145.733, 128
Trd, 259146.167, 127
Trd, 259146.600, 131
Trd, 259146.950, 113
Trd, 259147.167, 94
Trd, 259147.233, 103
Trd, 259147.333, 130
Trd, 259147.700, 98
Trd, 259147.750, 96
Trd, 259147.833, 77
Trd, 259147.917, 107
Trd, 259148.050, 76
Trd, 259148.450, 84
Trd, 259148.733, 117
Trd, 259148.983, 120
Trd, 259149.667, 95
Trd, 259149.783, 98
Trd, 259149.933, 129
Trd, 259150.233, 96
Trd, 259150.417, 104
Trd, 259150.600, 112
Trd, 259150.667, 110
Trd, 259150.800, 105
Trd, 259151.283, 111
Trd, 259151.383, 114
Trd, 259151.600, 130
Trd, 259151.883, 102
Trd, 259151.933, 101
Trd, 259152.483, 87
Trd, 259152.867, 104
Trd, 259153.250, 128
Trd, 259153.833, 118
Trd, 259154.017, 117
Trd, 259154.533, 135
Trd, 259154.617, 127
Trd, 259154.700, 116
Trd, 259154.817, 115
Trd, 259155.083, 115
Trd, 259155.100, 90
Trd, 259155.483, 140
Trd, 259155.717, 108
Trd, 259156.283, 140
Trd, 259156.350, 133
Trd, 259156.767, 129
Trd, 259156.867, 126
Trd, 259157.467, 125
Trd, 259157.500, 114
Trd, 259157.583, 111
Trd, 259157.767, 111
Trd, 259158.883, 110
Trd, 259158.967, 123
Trd, 259159.567, 126
Trd, 259159.767, 132
Trd, 259160.067, 119
Trd, 259160.667, 125
Trd, 259160.850, 125
Trd, 259160.917, 121
Trd, 259161.000, 125
Trd, 259161.683, 122
Trd, 259161.767, 120
Trd, 259162.067, 118
Trd, 259162.267, 133
Trd, 259162.967, 121
Trd, 259163.067, 108
Trd, 259163.567, 106
Trd, 259163.850, 140
Trd, 259164.150, 128
Trd, 259164.217, 124
Trd, 259164.350, 137
Trd, 259164.933, 131
Trd, 259165.050, 119
Trd, 259165.517, 122
Trd, 259165.583, 124
Trd, 259166.433, 130
Trd, 259166.617, 117
Trd, 259166.650, 115
Trd, 259166.900, 133
Trd, 259167.000, 136
Trd, 259167.083, 103
Trd, 259167.333, 127
Trd, 259167.383, 138
Trd, 259168.117, 123
Trd, 259168.867, 138
Trd, 259169.283, 120
Trd, 259169.450, 119
Trd, 259169.733, 129
Trd, 259169.750, 120
Trd, 259170.217, 132
Trd, 259170.567, 110
Trd, 259170.750, 132
Trd, 259171.200, 130
Trd, 259171.250, 114
Trd, 259171.333, 104
Trd, 259171.517, 97
Trd, 259171.967, 102
Trd, 259172.183, 103
Trd, 259172.750, 95
Trd, 259172.900, 102
Trd, 259172.950, 93
Trd, 259173.033, 130
Trd, 259173.083, 108
Trd, 259173.333, 127
Trd, 259174.100, 140
Trd, 259174.383, 134
Trd, 259174.400, 118
Trd, 259174.750, 110
Trd, 259174.867, 108
Trd, 259175.183, 105
Trd, 259175.817, 114
Trd, 259175.900, 112
Trd, 259176.033, 133
Trd, 259176.083, 130
Trd, 259176.283, 105
Trd, 259176.633, 132
Trd, 259176.750, 120
Trd, 259176.800, 136
Trd, 259176.833, 104
Trd, 259177.400, 133
Trd, 259178.050, 140
Trd, 259178.133, 140
Trd, 259178.233, 138
Trd, 259178.267, 136
Trd, 259178.283, 113
Trd, 259178.483, 114
Trd, 259178.783, 135
Trd, 259179.183, 130
Trd, 259179.233, 118
Trd, 259179.283, 127
Trd, 259179.400, 88
Trd, 259179.767, 102
Trd, 259179.917, 123
Trd, 259181.250, 137
Trd, 259181.333, 132
Trd, 259181.700, 135
Trd, 259181.717, 134
Trd, 259181.867, 129
Trd, 259182.083, 132
Trd, 259182.317, 126
Trd, 259182.983, 128
Trd, 259183.017, 126
Trd, 259183.300, 115
Trd, 259183.367, 109
Trd, 259183.450, 131
Trd, 259183.700, 97
Trd, 259183.833, 111
Trd, 259184.133, 87
Trd, 259184.250, 106
Trd, 259184.317, 80
Trd, 259184.483, 93
Trd, 259184.617, 93
Trd, 259184.833, 60
Trd, 259184.900, 78
Trd, 259185.433, 89
Trd, 259185.733, 132
Trd, 259185.833, 135
Trd, 259185.983, 125
Trd, 259186.267, 101
Trd, 259186.633, 108
Trd, 259186.933, 134
Trd, 259186.983, 100
Trd, 259187.033, 100
Trd, 259187.400, 117
Trd, 259187.833, 133
Trd, 259188.650, 132
Trd, 259189.017, 130
Trd, 259189.050, 129
Trd, 259190.300, 139
Trd, 259190.383, 139
Trd, 259190.500, 136
Trd, 259190.550, 133
Trd, 259191.567, 131
Trd, 259191.600, 118
Trd, 259191.867, 122
Trd, 259191.933, 110
Trd, 259192.017, 113
Trd, 259192.167, 135
Trd, 259192.217, 111
Trd, 259192.283, 109
Trd, 259192.450, 129
Trd, 259192.683, 138
Trd, 259192.800, 102
Trd, 259193.033, 134
Trd, 259193.650, 124
Trd, 259193.750, 119
Trd, 259193.767, 116
Trd, 259193.850, 108
Trd, 259194.233, 113
Trd, 259194.533, 104
Trd, 259194.667, 102
Trd, 259194.783, 97
Trd, 259194.900, 109
Trd, 259194.967, 108
Trd, 259195.100, 96
Trd, 259195.233, 110
Trd, 259195.650, 92
Trd, 259195.667, 102
Trd, 259195.800, 111
Trd, 259196.567, 117
Trd, 259196.833, 120
Trd, 259196.867, 122
Trd, 259197.133, 110
Trd, 259197.217, 106
Trd, 259197.233, 91
Trd, 259197.433, 125
Trd, 259198.283, 139
Trd, 259198.550, 132
Trd, 259198.817, 129
Trd, 259198.967, 124
Trd, 259199.050, 111
Trd, 259199.583, 110
Trd, 259199.667, 92
Trd, 259199.750, 90
