Trd, 258594.633, 130
Trd, 258594.800, 117
Trd, 258595.167, 140
Trd, 258595.233, 130
Trd, 258595.350, 87
Trd, 258595.450, 114
Trd, 258595.617, 115
Trd, 258595.733, 127
Trd, 258595.833, 93
Trd, 258596.000, 77
Trd, 258596.317, 75
Trd, 258596.733, 74
Trd, 258596.750, 82
Trd, 258596.800, 83
Trd, 258597.367, 81
Trd, 258597.383, 83
Trd, 258597.550, 79
Trd, 258597.583, 84
Trd, 258597.667, 88
Trd, 258597.833, 104
Trd, 258597.850, 72
Trd, 258597.883, 105
Trd, 258598.533, 108
Trd, 258598.867, 139
Trd, 258598.983, 140
Trd, 258599.000, 139
Trd, 258599.200, 140
Trd, 258599.700, 140
Trd, 258599.850, 140
Trd, 258600.067, 140
Trd, 258601.117, 140
Trd, 258601.717, 140
Trd, 258602.067, 140
Trd, 258602.200, 138
Trd, 258602.417, 139
Trd, 258602.533, 140
Trd, 258602.867, 139
Trd, 258602.950, 138
Trd, 258603.183, 139
Trd, 258603.367, 139
Trd, 258603.450, 138
Trd, 258603.550, 137
Trd, 258603.567, 140
Trd, 258603.650, 135
Trd, 258604.050, 138
Trd, 258604.233, 137
Trd, 258604.317, 138
Trd, 258604.550, 137
Trd, 258604.783, 138
Trd, 258605.017, 117
Trd, 258605.333, 137
Trd, 258605.400, 107
Trd, 258605.433, 89
Trd, 258605.800, 134
Trd, 258605.817, 90
Trd, 258605.850, 135
Trd, 258606.050, 138
Trd, 258606.150, 82
Trd, 258606.567, 62
Trd, 258606.783, 60
Trd, 258607.100, 140
Trd, 258607.217, 65
Trd, 258607.900, 138
Trd, 258608.517, 140
Trd, 258608.733, 140
Trd, 258609.050, 140
Trd, 258609.200, 140
Trd, 258609.500, 140
Trd, 258609.717, 140
Trd, 258609.867, 140
Trd, 258610.050, 140
Trd, 258610.250, 139
Trd, 258610.267, 138
Trd, 258610.317, 137
Trd, 258610.483, 137
Trd, 258610.583, 113
Trd, 258610.700, 140
Trd, 258610.833, 110
Trd, 258610.883, 107
Trd, 258611.050, 111
Trd, 258611.450, 99
Trd, 258611.483, 130
Trd, 258611.600, 80
Trd, 258611.717, 123
Trd, 258611.800, 140
Trd, 258612.567, 140
Trd, 258612.683, 140
Trd, 258613.100, 140
Trd, 258613.850, 140
Trd, 258614.033, 139
Trd, 258614.050, 138
Trd, 258614.133, 138
Trd, 258614.233, 139
Trd, 258614.483, 140
Trd, 258614.767, 136
Trd, 258614.833, 135
Trd, 258615.067, 139
Trd, 258615.183, 140
Trd, 258615.267, 133
Trd, 258616.183, 140
Trd, 258616.367, 138
Trd, 258616.650, 138
Trd, 258616.700, 137
Trd, 258616.817, 140
Trd, 258617.050, 136
Trd, 258617.667, 140
Trd, 258617.950, 140
Trd, 258618.083, 140
Trd, 258618.117, 139
Trd, 258618.267, 140
Trd, 258618.717, 135
Trd, 258618.983, 140
Trd, 258619.217, 139
Trd, 258619.550, 140
Trd, 258619.933, 140
Trd, 258620.133, 139
Trd, 258620.317, 140
Trd, 258620.350, 140
Trd, 258620.450, 139
Trd, 258620.900, 137
Trd, 258621.033, 134
Trd, 258621.500, 132
Trd, 258621.617, 127
Trd, 258621.667, 133
Trd, 258621.900, 119
Trd, 258622.150, 129
Trd, 258622.283, 105
Trd, 258622.350, 94
Trd, 258622.367, 131
Trd, 258622.583, 65
Trd, 258622.633, 133
Trd, 258622.717, 138
Trd, 258622.983, 137
Trd, 258623.283, 124
Trd, 258623.517, 138
Trd, 258623.783, 137
Trd, 258625.517, 140
Trd, 258625.667, 140
Trd, 258625.717, 140
Trd, 258625.800, 140
Trd, 258626.183, 139
Trd, 258626.317, 140
Trd, 258626.400, 140
Trd, 258626.467, 140
Trd, 258626.483, 139
Trd, 258626.650, 140
Trd, 258627.100, 139
Trd, 258627.250, 138
Trd, 258627.333, 138
Trd, 258627.467, 139
Trd, 258627.517, 137
Trd, 258627.950, 140
Trd, 258627.967, 139
Trd, 258628.200, 140
Trd, 258628.517, 140
Trd, 258628.617, 140
Trd, 258628.733, 140
Trd, 258628.800, 140
Trd, 258629.100, 140
Trd, 258629.933, 140
Trd, 258630.267, 140
Trd, 258630.367, 140
Trd, 258630.650, 140
Trd, 258630.700, 140
Trd, 258630.750, 140
Trd, 258631.000, 140
Trd, 258631.383, 139
Trd, 258631.450, 139
Trd, 258631.817, 137
Trd, 258631.850, 137
Trd, 258632.900, 139
Trd, 258633.317, 139
Trd, 258633.450, 138
Trd, 258633.617, 137
Trd, 258633.800, 133
Trd, 258634.167, 138
Trd, 258634.317, 125
Trd, 258634.533, 124
Trd, 258634.683, 124
Trd, 258635.017, 123
Trd, 258635.117, 134
Trd, 258635.567, 132
Trd, 258635.700, 130
Trd, 258635.967, 131
Trd, 258636.033, 132
Trd, 258636.217, 129
Trd, 258636.233, 127
Trd, 258636.383, 93
Trd, 258636.400, 92
Trd, 258636.567, 134
Trd, 258636.650, 137
Trd, 258637.183, 140
Trd, 258637.333, 140
Trd, 258637.350, 139
Trd, 258637.550, 139
Trd, 258637.633, 140
Trd, 258638.267, 140
Trd, 258638.467, 140
Trd, 258638.933, 140
Trd, 258638.950, 140
Trd, 258639.050, 140
Trd, 258639.067, 140
Trd, 258639.450, 139
Trd, 258639.700, 138
Trd, 258639.883, 138
Trd, 258640.217, 140
Trd, 258640.283, 133
Trd, 258640.600, 125
Trd, 258640.750, 106
Trd, 258640.900, 140
Trd, 258640.933, 139
Trd, 258641.067, 138
Trd, 258641.083, 95
Trd, 258641.150, 140
Trd, 258641.367, 75
Trd, 258642.067, 140
Trd, 258642.800, 140
Trd, 258643.000, 140
Trd, 258643.067, 140
Trd, 258643.183, 140
Trd, 258643.367, 140
Trd, 258643.450, 138
Trd, 258643.850, 137
Trd, 258644.217, 140
Trd, 258644.567, 140
Trd, 258645.100, 140
Trd, 258645.200, 140
Trd, 258645.467, 140
Trd, 258645.533, 140
Trd, 258645.700, 140
Trd, 258645.817, 139
Trd, 258645.917, 139
Trd, 258646.067, 140
Trd, 258646.167, 140
Trd, 258646.267, 140
Trd, 258646.483, 137
Trd, 258646.867, 138
Trd, 258647.200, 139
Trd, 258647.350, 139
Trd, 258647.617, 139
Trd, 258647.633, 140
Trd, 258647.750, 139
Trd, 258647.850, 138
Trd, 258647.867, 129
Trd, 258648.067, 108
Trd, 258649.100, 136
Trd, 258649.317, 139
Trd, 258649.367, 135
Trd, 258649.683, 140
Trd, 258650.367, 140
Trd, 258650.800, 140
Trd, 258650.867, 139
Trd, 258651.017, 139
Trd, 258651.067, 139
Trd, 258651.333, 140
Trd, 258651.683, 137
Trd, 258651.850, 138
Trd, 258652.217, 138
Trd, 258652.417, 137
Trd, 258652.517, 138
Trd, 258652.533, 139
Trd, 258652.750, 137
Trd, 258653.000, 136
Trd, 258653.167, 136
Trd, 258653.233, 136
Trd, 258653.250, 135
Trd, 258653.300, 134
Trd, 258653.317, 132
Trd, 258653.350, 137
Trd, 258653.450, 139
Trd, 258653.600, 133
Trd, 258653.867, 140
Trd, 258653.883, 140
Trd, 258654.400, 140
Trd, 258654.600, 139
Trd, 258654.783, 137
Trd, 258654.933, 105
Trd, 258655.183, 103
Trd, 258655.383, 138
Trd, 258655.867, 138
Trd, 258656.000, 137
Trd, 258656.033, 138
Trd, 258656.233, 99
Trd, 258656.267, 83
Trd, 258656.417, 82
Trd, 258656.683, 91
Trd, 258656.817, 140
Trd, 258657.667, 139
Trd, 258657.750, 139
Trd, 258657.783, 137
Trd, 258658.217, 140
Trd, 258658.500, 140
Trd, 258659.000, 140
Trd, 258659.250, 140
Trd, 258659.467, 140
Trd, 258659.583, 140
Trd, 258659.983, 140
Trd, 258660.100, 139
Trd, 258660.383, 139
Trd, 258660.450, 140
Trd, 258660.583, 137
Trd, 258660.833, 137
Trd, 258661.500, 140
Trd, 258661.567, 139
Trd, 258661.667, 139
Trd, 258661.750, 140
Trd, 258661.900, 140
Trd, 258661.967, 140
Trd, 258662.050, 140
Trd, 258662.117, 138
Trd, 258662.167, 133
Trd, 258662.800, 140
Trd, 258662.883, 140
Trd, 258663.000, 138
Trd, 258663.033, 137
Trd, 258663.233, 139
Trd, 258663.350, 140
Trd, 258663.750, 139
Trd, 258664.000, 137
Trd, 258664.133, 135
Trd, 258664.267, 132
Trd, 258664.783, 140
Trd, 258664.850, 140
Trd, 258664.983, 132
Trd, 258665.333, 136
Trd, 258665.350, 112
Trd, 258665.750, 136
Trd, 258665.933, 109
Trd, 258666.133, 135
Trd, 258666.400, 136
Trd, 258666.617, 133
Trd, 258666.783, 114
Trd, 258666.900, 134
Trd, 258667.283, 129
Trd, 258667.817, 131
Trd, 258667.883, 127
Trd, 258667.917, 130
Trd, 258668.233, 123
Trd, 258668.350, 124
Trd, 258668.533, 116
Trd, 258668.767, 117
Trd, 258668.817, 116
Trd, 258669.000, 129
Trd, 258669.150, 114
Trd, 258669.367, 136
Trd, 258669.450, 113
Trd, 258669.483, 84
Trd, 258670.150, 140
Trd, 258670.317, 140
Trd, 258670.533, 140
Trd, 258671.033, 140
Trd, 258671.733, 140
Trd, 258672.267, 140
Trd, 258672.350, 140
Trd, 258672.367, 140
Trd, 258672.517, 140
Trd, 258672.600, 140
Trd, 258672.617, 139
Trd, 258672.683, 138
Trd, 258673.200, 139
Trd, 258673.233, 139
Trd, 258673.400, 140
Trd, 258675.183, 140
Trd, 258675.333, 140
Trd, 258675.383, 140
Trd, 258675.467, 140
Trd, 258675.500, 139
Trd, 258675.567, 139
Trd, 258675.667, 140
Trd, 258675.800, 139
Trd, 258676.267, 140
Trd, 258676.650, 140
Trd, 258676.950, 140
Trd, 258677.283, 140
Trd, 258677.550, 140
Trd, 258677.650, 140
Trd, 258677.733, 140
Trd, 258677.767, 139
Trd, 258677.850, 139
Trd, 258678.100, 139
Trd, 258678.267, 136
Trd, 258678.450, 139
Trd, 258678.500, 129
Trd, 258678.817, 137
Trd, 258678.917, 138
Trd, 258679.367, 126
Trd, 258679.817, 138
Trd, 258679.917, 127
Trd, 258680.100, 140
Trd, 258680.317, 134
Trd, 258680.417, 129
Trd, 258680.550, 140
Trd, 258680.567, 128
Trd, 258680.617, 125
Trd, 258681.133, 138
Trd, 258681.233, 120
Trd, 258682.017, 140
Trd, 258682.183, 140
Trd, 258682.333, 140
Trd, 258682.500, 140
Trd, 258682.700, 140
Trd, 258682.850, 140
Trd, 258683.033, 138
Trd, 258683.050, 128
Trd, 258683.150, 138
Trd, 258683.350, 137
Trd, 258683.567, 126
Trd, 258683.667, 137
Trd, 258683.817, 128
Trd, 258683.833, 138
Trd, 258684.117, 126
Trd, 258684.650, 139
Trd, 258684.767, 138
Trd, 258684.783, 122
Trd, 258685.650, 136
Trd, 258685.867, 137
Trd, 258686.083, 136
Trd, 258686.200, 121
Trd, 258686.767, 60
Trd, 258686.800, 60
Trd, 258686.817, 60
Trd, 258686.917, 60
Trd, 258687.517, 60
Trd, 258687.600, 60
Trd, 258687.733, 60
Trd, 258687.817, 64
Trd, 258687.950, 65
Trd, 258688.250, 60
Trd, 258688.400, 84
Trd, 258688.550, 62
Trd, 258688.633, 112
Trd, 258688.667, 113
Trd, 258688.867, 138
Trd, 258689.117, 140
Trd, 258689.150, 140
Trd, 258690.183, 140
Trd, 258690.233, 140
Trd, 258690.333, 140
Trd, 258690.367, 80
Trd, 258691.667, 140
Trd, 258691.783, 140
Trd, 258691.883, 140
Trd, 258692.233, 140
Trd, 258692.267, 140
Trd, 258692.300, 140
Trd, 258692.467, 140
Trd, 258692.533, 140
Trd, 258692.617, 138
Trd, 258692.950, 140
Trd, 258693.217, 120
Trd, 258693.233, 104
Trd, 258693.367, 131
Trd, 258693.417, 103
Trd, 258693.483, 79
Trd, 258693.567, 78
Trd, 258694.417, 140
Trd, 258694.617, 140
Trd, 258694.767, 140
Trd, 258694.883, 138
Trd, 258695.050, 138
Trd, 258695.133, 140
Trd, 258695.533, 140
Trd, 258695.600, 139
Trd, 258695.683, 137
Trd, 258695.967, 138
Trd, 258696.217, 136
Trd, 258696.817, 138
Trd, 258697.267, 139
Trd, 258697.433, 137
Trd, 258697.983, 140
Trd, 258698.233, 139
Trd, 258698.933, 140
Trd, 258698.967, 140
Trd, 258699.517, 140
Trd, 258699.783, 140
Trd, 258699.817, 140
Trd, 258700.000, 140
Trd, 258700.050, 140
Trd, 258700.133, 140
Trd, 258700.167, 140
Trd, 258700.533, 140
Trd, 258700.633, 140
Trd, 258700.817, 139
Trd, 258700.833, 138
Trd, 258701.083, 140
Trd, 258701.150, 138
Trd, 258701.167, 138
Trd, 258701.267, 138
Trd, 258701.350, 138
Trd, 258701.400, 137
Trd, 258701.417, 133
Trd, 258702.100, 128
Trd, 258702.233, 129
Trd, 258702.400, 119
Trd, 258702.717, 103
Trd, 258702.750, 85
Trd, 258702.883, 60
Trd, 258703.033, 128
Trd, 258703.183, 129
Trd, 258703.217, 126
Trd, 258703.650, 128
Trd, 258703.667, 130
Trd, 258703.967, 128
Trd, 258704.183, 127
Trd, 258704.467, 119
Trd, 258705.100, 140
Trd, 258705.217, 140
Trd, 258705.267, 140
Trd, 258705.400, 139
Trd, 258705.650, 135
Trd, 258705.700, 77
Trd, 258705.733, 139
Trd, 258706.217, 60
Trd, 258706.233, 67
Trd, 258706.383, 61
Trd, 258706.450, 139
Trd, 258706.600, 60
Trd, 258706.667, 60
Trd, 258706.950, 139
Trd, 258707.700, 130
Trd, 258707.767, 132
Trd, 258708.117, 133
Trd, 258708.550, 130
Trd, 258708.633, 129
Trd, 258708.650, 133
Trd, 258708.683, 110
Trd, 258709.000, 99
Trd, 258709.350, 133
Trd, 258709.383, 139
Trd, 258709.433, 132
Trd, 258710.817, 140
Trd, 258711.167, 140
Trd, 258711.617, 140
Trd, 258711.700, 140
Trd, 258711.717, 140
Trd, 258711.867, 140
Trd, 258711.967, 139
Trd, 258712.083, 139
Trd, 258712.100, 138
Trd, 258712.717, 140
Trd, 258712.983, 140
Trd, 258713.117, 140
Trd, 258713.250, 139
Trd, 258713.350, 140
Trd, 258713.517, 140
Trd, 258713.867, 140
Trd, 258713.967, 140
Trd, 258714.150, 140
Trd, 258714.317, 139
Trd, 258714.400, 137
Trd, 258714.767, 130
Trd, 258715.017, 140
Trd, 258715.450, 140
Trd, 258715.517, 139
Trd, 258715.650, 138
Trd, 258715.700, 138
Trd, 258716.200, 122
Trd, 258716.317, 118
Trd, 258716.367, 137
Trd, 258716.433, 139
Trd, 258716.500, 129
Trd, 258716.667, 118
Trd, 258717.067, 138
Trd, 258717.467, 129
Trd, 258717.650, 140
Trd, 258717.783, 139
Trd, 258718.050, 125
Trd, 258719.033, 140
Trd, 258719.733, 140
Trd, 258719.933, 140
Trd, 258720.400, 140
Trd, 258720.417, 140
Trd, 258720.483, 140
Trd, 258720.500, 140
Trd, 258720.733, 140
Trd, 258720.950, 140
Trd, 258720.983, 140
Trd, 258721.050, 139
Trd, 258721.183, 140
Trd, 258721.217, 139
Trd, 258721.333, 137
Trd, 258721.900, 139
Trd, 258722.050, 138
Trd, 258722.250, 137
Trd, 258722.283, 135
Trd, 258722.333, 132
Trd, 258722.350, 140
Trd, 258722.850, 140
Trd, 258723.150, 139
Trd, 258723.817, 140
Trd, 258723.833, 140
Trd, 258724.250, 138
Trd, 258725.000, 130
Trd, 258725.050, 129
Trd, 258725.067, 119
Trd, 258725.133, 117
Trd, 258725.400, 137
Trd, 258725.600, 107
Trd, 258725.650, 140
Trd, 258726.000, 60
Trd, 258726.083, 60
Trd, 258726.433, 138
Trd, 258726.717, 134
Trd, 258726.917, 62
Trd, 258726.983, 63
Trd, 258727.067, 72
Trd, 258727.167, 81
Trd, 258727.483, 81
Trd, 258727.550, 67
Trd, 258727.583, 67
Trd, 258727.600, 81
Trd, 258727.767, 66
Trd, 258727.983, 81
Trd, 258728.033, 83
Trd, 258728.100, 138
Trd, 258728.183, 126
Trd, 258728.333, 79
Trd, 258728.633, 138
Trd, 258728.700, 140
Trd, 258729.050, 140
Trd, 258730.383, 140
Trd, 258730.450, 140
Trd, 258730.733, 140
Trd, 258731.067, 140
Trd, 258731.367, 140
Trd, 258731.400, 140
Trd, 258731.583, 140
Trd, 258731.600, 139
Trd, 258731.683, 140
Trd, 258732.067, 139
Trd, 258732.383, 140
Trd, 258732.917, 140
Trd, 258733.033, 140
Trd, 258733.083, 140
Trd, 258733.350, 140
Trd, 258733.550, 140
Trd, 258733.717, 140
Trd, 258733.767, 139
Trd, 258733.833, 138
Trd, 258733.933, 137
Trd, 258734.000, 140
Trd, 258734.500, 140
Trd, 258734.533, 140
Trd, 258734.900, 140
Trd, 258735.133, 140
Trd, 258735.233, 139
Trd, 258736.500, 140
Trd, 258736.550, 140
Trd, 258736.600, 139
Trd, 258736.783, 140
Trd, 258736.883, 139
Trd, 258736.900, 139
Trd, 258736.917, 140
Trd, 258737.017, 131
Trd, 258737.300, 135
Trd, 258737.667, 140
Trd, 258737.900, 140
Trd, 258738.200, 140
Trd, 258738.267, 140
Trd, 258738.283, 139
Trd, 258738.383, 140
Trd, 258738.483, 137
Trd, 258738.667, 140
Trd, 258738.800, 138
Trd, 258739.250, 139
Trd, 258739.983, 140
Trd, 258740.150, 138
Trd, 258740.217, 134
Trd, 258740.533, 139
Trd, 258740.750, 138
Trd, 258741.050, 137
Trd, 258742.033, 140
Trd, 258742.350, 140
Trd, 258742.500, 140
Trd, 258742.767, 140
Trd, 258742.950, 140
Trd, 258743.033, 140
Trd, 258743.183, 137
Trd, 258743.200, 137
Trd, 258743.333, 127
Trd, 258743.483, 122
Trd, 258743.600, 121
Trd, 258743.667, 135
Trd, 258743.683, 137
Trd, 258743.917, 125
Trd, 258743.933, 119
Trd, 258744.050, 84
Trd, 258744.450, 137
Trd, 258744.567, 137
Trd, 258744.600, 140
Trd, 258744.750, 140
Trd, 258745.017, 140
Trd, 258745.033, 140
Trd, 258745.133, 136
Trd, 258745.150, 95
Trd, 258745.383, 123
Trd, 258745.467, 74
Trd, 258745.867, 138
Trd, 258746.500, 139
Trd, 258746.533, 138
Trd, 258747.133, 138
Trd, 258747.300, 137
Trd, 258747.367, 136
Trd, 258747.717, 130
Trd, 258747.767, 95
Trd, 258747.800, 132
Trd, 258747.833, 134
Trd, 258748.217, 62
Trd, 258748.267, 88
Trd, 258748.283, 116
Trd, 258748.383, 134
Trd, 258748.567, 61
Trd, 258748.917, 76
Trd, 258749.900, 60
Trd, 258750.083, 67
Trd, 258750.700, 61
Trd, 258750.717, 62
Trd, 258750.917, 62
Trd, 258751.083, 61
Trd, 258751.117, 62
Trd, 258751.133, 63
Trd, 258751.417, 64
Trd, 258751.667, 64
Trd, 258751.983, 62
Trd, 258752.283, 70
Trd, 258752.400, 67
Trd, 258752.517, 105
Trd, 258752.667, 117
Trd, 258753.167, 139
Trd, 258753.600, 140
Trd, 258753.717, 140
Trd, 258753.933, 140
Trd, 258754.383, 140
Trd, 258754.433, 140
Trd, 258754.567, 140
Trd, 258754.650, 140
Trd, 258755.017, 140
Trd, 258755.050, 139
Trd, 258755.133, 139
Trd, 258755.767, 116
Trd, 258755.833, 114
Trd, 258755.900, 133
Trd, 258755.983, 133
Trd, 258756.000, 106
Trd, 258756.050, 134
Trd, 258756.083, 112
Trd, 258756.317, 89
Trd, 258756.433, 131
Trd, 258756.533, 132
Trd, 258756.683, 134
Trd, 258757.100, 125
Trd, 258757.367, 127
Trd, 258757.533, 126
Trd, 258757.717, 132
Trd, 258757.783, 128
Trd, 258757.833, 133
Trd, 258758.133, 135
Trd, 258758.417, 139
Trd, 258758.600, 121
Trd, 258759.033, 126
Trd, 258759.483, 140
Trd, 258759.533, 140
Trd, 258759.767, 140
Trd, 258760.517, 140
Trd, 258760.867, 140
Trd, 258760.933, 140
Trd, 258760.950, 140
Trd, 258761.150, 140
Trd, 258761.267, 139
Trd, 258761.383, 139
Trd, 258761.417, 139
Trd, 258761.900, 140
Trd, 258762.100, 140
Trd, 258762.217, 140
Trd, 258762.633, 140
Trd, 258762.667, 140
Trd, 258762.917, 140
Trd, 258763.533, 139
Trd, 258763.817, 137
Trd, 258764.150, 140
Trd, 258764.567, 140
Trd, 258764.733, 137
Trd, 258764.750, 135
Trd, 258764.950, 140
Trd, 258765.400, 140
Trd, 258765.517, 140
Trd, 258765.667, 139
Trd, 258765.683, 139
Trd, 258765.783, 137
Trd, 258765.967, 136
Trd, 258766.033, 134
Trd, 258766.050, 132
Trd, 258766.533, 131
Trd, 258766.783, 131
Trd, 258766.933, 130
Trd, 258767.067, 129
Trd, 258767.133, 100
Trd, 258767.267, 128
Trd, 258767.483, 133
Trd, 258767.667, 134
Trd, 258768.233, 140
Trd, 258768.333, 139
Trd, 258768.367, 127
Trd, 258768.533, 139
Trd, 258768.950, 139
Trd, 258769.500, 140
Trd, 258769.617, 139
Trd, 258769.733, 139
Trd, 258769.750, 138
Trd, 258769.800, 138
Trd, 258770.267, 139
Trd, 258770.300, 135
Trd, 258770.600, 123
Trd, 258770.883, 88
Trd, 258771.100, 87
Trd, 258771.317, 78
Trd, 258771.750, 82
Trd, 258771.817, 83
Trd, 258771.967, 96
Trd, 258772.200, 68
Trd, 258772.467, 60
Trd, 258772.717, 60
Trd, 258772.783, 60
Trd, 258772.833, 63
Trd, 258773.200, 113
Trd, 258773.650, 140
Trd, 258774.133, 140
Trd, 258774.317, 140
Trd, 258774.433, 140
Trd, 258774.917, 140
Trd, 258775.283, 140
Trd, 258775.667, 140
Trd, 258776.400, 140
Trd, 258776.417, 140
Trd, 258776.517, 140
Trd, 258776.650, 140
Trd, 258776.783, 140
Trd, 258776.900, 139
Trd, 258777.000, 139
Trd, 258777.150, 140
Trd, 258777.217, 139
Trd, 258777.267, 140
Trd, 258777.400, 138
Trd, 258777.467, 137
Trd, 258777.517, 111
Trd, 258777.533, 137
Trd, 258777.717, 138
Trd, 258777.783, 139
Trd, 258778.433, 137
Trd, 258778.450, 108
Trd, 258778.633, 132
Trd, 258778.917, 134
Trd, 258779.200, 140
Trd, 258779.600, 140
Trd, 258779.750, 140
Trd, 258780.483, 140
Trd, 258781.333, 140
Trd, 258781.517, 140
Trd, 258781.683, 140
Trd, 258781.700, 140
Trd, 258781.833, 140
Trd, 258782.200, 140
Trd, 258782.533, 140
Trd, 258782.783, 140
Trd, 258782.967, 139
Trd, 258783.167, 139
Trd, 258783.250, 140
Trd, 258783.350, 138
Trd, 258783.417, 136
Trd, 258783.633, 139
Trd, 258783.883, 138
Trd, 258784.100, 137
Trd, 258784.167, 139
Trd, 258784.267, 134
Trd, 258784.367, 139
Trd, 258784.483, 134
Trd, 258784.733, 140
Trd, 258784.900, 140
Trd, 258785.617, 140
Trd, 258785.750, 140
Trd, 258786.017, 140
Trd, 258786.100, 140
Trd, 258786.600, 140
Trd, 258787.800, 140
Trd, 258787.983, 140
Trd, 258788.000, 140
Trd, 258788.100, 140
Trd, 258788.167, 140
Trd, 258788.550, 140
Trd, 258788.883, 140
Trd, 258789.350, 140
Trd, 258789.600, 140
Trd, 258789.650, 140
Trd, 258789.717, 140
Trd, 258789.850, 139
Trd, 258789.917, 139
Trd, 258790.050, 139
Trd, 258790.150, 139
Trd, 258790.350, 138
Trd, 258790.450, 138
Trd, 258790.567, 140
Trd, 258790.700, 140
Trd, 258790.850, 140
Trd, 258790.883, 139
Trd, 258791.233, 137
Trd, 258791.467, 136
Trd, 258791.667, 135
Trd, 258791.783, 140
Trd, 258792.117, 134
Trd, 258792.233, 128
Trd, 258792.350, 127
Trd, 258792.433, 126
Trd, 258792.567, 140
Trd, 258792.600, 140
Trd, 258792.750, 138
Trd, 258793.167, 140
Trd, 258793.550, 128
Trd, 258793.667, 139
Trd, 258793.967, 139
Trd, 258795.217, 140
Trd, 258795.583, 140
Trd, 258795.967, 140
Trd, 258796.017, 140
Trd, 258796.050, 140
Trd, 258796.167, 140
Trd, 258796.350, 139
Trd, 258796.433, 139
Trd, 258796.500, 139
Trd, 258796.517, 140
Trd, 258796.733, 139
Trd, 258797.017, 138
Trd, 258797.083, 138
Trd, 258797.117, 138
Trd, 258797.233, 139
Trd, 258797.267, 138
Trd, 258797.517, 137
Trd, 258797.650, 140
Trd, 258797.917, 137
Trd, 258797.983, 120
Trd, 258798.000, 96
Trd, 258798.783, 125
Trd, 258799.017, 130
Trd, 258799.583, 121
Trd, 258799.600, 112
Trd, 258799.650, 125
Trd, 258799.667, 88
Trd, 258799.750, 135
Trd, 258799.883, 126
Trd, 258800.133, 137
Trd, 258800.317, 140
Trd, 258800.533, 140
Trd, 258800.917, 140
Trd, 258801.000, 140
Trd, 258801.250, 140
Trd, 258801.283, 128
Trd, 258801.467, 132
Trd, 258802.100, 140
Trd, 258802.733, 140
Trd, 258803.067, 140
Trd, 258803.150, 139
Trd, 258803.383, 133
Trd, 258803.617, 132
Trd, 258803.683, 119
Trd, 258803.717, 133
Trd, 258803.900, 111
Trd, 258804.033, 131
Trd, 258804.667, 111
Trd, 258805.200, 128
Trd, 258805.233, 110
Trd, 258805.267, 130
Trd, 258805.650, 138
Trd, 258805.767, 140
Trd, 258806.900, 140
Trd, 258807.400, 140
Trd, 258807.750, 140
Trd, 258807.917, 140
Trd, 258808.000, 140
Trd, 258808.200, 140
Trd, 258808.550, 140
Trd, 258808.683, 139
Trd, 258808.733, 139
Trd, 258808.817, 138
Trd, 258808.900, 140
Trd, 258809.183, 140
Trd, 258809.217, 137
Trd, 258809.383, 138
Trd, 258809.517, 137
Trd, 258809.750, 138
Trd, 258809.950, 136
Trd, 258810.000, 136
Trd, 258810.150, 127
Trd, 258810.183, 134
Trd, 258810.250, 124
Trd, 258811.100, 102
Trd, 258811.133, 135
Trd, 258811.150, 136
Trd, 258811.467, 103
Trd, 258811.500, 103
Trd, 258811.817, 136
Trd, 258811.950, 102
Trd, 258812.200, 107
Trd, 258812.950, 140
Trd, 258813.100, 140
Trd, 258813.150, 138
Trd, 258813.250, 138
Trd, 258813.300, 140
Trd, 258813.500, 140
Trd, 258814.033, 140
Trd, 258814.083, 140
Trd, 258814.467, 140
Trd, 258814.500, 140
Trd, 258814.550, 140
Trd, 258814.733, 140
Trd, 258815.133, 140
Trd, 258815.533, 140
Trd, 258815.867, 140
Trd, 258815.917, 140
Trd, 258816.100, 140
Trd, 258816.500, 140
Trd, 258817.067, 140
Trd, 258817.117, 140
Trd, 258817.317, 139
Trd, 258817.400, 138
Trd, 258817.550, 140
Trd, 258817.850, 137
Trd, 258817.883, 135
Trd, 258818.233, 138
Trd, 258818.817, 139
Trd, 258819.200, 139
Trd, 258819.917, 139
Trd, 258819.933, 139
Trd, 258820.167, 140
Trd, 258820.200, 140
Trd, 258820.350, 140
Trd, 258821.033, 140
Trd, 258821.050, 139
Trd, 258821.117, 139
Trd, 258821.250, 137
Trd, 258821.317, 136
Trd, 258821.433, 137
Trd, 258821.583, 139
Trd, 258821.667, 132
Trd, 258821.783, 131
Trd, 258821.917, 137
Trd, 258822.467, 140
Trd, 258822.650, 140
Trd, 258822.717, 140
Trd, 258822.767, 140
Trd, 258822.783, 139
Trd, 258823.100, 139
Trd, 258823.183, 138
Trd, 258823.350, 137
Trd, 258823.750, 125
Trd, 258824.017, 106
Trd, 258824.133, 130
Trd, 258824.850, 109
Trd, 258825.150, 127
Trd, 258825.517, 124
Trd, 258825.550, 125
Trd, 258825.717, 117
Trd, 258825.983, 118
Trd, 258826.267, 116
Trd, 258826.533, 122
Trd, 258826.650, 118
Trd, 258826.667, 123
Trd, 258826.967, 116
Trd, 258827.450, 119
Trd, 258827.650, 113
Trd, 258827.967, 114
Trd, 258827.983, 115
Trd, 258828.033, 117
Trd, 258828.183, 90
Trd, 258828.333, 75
Trd, 258828.383, 99
Trd, 258828.483, 92
Trd, 258828.500, 100
Trd, 258828.517, 118
Trd, 258828.950, 140
Trd, 258829.283, 140
Trd, 258829.500, 140
Trd, 258829.517, 139
Trd, 258829.683, 139
Trd, 258829.800, 140
Trd, 258829.917, 139
Trd, 258830.367, 138
Trd, 258830.500, 140
Trd, 258830.583, 140
Trd, 258830.600, 129
Trd, 258830.967, 136
Trd, 258831.750, 140
Trd, 258831.867, 140
Trd, 258832.767, 140
Trd, 258832.817, 140
Trd, 258833.167, 140
Trd, 258833.317, 140
Trd, 258833.333, 140
Trd, 258833.383, 140
Trd, 258833.483, 139
Trd, 258833.567, 140
Trd, 258833.600, 138
Trd, 258833.633, 138
Trd, 258834.100, 140
Trd, 258834.300, 140
Trd, 258834.317, 140
Trd, 258834.467, 140
Trd, 258834.750, 140
Trd, 258834.917, 140
Trd, 258835.117, 140
Trd, 258835.150, 139
Trd, 258835.250, 137
Trd, 258835.550, 136
Trd, 258835.767, 130
Trd, 258835.900, 136
Trd, 258835.967, 137
Trd, 258836.067, 140
Trd, 258837.217, 140
Trd, 258837.250, 140
Trd, 258837.483, 140
Trd, 258837.750, 140
Trd, 258837.783, 140
Trd, 258837.900, 140
Trd, 258838.167, 140
Trd, 258838.200, 135
Trd, 258838.433, 135
Trd, 258838.600, 137
Trd, 258838.783, 140
Trd, 258839.717, 140
Trd, 258840.100, 140
Trd, 258840.217, 140
Trd, 258840.317, 140
Trd, 258840.417, 139
Trd, 258840.617, 137
Trd, 258840.733, 137
Trd, 258840.867, 136
Trd, 258841.000, 135
Trd, 258841.033, 138
Trd, 258841.283, 138
Trd, 258841.733, 137
Trd, 258841.867, 133
Trd, 258842.133, 133
Trd, 258842.200, 128
Trd, 258842.400, 105
Trd, 258842.483, 138
Trd, 258842.650, 133
Trd, 258842.900, 138
Trd, 258842.983, 105
Trd, 258843.017, 86
Trd, 258843.067, 60
Trd, 258843.367, 71
Trd, 258843.533, 72
Trd, 258843.583, 135
Trd, 258843.933, 139
Trd, 258845.617, 140
Trd, 258845.817, 140
Trd, 258846.100, 140
Trd, 258846.267, 140
Trd, 258846.850, 140
Trd, 258846.917, 140
Trd, 258847.133, 139
Trd, 258847.217, 138
Trd, 258847.417, 136
Trd, 258847.433, 137
Trd, 258847.700, 137
Trd, 258847.717, 137
Trd, 258847.933, 137
Trd, 258847.983, 138
Trd, 258848.417, 140
Trd, 258848.517, 138
Trd, 258848.533, 136
Trd, 258848.767, 136
Trd, 258848.917, 140
Trd, 258849.150, 139
Trd, 258849.350, 140
Trd, 258849.583, 140
Trd, 258849.667, 140
Trd, 258849.683, 139
Trd, 258849.733, 137
Trd, 258849.867, 121
Trd, 258850.267, 140
Trd, 258850.300, 140
Trd, 258851.167, 140
Trd, 258851.800, 140
Trd, 258851.900, 140
Trd, 258852.133, 140
Trd, 258852.617, 140
Trd, 258852.783, 140
Trd, 258853.400, 140
Trd, 258853.433, 140
Trd, 258853.600, 140
Trd, 258853.617, 140
Trd, 258853.633, 140
Trd, 258853.750, 140
Trd, 258853.850, 138
Trd, 258853.983, 136
Trd, 258854.083, 130
Trd, 258854.200, 131
Trd, 258854.500, 131
Trd, 258854.733, 127
Trd, 258854.867, 99
Trd, 258854.983, 128
Trd, 258855.067, 89
Trd, 258855.417, 127
Trd, 258855.667, 104
Trd, 258855.717, 77
Trd, 258856.117, 124
Trd, 258856.367, 123
Trd, 258856.400, 125
Trd, 258856.567, 91
Trd, 258856.933, 104
Trd, 258857.050, 128
Trd, 258857.150, 129
Trd, 258857.267, 132
Trd, 258857.350, 104
Trd, 258858.067, 140
Trd, 258858.150, 140
Trd, 258858.300, 140
Trd, 258858.317, 139
Trd, 258858.417, 140
Trd, 258858.533, 140
Trd, 258858.650, 140
Trd, 258858.867, 138
Trd, 258858.917, 140
Trd, 258859.017, 135
Trd, 258859.567, 139
Trd, 258859.633, 139
Trd, 258859.767, 124
Trd, 258860.200, 138
Trd, 258860.250, 136
Trd, 258860.333, 99
Trd, 258860.517, 73
Trd, 258860.717, 140
Trd, 258861.017, 140
Trd, 258861.067, 140
Trd, 258861.117, 128
Trd, 258861.950, 140
Trd, 258862.583, 140
Trd, 258862.600, 139
Trd, 258862.800, 140
Trd, 258862.867, 140
Trd, 258862.900, 139
Trd, 258863.117, 135
Trd, 258863.333, 135
Trd, 258863.433, 135
Trd, 258863.500, 136
Trd, 258863.683, 133
Trd, 258863.817, 138
Trd, 258863.917, 140
Trd, 258864.017, 125
Trd, 258864.450, 128
Trd, 258864.867, 138
Trd, 258864.883, 127
Trd, 258864.917, 119
Trd, 258865.117, 140
Trd, 258865.150, 94
Trd, 258865.283, 83
Trd, 258865.800, 87
Trd, 258865.850, 137
Trd, 258866.133, 137
Trd, 258866.167, 139
Trd, 258866.583, 125
Trd, 258866.900, 86
Trd, 258866.917, 119
Trd, 258867.683, 140
Trd, 258867.817, 140
Trd, 258868.500, 140
Trd, 258868.533, 140
Trd, 258868.583, 140
Trd, 258869.100, 140
Trd, 258869.233, 140
Trd, 258869.383, 140
Trd, 258869.417, 139
Trd, 258870.150, 140
Trd, 258870.983, 140
Trd, 258871.000, 140
Trd, 258871.017, 140
Trd, 258871.100, 138
Trd, 258871.300, 140
Trd, 258871.600, 140
Trd, 258871.717, 140
Trd, 258872.000, 137
Trd, 258872.150, 138
Trd, 258872.217, 133
Trd, 258872.367, 132
Trd, 258872.550, 137
Trd, 258872.683, 134
Trd, 258872.750, 137
Trd, 258872.900, 138
Trd, 258872.967, 124
Trd, 258873.033, 104
Trd, 258873.283, 120
Trd, 258873.583, 139
Trd, 258874.000, 139
Trd, 258874.050, 138
Trd, 258874.067, 125
Trd, 258874.183, 119
Trd, 258874.433, 88
Trd, 258874.483, 88
Trd, 258874.650, 115
Trd, 258874.783, 89
Trd, 258874.933, 114
Trd, 258875.167, 112
Trd, 258875.250, 113
Trd, 258875.550, 113
Trd, 258875.817, 113
Trd, 258876.133, 98
Trd, 258876.200, 114
Trd, 258876.300, 132
Trd, 258876.467, 98
Trd, 258876.900, 139
Trd, 258877.333, 139
Trd, 258877.767, 140
Trd, 258878.500, 140
Trd, 258879.100, 140
Trd, 258879.300, 139
Trd, 258879.550, 140
Trd, 258879.567, 140
Trd, 258879.683, 140
Trd, 258879.950, 137
Trd, 258880.000, 135
Trd, 258880.817, 139
Trd, 258880.867, 137
Trd, 258881.233, 139
Trd, 258881.400, 140
Trd, 258881.600, 140
Trd, 258881.983, 140
Trd, 258882.217, 140
Trd, 258882.283, 140
Trd, 258882.317, 140
Trd, 258882.617, 139
Trd, 258882.667, 139
Trd, 258882.700, 140
Trd, 258882.817, 139
Trd, 258882.983, 140
Trd, 258883.167, 139
Trd, 258883.300, 138
Trd, 258883.567, 138
Trd, 258883.933, 136
Trd, 258884.500, 129
Trd, 258884.683, 128
Trd, 258884.717, 126
Trd, 258884.733, 136
Trd, 258884.767, 123
Trd, 258885.050, 98
Trd, 258885.500, 120
Trd, 258885.967, 100
Trd, 258886.017, 100
Trd, 258886.050, 101
Trd, 258886.133, 101
Trd, 258886.333, 101
Trd, 258886.500, 128
Trd, 258886.800, 90
Trd, 258886.867, 87
Trd, 258887.017, 129
Trd, 258887.183, 130
Trd, 258887.533, 119
Trd, 258887.583, 128
Trd, 258887.650, 126
Trd, 258887.800, 74
Trd, 258887.817, 73
Trd, 258887.933, 63
Trd, 258888.167, 140
Trd, 258889.200, 140
Trd, 258889.633, 140
Trd, 258889.983, 140
Trd, 258890.150, 140
Trd, 258890.517, 140
Trd, 258890.783, 140
Trd, 258890.817, 139
Trd, 258890.967, 140
Trd, 258891.200, 139
Trd, 258891.283, 138
Trd, 258891.900, 140
Trd, 258892.033, 139
Trd, 258892.050, 139
Trd, 258892.183, 140
Trd, 258892.350, 140
Trd, 258892.467, 139
Trd, 258892.650, 139
Trd, 258893.017, 140
Trd, 258893.100, 140
Trd, 258893.483, 139
Trd, 258893.500, 137
Trd, 258893.767, 136
Trd, 258894.217, 139
Trd, 258894.500, 138
Trd, 258894.600, 140
Trd, 258894.983, 140
Trd, 258895.317, 136
Trd, 258895.667, 135
Trd, 258895.883, 134
Trd, 258896.083, 138
Trd, 258896.783, 139
Trd, 258897.083, 137
Trd, 258897.383, 140
Trd, 258897.483, 140
Trd, 258897.517, 140
Trd, 258897.800, 140
Trd, 258897.983, 140
Trd, 258898.050, 138
Trd, 258898.100, 138
Trd, 258898.233, 133
Trd, 258898.617, 139
Trd, 258898.717, 140
Trd, 258898.983, 140
Trd, 258899.133, 138
Trd, 258899.267, 134
Trd, 258899.967, 139
Trd, 258900.183, 137
Trd, 258900.283, 138
Trd, 258900.433, 140
Trd, 258901.150, 138
Trd, 258901.333, 137
Trd, 258901.533, 137
Trd, 258901.883, 137
Trd, 258901.967, 140
Trd, 258902.017, 136
Trd, 258902.600, 140
Trd, 258902.817, 136
Trd, 258902.883, 136
Trd, 258902.900, 135
Trd, 258902.933, 135
Trd, 258903.450, 140
Trd, 258903.717, 140
Trd, 258903.850, 140
Trd, 258904.117, 139
Trd, 258904.200, 140
Trd, 258904.300, 138
Trd, 258904.383, 140
Trd, 258904.450, 137
Trd, 258904.567, 136
Trd, 258905.017, 131
Trd, 258905.100, 140
Trd, 258905.450, 139
Trd, 258905.467, 125
Trd, 258905.583, 132
Trd, 258905.850, 140
Trd, 258906.167, 134
Trd, 258906.267, 139
Trd, 258906.950, 140
Trd, 258906.983, 139
Trd, 258907.367, 139
Trd, 258907.433, 140
Trd, 258907.583, 138
Trd, 258907.783, 140
Trd, 258908.117, 123
Trd, 258908.433, 121
Trd, 258908.583, 106
Trd, 258908.600, 92
Trd, 258908.833, 92
Trd, 258909.200, 132
Trd, 258909.267, 121
Trd, 258909.333, 120
Trd, 258909.550, 121
Trd, 258909.683, 131
Trd, 258909.717, 91
Trd, 258909.800, 81
Trd, 258910.417, 109
Trd, 258910.567, 109
Trd, 258910.617, 127
Trd, 258910.650, 129
Trd, 258910.783, 130
Trd, 258911.250, 131
Trd, 258911.333, 128
Trd, 258911.350, 127
Trd, 258911.383, 121
Trd, 258911.467, 88
Trd, 258912.133, 120
Trd, 258912.433, 60
Trd, 258912.650, 60
Trd, 258912.683, 60
Trd, 258912.817, 60
Trd, 258913.733, 60
Trd, 258913.783, 60
Trd, 258913.817, 61
Trd, 258914.150, 60
Trd, 258914.367, 60
Trd, 258914.467, 60
Trd, 258914.867, 60
Trd, 258915.067, 60
Trd, 258915.083, 61
Trd, 258915.450, 66
Trd, 258915.467, 67
Trd, 258915.533, 77
Trd, 258915.550, 105
Trd, 258916.417, 62
Trd, 258916.517, 60
Trd, 258916.833, 64
Trd, 258916.850, 65
Trd, 258916.900, 68
Trd, 258917.267, 124
Trd, 258917.300, 125
Trd, 258917.650, 140
Trd, 258917.717, 140
Trd, 258918.267, 140
Trd, 258918.350, 140
Trd, 258919.050, 140
Trd, 258919.533, 140
Trd, 258919.750, 140
Trd, 258919.833, 140
Trd, 258919.850, 140
Trd, 258920.117, 140
Trd, 258920.333, 140
Trd, 258920.383, 138
Trd, 258921.283, 140
Trd, 258921.333, 140
Trd, 258921.467, 140
Trd, 258921.700, 139
Trd, 258921.800, 139
Trd, 258921.850, 140
Trd, 258922.317, 137
Trd, 258922.483, 123
Trd, 258922.617, 116
Trd, 258923.217, 116
Trd, 258923.633, 117
Trd, 258923.817, 116
Trd, 258923.833, 120
Trd, 258923.850, 122
Trd, 258924.083, 129
Trd, 258924.383, 115
Trd, 258924.467, 85
Trd, 258924.833, 126
Trd, 258924.850, 128
Trd, 258924.917, 129
Trd, 258924.950, 130
Trd, 258925.083, 76
Trd, 258925.217, 139
Trd, 258925.317, 135
Trd, 258925.667, 140
Trd, 258925.883, 140
Trd, 258926.083, 140
Trd, 258927.167, 140
Trd, 258927.483, 137
Trd, 258927.717, 138
Trd, 258927.750, 123
Trd, 258928.183, 138
Trd, 258928.317, 112
Trd, 258928.350, 128
Trd, 258928.783, 138
Trd, 258928.900, 109
Trd, 258929.900, 140
Trd, 258929.933, 140
Trd, 258929.950, 140
Trd, 258930.167, 138
Trd, 258930.367, 137
Trd, 258930.433, 137
Trd, 258930.567, 138
Trd, 258930.750, 133
Trd, 258931.417, 135
Trd, 258931.467, 135
Trd, 258931.550, 136
Trd, 258931.717, 137
Trd, 258931.767, 134
Trd, 258931.900, 138
Trd, 258932.133, 130
Trd, 258932.300, 124
Trd, 258932.550, 136
Trd, 258932.883, 140
Trd, 258933.017, 140
Trd, 258933.167, 140
Trd, 258933.433, 140
Trd, 258933.450, 140
Trd, 258933.567, 140
Trd, 258933.817, 140
Trd, 258933.967, 140
Trd, 258934.133, 140
Trd, 258934.150, 138
Trd, 258934.750, 140
Trd, 258935.183, 139
Trd, 258935.400, 140
Trd, 258935.450, 139
Trd, 258935.800, 138
Trd, 258935.900, 137
Trd, 258935.933, 139
Trd, 258936.283, 135
Trd, 258936.583, 127
Trd, 258937.600, 140
Trd, 258937.783, 140
Trd, 258937.917, 140
Trd, 258938.000, 140
Trd, 258938.433, 140
Trd, 258939.117, 140
Trd, 258939.217, 140
Trd, 258939.467, 140
Trd, 258939.617, 140
Trd, 258939.883, 140
Trd, 258939.950, 140
Trd, 258940.017, 139
Trd, 258940.133, 140
Trd, 258940.483, 140
Trd, 258940.517, 140
Trd, 258940.633, 139
Trd, 258940.900, 137
Trd, 258940.917, 139
Trd, 258940.950, 135
Trd, 258941.050, 135
Trd, 258941.250, 138
Trd, 258941.417, 107
Trd, 258941.600, 134
Trd, 258942.283, 128
Trd, 258942.867, 114
Trd, 258943.017, 85
Trd, 258943.033, 121
Trd, 258943.200, 77
Trd, 258943.617, 76
Trd, 258943.867, 68
Trd, 258943.917, 116
Trd, 258944.233, 114
Trd, 258944.317, 115
Trd, 258944.367, 117
Trd, 258944.400, 118
Trd, 258944.467, 102
Trd, 258944.600, 133
Trd, 258944.617, 137
Trd, 258944.933, 133
Trd, 258945.067, 137
Trd, 258945.133, 131
Trd, 258945.267, 93
Trd, 258945.650, 140
Trd, 258945.950, 140
Trd, 258947.000, 140
Trd, 258947.050, 140
Trd, 258947.133, 140
Trd, 258947.183, 139
Trd, 258947.483, 119
Trd, 258948.150, 140
Trd, 258948.267, 140
Trd, 258948.400, 140
Trd, 258948.500, 140
Trd, 258948.533, 139
Trd, 258948.867, 140
Trd, 258948.917, 140
Trd, 258949.300, 140
Trd, 258949.550, 140
Trd, 258949.600, 140
Trd, 258949.833, 140
Trd, 258949.900, 140
Trd, 258950.200, 140
Trd, 258950.333, 140
Trd, 258950.483, 140
Trd, 258950.767, 139
Trd, 258951.117, 138
Trd, 258951.350, 140
Trd, 258951.450, 140
Trd, 258951.867, 140
Trd, 258952.033, 140
Trd, 258952.183, 140
Trd, 258952.200, 139
Trd, 258953.267, 140
Trd, 258953.333, 139
Trd, 258953.400, 139
Trd, 258953.450, 138
Trd, 258953.567, 138
Trd, 258954.033, 137
Trd, 258954.067, 137
Trd, 258954.117, 136
Trd, 258954.133, 124
Trd, 258954.150, 137
Trd, 258954.383, 122
Trd, 258954.450, 139
Trd, 258954.600, 114
Trd, 258954.683, 103
Trd, 258954.817, 118
Trd, 258955.017, 127
Trd, 258955.683, 139
Trd, 258956.117, 138
Trd, 258956.967, 139
Trd, 258957.033, 137
Trd, 258957.367, 122
Trd, 258957.917, 140
Trd, 258957.950, 140
Trd, 258958.083, 140
Trd, 258958.117, 139
Trd, 258958.367, 139
Trd, 258958.467, 139
Trd, 258958.583, 140
Trd, 258958.817, 139
Trd, 258958.883, 138
Trd, 258959.050, 140
Trd, 258959.133, 134
Trd, 258959.200, 132
Trd, 258959.500, 138
Trd, 258959.617, 125
Trd, 258960.133, 134
Trd, 258960.267, 124
Trd, 258960.383, 134
Trd, 258960.650, 135
Trd, 258960.983, 140
Trd, 258961.433, 139
Trd, 258961.683, 139
Trd, 258961.800, 134
Trd, 258962.283, 128
Trd, 258962.483, 140
Trd, 258962.750, 139
Trd, 258962.967, 136
Trd, 258962.983, 137
Trd, 258963.017, 128
Trd, 258963.133, 137
Trd, 258963.183, 139
Trd, 258963.467, 140
Trd, 258963.700, 86
Trd, 258963.883, 84
Trd, 258964.550, 127
Trd, 258964.750, 127
Trd, 258964.983, 78
Trd, 258965.083, 128
Trd, 258965.150, 99
Trd, 258965.200, 98
Trd, 258965.600, 128
Trd, 258965.900, 129
Trd, 258966.050, 96
Trd, 258966.367, 124
Trd, 258966.850, 140
Trd, 258967.000, 140
Trd, 258967.217, 140
Trd, 258967.717, 140
Trd, 258967.750, 139
Trd, 258967.867, 138
Trd, 258967.900, 137
Trd, 258968.050, 135
Trd, 258968.900, 140
Trd, 258968.917, 140
Trd, 258969.367, 140
Trd, 258969.700, 140
Trd, 258969.783, 139
Trd, 258969.817, 139
Trd, 258969.950, 139
Trd, 258970.283, 136
Trd, 258970.450, 134
Trd, 258970.667, 128
Trd, 258970.733, 136
Trd, 258970.850, 137
Trd, 258971.117, 134
Trd, 258971.133, 134
Trd, 258971.200, 129
Trd, 258971.300, 138
Trd, 258971.583, 137
Trd, 258971.650, 138
Trd, 258972.100, 130
Trd, 258972.733, 140
Trd, 258973.083, 140
Trd, 258973.133, 140
Trd, 258973.983, 140
Trd, 258974.100, 140
Trd, 258974.183, 140
Trd, 258974.233, 139
Trd, 258974.383, 139
Trd, 258974.483, 140
Trd, 258974.667, 138
Trd, 258975.033, 126
Trd, 258975.183, 132
Trd, 258975.483, 129
Trd, 258975.550, 129
Trd, 258975.600, 132
Trd, 258975.683, 123
Trd, 258975.717, 119
Trd, 258975.767, 115
Trd, 258975.850, 134
Trd, 258976.067, 96
Trd, 258976.083, 136
Trd, 258976.567, 139
Trd, 258976.733, 138
Trd, 258977.200, 140
Trd, 258978.117, 140
Trd, 258978.167, 140
Trd, 258978.533, 140
Trd, 258979.067, 140
Trd, 258979.717, 140
Trd, 258979.917, 140
Trd, 258980.250, 140
Trd, 258980.267, 140
Trd, 258980.800, 140
Trd, 258980.817, 140
Trd, 258980.850, 140
Trd, 258981.083, 140
Trd, 258981.250, 140
Trd, 258981.583, 139
Trd, 258981.600, 140
Trd, 258981.617, 137
Trd, 258981.717, 133
Trd, 258981.767, 97
Trd, 258981.883, 127
Trd, 258981.900, 93
Trd, 258982.133, 78
Trd, 258982.367, 136
Trd, 258982.700, 130
Trd, 258982.717, 138
Trd, 258982.767, 137
Trd, 258983.000, 138
Trd, 258983.233, 137
Trd, 258983.400, 120
Trd, 258983.433, 137
Trd, 258983.717, 119
Trd, 258983.817, 89
Trd, 258984.133, 138
Trd, 258984.750, 140
Trd, 258984.867, 140
Trd, 258985.217, 140
Trd, 258986.500, 140
Trd, 258986.583, 140
Trd, 258986.833, 139
Trd, 258987.700, 140
Trd, 258987.867, 140
Trd, 258988.033, 140
Trd, 258988.050, 139
Trd, 258988.567, 140
Trd, 258988.683, 140
Trd, 258988.733, 140
Trd, 258988.833, 139
Trd, 258989.067, 140
Trd, 258989.167, 140
Trd, 258989.217, 140
Trd, 258989.367, 140
Trd, 258989.450, 139
Trd, 258989.500, 137
Trd, 258989.633, 136
Trd, 258989.717, 131
Trd, 258989.733, 138
Trd, 258990.117, 126
Trd, 258990.150, 138
Trd, 258990.283, 139
Trd, 258990.300, 87
Trd, 258990.383, 140
Trd, 258990.617, 140
Trd, 258991.000, 140
Trd, 258991.033, 137
Trd, 258991.117, 140
Trd, 258991.450, 140
Trd, 258991.933, 138
Trd, 258992.683, 140
Trd, 258992.750, 140
Trd, 258992.783, 140
Trd, 258992.883, 138
Trd, 258993.183, 137
Trd, 258993.450, 137
Trd, 258993.683, 139
Trd, 258994.000, 108
Trd, 258994.900, 140
Trd, 258994.983, 140
Trd, 258995.267, 140
Trd, 258995.350, 134
Trd, 258995.583, 140
Trd, 258996.050, 140
Trd, 258996.283, 140
Trd, 258996.500, 139
Trd, 258996.800, 138
Trd, 258996.900, 137
Trd, 258996.950, 138
Trd, 258996.983, 140
Trd, 258997.183, 138
Trd, 258997.283, 135
Trd, 258997.483, 139
Trd, 258997.500, 138
Trd, 258998.133, 137
Trd, 258998.383, 136
Trd, 258998.467, 137
Trd, 258998.483, 136
Trd, 258998.783, 122
Trd, 258998.817, 121
Trd, 258998.983, 120
Trd, 258999.417, 117
Trd, 258999.450, 116
Trd, 258999.517, 114
Trd, 259000.633, 140
Trd, 259000.717, 140
Trd, 259000.817, 140
Trd, 259000.900, 139
Trd, 259001.117, 140
Trd, 259001.200, 139
Trd, 259001.533, 139
Trd, 259001.567, 140
Trd, 259001.967, 139
Trd, 259002.167, 140
Trd, 259002.333, 137
Trd, 259002.817, 140
Trd, 259002.850, 135
Trd, 259003.383, 139
Trd, 259003.650, 135
Trd, 259003.917, 139
Trd, 259003.933, 140
Trd, 259003.983, 138
Trd, 259004.200, 135
Trd, 259004.333, 134
Trd, 259004.400, 133
Trd, 259004.650, 130
Trd, 259004.867, 140
Trd, 259004.917, 139
Trd, 259005.250, 102
Trd, 259006.300, 124
Trd, 259006.317, 123
Trd, 259006.483, 123
Trd, 259006.683, 112
Trd, 259006.717, 92
Trd, 259006.983, 113
Trd, 259007.733, 86
Trd, 259007.783, 112
Trd, 259007.800, 116
Trd, 259007.833, 85
Trd, 259007.917, 116
Trd, 259008.250, 84
Trd, 259008.433, 115
Trd, 259008.500, 82
Trd, 259008.767, 62
Trd, 259008.833, 73
Trd, 259008.883, 60
Trd, 259008.983, 71
Trd, 259009.050, 72
Trd, 259009.100, 113
Trd, 259009.467, 86
Trd, 259009.533, 87
Trd, 259009.967, 65
Trd, 259010.217, 62
Trd, 259010.483, 66
Trd, 259010.533, 74
Trd, 259010.967, 60
Trd, 259011.033, 61
Trd, 259011.300, 62
Trd, 259011.350, 63
Trd, 259011.417, 68
Trd, 259011.550, 89
Trd, 259011.683, 114
Trd, 259011.783, 74
Trd, 259011.817, 115
Trd, 259012.383, 140
Trd, 259012.467, 140
Trd, 259013.683, 140
Trd, 259013.817, 140
Trd, 259014.183, 140
Trd, 259014.517, 140
Trd, 259014.533, 140
Trd, 259015.483, 140
Trd, 259015.683, 140
Trd, 259015.833, 140
Trd, 259016.017, 140
Trd, 259016.033, 140
Trd, 259016.067, 139
Trd, 259016.133, 137
Trd, 259016.367, 132
Trd, 259016.400, 134
Trd, 259016.417, 131
Trd, 259016.900, 135
Trd, 259016.983, 140
Trd, 259017.000, 140
Trd, 259017.167, 133
Trd, 259017.217, 135
Trd, 259017.267, 126
Trd, 259017.317, 140
Trd, 259017.767, 123
Trd, 259018.233, 133
Trd, 259018.333, 113
Trd, 259018.400, 134
Trd, 259018.633, 102
Trd, 259018.717, 66
Trd, 259018.767, 133
Trd, 259018.783, 135
Trd, 259019.000, 139
Trd, 259019.483, 140
Trd, 259019.550, 139
Trd, 259019.750, 138
Trd, 259020.683, 140
Trd, 259020.933, 137
Trd, 259021.017, 140
Trd, 259021.183, 139
Trd, 259021.200, 137
Trd, 259021.467, 114
Trd, 259021.517, 79
Trd, 259021.883, 139
Trd, 259022.050, 135
Trd, 259022.200, 133
Trd, 259022.450, 102
Trd, 259022.883, 140
Trd, 259023.850, 140
Trd, 259023.950, 140
Trd, 259024.117, 139
Trd, 259024.650, 140
Trd, 259025.217, 140
Trd, 259025.317, 140
Trd, 259025.483, 140
Trd, 259025.600, 140
Trd, 259026.383, 140
Trd, 259026.517, 140
Trd, 259026.650, 140
Trd, 259026.700, 140
Trd, 259026.717, 140
Trd, 259027.017, 140
Trd, 259027.250, 140
Trd, 259027.800, 140
Trd, 259028.450, 140
Trd, 259028.650, 140
Trd, 259028.833, 140
Trd, 259028.867, 140
Trd, 259029.017, 140
Trd, 259029.067, 139
Trd, 259029.117, 138
Trd, 259029.217, 140
Trd, 259029.333, 138
Trd, 259029.367, 137
Trd, 259029.700, 140
Trd, 259029.817, 139
Trd, 259030.217, 140
Trd, 259030.383, 140
Trd, 259030.467, 139
Trd, 259030.583, 137
Trd, 259030.617, 134
Trd, 259031.233, 137
Trd, 259031.417, 124
Trd, 259031.750, 112
Trd, 259031.950, 134
Trd, 259032.500, 134
Trd, 259032.783, 133
Trd, 259032.900, 134
Trd, 259033.200, 136
Trd, 259033.383, 133
Trd, 259033.567, 139
Trd, 259033.750, 139
Trd, 259033.783, 140
Trd, 259034.083, 139
Trd, 259034.167, 138
Trd, 259034.400, 132
Trd, 259034.600, 128
Trd, 259034.717, 139
Trd, 259035.283, 140
Trd, 259035.450, 140
Trd, 259035.683, 139
Trd, 259035.783, 139
Trd, 259035.800, 139
Trd, 259036.200, 137
Trd, 259036.233, 132
Trd, 259036.317, 133
Trd, 259036.400, 129
Trd, 259036.450, 135
Trd, 259036.467, 137
Trd, 259036.750, 130
Trd, 259037.033, 140
Trd, 259037.350, 138
Trd, 259037.400, 138
Trd, 259037.617, 137
Trd, 259037.883, 140
Trd, 259038.083, 140
Trd, 259038.150, 139
Trd, 259038.300, 91
Trd, 259038.517, 75
Trd, 259038.883, 94
Trd, 259039.000, 135
Trd, 259039.250, 139
Trd, 259039.383, 137
Trd, 259039.533, 97
Trd, 259039.767, 139
Trd, 259039.933, 139
Trd, 259040.267, 136
Trd, 259040.850, 140
Trd, 259041.100, 140
Trd, 259041.833, 140
Trd, 259042.217, 140
Trd, 259042.233, 139
Trd, 259042.483, 140
Trd, 259042.967, 140
Trd, 259043.033, 140
Trd, 259043.367, 140
Trd, 259043.583, 140
Trd, 259043.617, 140
Trd, 259043.750, 140
Trd, 259044.033, 140
Trd, 259044.167, 140
Trd, 259044.217, 140
Trd, 259044.467, 139
Trd, 259044.683, 139
Trd, 259045.050, 137
Trd, 259045.100, 135
Trd, 259045.167, 134
Trd, 259045.350, 138
Trd, 259045.467, 121
Trd, 259045.550, 136
Trd, 259045.600, 128
Trd, 259045.683, 137
Trd, 259045.800, 139
Trd, 259045.967, 111
Trd, 259046.417, 138
Trd, 259046.433, 139
Trd, 259047.567, 140
Trd, 259047.583, 140
Trd, 259047.633, 140
Trd, 259047.817, 140
Trd, 259047.833, 122
Trd, 259048.033, 117
Trd, 259048.500, 128
Trd, 259048.533, 126
Trd, 259048.917, 130
Trd, 259049.083, 139
Trd, 259049.450, 96
Trd, 259049.567, 115
Trd, 259049.650, 96
Trd, 259049.700, 115
Trd, 259049.767, 78
Trd, 259050.017, 115
Trd, 259050.117, 116
Trd, 259050.133, 132
Trd, 259050.150, 139
Trd, 259050.217, 68
Trd, 259050.617, 139
Trd, 259050.683, 140
Trd, 259051.000, 140
Trd, 259051.017, 139
Trd, 259051.317, 140
Trd, 259051.833, 140
Trd, 259052.267, 81
Trd, 259052.533, 120
Trd, 259052.783, 140
Trd, 259052.833, 120
Trd, 259054.200, 140
Trd, 259054.300, 140
Trd, 259054.467, 140
Trd, 259055.200, 140
Trd, 259055.317, 140
Trd, 259055.450, 140
Trd, 259055.517, 140
Trd, 259055.533, 140
Trd, 259055.683, 140
Trd, 259055.750, 139
Trd, 259055.900, 140
Trd, 259055.967, 140
Trd, 259056.100, 139
Trd, 259056.350, 139
Trd, 259056.483, 138
Trd, 259056.517, 136
Trd, 259056.567, 138
Trd, 259056.800, 138
Trd, 259057.117, 137
Trd, 259058.167, 140
Trd, 259058.383, 139
Trd, 259058.717, 140
Trd, 259058.750, 140
Trd, 259058.883, 137
Trd, 259059.017, 134
Trd, 259059.567, 130
Trd, 259059.683, 117
Trd, 259059.833, 128
Trd, 259059.883, 115
Trd, 259059.983, 129
Trd, 259060.000, 93
Trd, 259060.133, 135
Trd, 259060.317, 68
Trd, 259060.667, 137
Trd, 259060.883, 140
Trd, 259060.900, 96
Trd, 259061.033, 136
Trd, 259061.433, 62
Trd, 259061.450, 63
Trd, 259062.067, 60
Trd, 259062.100, 61
Trd, 259062.117, 61
Trd, 259062.283, 97
Trd, 259062.550, 98
Trd, 259063.183, 99
Trd, 259063.583, 131
Trd, 259064.150, 140
Trd, 259064.483, 140
Trd, 259064.567, 140
Trd, 259064.700, 140
Trd, 259064.733, 139
Trd, 259065.050, 140
Trd, 259065.617, 139
Trd, 259065.683, 138
Trd, 259065.750, 140
Trd, 259065.917, 138
Trd, 259066.050, 139
Trd, 259066.067, 140
Trd, 259066.250, 137
Trd, 259066.917, 140
Trd, 259066.983, 140
Trd, 259067.017, 140
Trd, 259067.233, 122
Trd, 259068.617, 140
Trd, 259068.867, 140
Trd, 259068.900, 140
Trd, 259069.000, 140
Trd, 259069.433, 140
Trd, 259069.450, 140
Trd, 259069.533, 140
Trd, 259070.550, 140
Trd, 259070.883, 140
Trd, 259070.933, 140
Trd, 259071.067, 140
Trd, 259071.267, 140
Trd, 259071.367, 140
Trd, 259071.467, 140
Trd, 259071.517, 139
Trd, 259071.900, 140
Trd, 259072.167, 139
Trd, 259072.383, 137
Trd, 259072.450, 140
Trd, 259072.533, 128
Trd, 259072.617, 138
Trd, 259072.700, 137
Trd, 259072.833, 138
Trd, 259073.167, 140
Trd, 259073.517, 138
Trd, 259073.633, 137
Trd, 259073.883, 134
Trd, 259073.967, 129
Trd, 259074.017, 134
Trd, 259074.167, 139
Trd, 259074.650, 138
Trd, 259074.750, 138
Trd, 259075.117, 123
Trd, 259075.300, 111
Trd, 259075.500, 138
Trd, 259076.017, 140
Trd, 259076.033, 139
Trd, 259076.150, 138
Trd, 259076.217, 137
Trd, 259076.500, 137
Trd, 259076.750, 138
Trd, 259076.883, 138
Trd, 259076.983, 136
Trd, 259077.350, 137
Trd, 259077.517, 132
Trd, 259077.700, 133
Trd, 259077.850, 138
Trd, 259078.183, 92
Trd, 259078.217, 88
Trd, 259078.350, 78
Trd, 259078.600, 135
Trd, 259078.667, 136
Trd, 259078.767, 74
Trd, 259078.983, 68
Trd, 259079.067, 140
Trd, 259079.667, 61
Trd, 259079.817, 61
Trd, 259079.883, 87
Trd, 259080.267, 95
Trd, 259080.450, 97
Trd, 259080.533, 98
Trd, 259081.700, 140
Trd, 259081.800, 134
Trd, 259081.933, 140
Trd, 259082.283, 140
Trd, 259082.350, 140
Trd, 259082.583, 140
Trd, 259082.683, 140
Trd, 259082.917, 137
Trd, 259083.133, 93
Trd, 259083.233, 140
Trd, 259083.350, 139
Trd, 259083.583, 125
Trd, 259083.750, 63
Trd, 259084.350, 83
Trd, 259084.383, 83
Trd, 259084.600, 83
Trd, 259084.633, 84
Trd, 259084.733, 126
Trd, 259084.817, 75
Trd, 259084.867, 140
Trd, 259085.117, 124
Trd, 259085.283, 139
Trd, 259085.583, 139
Trd, 259085.950, 60
Trd, 259086.017, 61
Trd, 259086.050, 62
Trd, 259086.117, 62
Trd, 259086.550, 133
Trd, 259086.600, 109
Trd, 259087.067, 117
Trd, 259087.267, 130
Trd, 259087.517, 116
Trd, 259087.700, 62
Trd, 259088.033, 60
Trd, 259088.150, 60
Trd, 259088.267, 65
Trd, 259088.367, 61
Trd, 259088.750, 60
Trd, 259088.767, 67
Trd, 259088.783, 84
Trd, 259088.883, 89
Trd, 259089.000, 74
Trd, 259089.600, 60
Trd, 259089.850, 60
Trd, 259090.067, 60
Trd, 259090.133, 60
Trd, 259090.167, 61
Trd, 259090.817, 65
Trd, 259090.850, 64
Trd, 259091.400, 62
Trd, 259091.483, 63
Trd, 259091.517, 64
Trd, 259091.567, 65
Trd, 259091.700, 80
Trd, 259091.733, 92
Trd, 259092.183, 95
Trd, 259092.267, 64
Trd, 259092.417, 132
Trd, 259092.500, 140
Trd, 259092.983, 140
Trd, 259093.100, 139
Trd, 259093.250, 135
Trd, 259093.667, 140
Trd, 259093.700, 135
Trd, 259093.750, 131
Trd, 259094.283, 140
Trd, 259094.350, 140
Trd, 259094.683, 137
Trd, 259094.750, 100
Trd, 259095.867, 140
Trd, 259095.883, 139
Trd, 259096.033, 140
Trd, 259096.267, 135
Trd, 259096.700, 137
Trd, 259096.733, 138
Trd, 259097.183, 138
Trd, 259097.433, 139
Trd, 259097.450, 138
Trd, 259097.700, 136
Trd, 259098.017, 134
Trd, 259098.183, 135
Trd, 259098.233, 135
Trd, 259098.400, 135
Trd, 259098.717, 134
Trd, 259098.750, 111
Trd, 259098.933, 134
Trd, 259099.000, 78
Trd, 259099.100, 64
Trd, 259099.283, 62
Trd, 259099.717, 67
Trd, 259099.917, 66
Trd, 259100.017, 67
Trd, 259100.100, 69
Trd, 259100.167, 63
Trd, 259100.350, 66
Trd, 259100.567, 139
Trd, 259100.900, 127
Trd, 259101.267, 140
Trd, 259101.283, 140
Trd, 259101.417, 140
Trd, 259101.567, 140
Trd, 259101.617, 139
Trd, 259101.800, 139
Trd, 259102.017, 112
Trd, 259102.183, 111
Trd, 259102.533, 112
Trd, 259102.650, 92
Trd, 259102.800, 111
Trd, 259103.033, 96
Trd, 259103.233, 137
Trd, 259103.400, 136
Trd, 259103.650, 138
Trd, 259104.500, 69
Trd, 259105.333, 60
Trd, 259105.567, 60
Trd, 259105.967, 60
Trd, 259106.167, 61
Trd, 259106.200, 64
Trd, 259106.267, 65
Trd, 259106.300, 65
Trd, 259106.317, 66
Trd, 259106.350, 69
Trd, 259106.367, 86
Trd, 259106.717, 84
Trd, 259106.967, 107
Trd, 259107.217, 94
Trd, 259107.300, 115
Trd, 259107.350, 115
Trd, 259107.783, 95
Trd, 259108.333, 108
Trd, 259108.367, 112
Trd, 259108.450, 113
Trd, 259108.567, 114
Trd, 259109.050, 140
Trd, 259109.250, 140
Trd, 259109.500, 140
Trd, 259109.517, 140
Trd, 259109.617, 139
Trd, 259109.950, 140
Trd, 259109.983, 139
Trd, 259110.300, 140
Trd, 259110.583, 140
Trd, 259110.667, 140
Trd, 259110.950, 140
Trd, 259111.133, 139
Trd, 259111.233, 138
Trd, 259111.450, 137
Trd, 259111.550, 140
Trd, 259112.400, 140
Trd, 259112.517, 140
Trd, 259112.850, 140
Trd, 259113.100, 140
Trd, 259113.167, 140
Trd, 259113.183, 140
Trd, 259113.367, 139
Trd, 259113.417, 138
Trd, 259113.717, 131
Trd, 259113.817, 134
Trd, 259113.850, 131
Trd, 259114.350, 137
Trd, 259114.467, 124
Trd, 259114.733, 136
Trd, 259114.800, 137
Trd, 259114.950, 140
Trd, 259115.183, 140
Trd, 259115.617, 140
Trd, 259115.850, 140
Trd, 259115.950, 137
Trd, 259116.017, 139
Trd, 259116.467, 130
Trd, 259116.517, 121
Trd, 259116.633, 100
Trd, 259117.100, 139
Trd, 259117.783, 140
Trd, 259118.933, 140
Trd, 259119.000, 140
Trd, 259119.150, 140
Trd, 259119.200, 140
Trd, 259119.283, 140
Trd, 259119.367, 140
Trd, 259119.400, 140
Trd, 259119.517, 139
Trd, 259119.850, 139
Trd, 259119.933, 139
Trd, 259120.167, 140
Trd, 259120.500, 140
Trd, 259120.533, 140
Trd, 259120.900, 140
Trd, 259121.250, 140
Trd, 259121.383, 140
Trd, 259121.483, 139
Trd, 259121.600, 137
Trd, 259121.733, 140
Trd, 259121.933, 133
Trd, 259122.083, 139
Trd, 259122.617, 99
Trd, 259122.950, 98
Trd, 259123.083, 113
Trd, 259123.150, 92
Trd, 259123.267, 72
Trd, 259123.567, 114
Trd, 259124.400, 60
Trd, 259124.450, 60
Trd, 259124.467, 75
Trd, 259124.667, 60
Trd, 259124.967, 62
Trd, 259125.000, 63
Trd, 259125.233, 64
Trd, 259125.250, 64
Trd, 259125.350, 91
Trd, 259125.433, 100
Trd, 259125.450, 101
Trd, 259125.467, 126
Trd, 259125.717, 135
Trd, 259125.950, 139
Trd, 259126.067, 136
Trd, 259126.617, 140
Trd, 259126.767, 140
Trd, 259126.783, 140
Trd, 259127.117, 140
Trd, 259127.133, 139
Trd, 259127.850, 140
Trd, 259127.950, 140
Trd, 259128.467, 140
Trd, 259128.500, 140
Trd, 259128.550, 140
Trd, 259128.800, 140
Trd, 259128.917, 137
Trd, 259129.000, 125
Trd, 259129.400, 137
Trd, 259129.517, 136
Trd, 259129.600, 137
Trd, 259129.767, 139
Trd, 259130.100, 140
Trd, 259130.200, 121
Trd, 259130.917, 140
Trd, 259131.017, 139
Trd, 259131.967, 140
Trd, 259132.050, 139
Trd, 259132.133, 139
Trd, 259133.217, 140
Trd, 259133.583, 140
Trd, 259133.917, 140
Trd, 259134.050, 140
Trd, 259134.333, 140
Trd, 259135.150, 140
Trd, 259135.167, 140
Trd, 259135.233, 140
Trd, 259135.283, 140
Trd, 259135.333, 139
Trd, 259135.583, 139
Trd, 259135.900, 140
Trd, 259136.050, 139
Trd, 259136.167, 140
Trd, 259136.283, 140
Trd, 259136.333, 140
Trd, 259136.367, 138
Trd, 259136.417, 136
Trd, 259136.833, 133
Trd, 259137.200, 140
Trd, 259137.250, 140
Trd, 259137.467, 140
Trd, 259137.617, 140
Trd, 259137.950, 140
Trd, 259138.167, 140
Trd, 259138.533, 140
Trd, 259138.800, 139
Trd, 259139.217, 139
Trd, 259139.400, 139
Trd, 259139.417, 137
Trd, 259139.583, 133
Trd, 259139.633, 123
Trd, 259139.733, 140
Trd, 259139.917, 137
Trd, 259140.183, 138
Trd, 259140.417, 115
Trd, 259140.517, 105
Trd, 259140.817, 100
Trd, 259140.833, 133
Trd, 259141.650, 126
Trd, 259141.667, 127
Trd, 259141.700, 129
Trd, 259141.867, 118
Trd, 259141.933, 131
Trd, 259142.100, 134
Trd, 259142.500, 140
Trd, 259142.767, 140
Trd, 259142.933, 140
Trd, 259143.250, 140
Trd, 259143.283, 140
Trd, 259143.317, 139
Trd, 259143.367, 139
Trd, 259143.550, 120
Trd, 259143.633, 139
Trd, 259143.950, 119
Trd, 259144.100, 100
Trd, 259144.167, 139
Trd, 259144.367, 104
Trd, 259144.750, 86
Trd, 259144.867, 67
Trd, 259145.300, 67
Trd, 259145.367, 68
Trd, 259145.383, 68
Trd, 259145.417, 95
Trd, 259145.650, 118
Trd, 259145.733, 114
Trd, 259145.900, 62
Trd, 259146.483, 60
Trd, 259146.817, 122
Trd, 259147.000, 96
Trd, 259147.467, 87
Trd, 259147.817, 86
Trd, 259147.867, 115
Trd, 259147.933, 86
Trd, 259147.983, 117
Trd, 259148.167, 117
Trd, 259148.650, 116
Trd, 259149.067, 115
Trd, 259149.183, 116
Trd, 259149.383, 63
Trd, 259149.400, 104
Trd, 259149.600, 105
Trd, 259149.717, 121
Trd, 259149.817, 116
Trd, 259149.867, 114
Trd, 259150.067, 69
Trd, 259150.583, 109
Trd, 259150.617, 110
Trd, 259150.833, 83
Trd, 259150.900, 101
Trd, 259151.000, 80
Trd, 259151.433, 63
Trd, 259151.450, 104
Trd, 259151.983, 83
Trd, 259152.117, 92
Trd, 259152.467, 77
Trd, 259152.550, 89
Trd, 259152.933, 60
Trd, 259153.050, 60
Trd, 259153.217, 76
Trd, 259153.683, 90
Trd, 259153.817, 90
Trd, 259154.350, 91
Trd, 259154.383, 95
Trd, 259154.983, 110
Trd, 259155.300, 140
Trd, 259155.317, 140
Trd, 259155.417, 64
Trd, 259155.500, 63
Trd, 259155.633, 140
Trd, 259155.783, 65
Trd, 259156.200, 140
Trd, 259156.350, 140
Trd, 259156.817, 140
Trd, 259156.867, 140
Trd, 259157.150, 140
Trd, 259157.600, 140
Trd, 259157.800, 140
Trd, 259157.850, 139
Trd, 259157.950, 140
Trd, 259158.017, 139
Trd, 259158.117, 140
Trd, 259158.317, 140
Trd, 259158.400, 139
Trd, 259158.683, 140
Trd, 259158.750, 139
Trd, 259159.283, 138
Trd, 259159.833, 140
Trd, 259159.983, 140
Trd, 259160.050, 140
Trd, 259160.200, 139
Trd, 259160.233, 139
Trd, 259160.433, 138
Trd, 259160.517, 136
Trd, 259160.633, 140
Trd, 259161.133, 126
Trd, 259161.283, 127
Trd, 259161.583, 140
Trd, 259162.067, 140
Trd, 259162.833, 140
Trd, 259163.150, 140
Trd, 259163.250, 140
Trd, 259163.467, 140
Trd, 259163.483, 140
Trd, 259163.583, 139
Trd, 259163.633, 139
Trd, 259163.817, 138
Trd, 259164.050, 138
Trd, 259164.183, 136
Trd, 259164.250, 138
Trd, 259164.817, 140
Trd, 259164.917, 140
Trd, 259165.233, 140
Trd, 259165.317, 140
Trd, 259165.467, 140
Trd, 259165.517, 139
Trd, 259165.750, 140
Trd, 259166.083, 139
Trd, 259166.217, 139
Trd, 259166.333, 140
Trd, 259166.400, 133
Trd, 259166.583, 131
Trd, 259166.733, 140
Trd, 259166.783, 126
Trd, 259167.833, 140
Trd, 259167.967, 140
Trd, 259168.933, 140
Trd, 259168.967, 137
Trd, 259169.133, 140
Trd, 259169.233, 139
Trd, 259169.550, 138
Trd, 259170.050, 140
Trd, 259170.217, 140
Trd, 259170.383, 140
Trd, 259170.583, 140
Trd, 259170.700, 140
Trd, 259170.933, 140
Trd, 259170.967, 138
Trd, 259171.017, 139
Trd, 259171.083, 137
Trd, 259171.117, 136
Trd, 259171.217, 137
Trd, 259171.267, 137
Trd, 259171.383, 133
Trd, 259171.583, 137
Trd, 259172.183, 139
Trd, 259172.200, 137
Trd, 259172.533, 139
Trd, 259172.983, 139
Trd, 259173.333, 140
Trd, 259173.700, 140
Trd, 259173.983, 140
Trd, 259174.000, 140
Trd, 259174.150, 139
Trd, 259174.167, 138
Trd, 259174.183, 138
Trd, 259174.833, 140
Trd, 259174.900, 138
Trd, 259175.000, 137
Trd, 259175.583, 140
Trd, 259175.800, 140
Trd, 259176.233, 140
Trd, 259176.383, 140
Trd, 259176.433, 140
Trd, 259176.650, 140
Trd, 259176.783, 140
Trd, 259176.850, 139
Trd, 259177.000, 140
Trd, 259177.017, 114
Trd, 259177.100, 139
Trd, 259177.400, 140
Trd, 259177.550, 138
Trd, 259177.600, 139
Trd, 259178.067, 140
Trd, 259178.183, 139
Trd, 259178.417, 140
Trd, 259178.483, 140
Trd, 259178.600, 126
Trd, 259179.217, 86
Trd, 259179.450, 137
Trd, 259179.500, 126
Trd, 259179.700, 125
Trd, 259179.833, 103
Trd, 259179.983, 116
Trd, 259180.183, 87
Trd, 259180.283, 135
Trd, 259180.567, 82
Trd, 259180.733, 82
Trd, 259180.933, 81
Trd, 259181.083, 78
Trd, 259181.400, 82
Trd, 259181.467, 75
Trd, 259181.650, 82
Trd, 259181.683, 83
Trd, 259181.767, 93
Trd, 259182.200, 66
Trd, 259182.300, 94
Trd, 259182.817, 101
Trd, 259182.917, 83
Trd, 259183.517, 60
Trd, 259183.550, 60
Trd, 259183.800, 60
Trd, 259183.900, 60
Trd, 259183.950, 61
Trd, 259184.117, 62
Trd, 259184.400, 87
Trd, 259184.617, 88
Trd, 259184.650, 123
Trd, 259185.167, 136
Trd, 259185.283, 140
Trd, 259185.367, 140
Trd, 259185.383, 139
Trd, 259185.483, 100
Trd, 259186.183, 60
Trd, 259186.233, 60
Trd, 259186.583, 62
Trd, 259186.917, 62
Trd, 259186.967, 61
Trd, 259187.200, 60
Trd, 259187.317, 62
Trd, 259187.367, 63
Trd, 259187.750, 60
Trd, 259187.933, 60
Trd, 259188.100, 60
Trd, 259188.400, 60
Trd, 259188.583, 60
Trd, 259188.767, 61
Trd, 259188.950, 61
Trd, 259189.017, 64
Trd, 259189.033, 88
Trd, 259189.583, 65
Trd, 259189.633, 66
Trd, 259189.817, 64
Trd, 259190.467, 66
Trd, 259190.533, 68
Trd, 259190.667, 63
Trd, 259190.683, 69
Trd, 259190.833, 61
Trd, 259191.217, 64
Trd, 259191.433, 64
Trd, 259191.650, 81
Trd, 259192.350, 60
Trd, 259192.367, 61
Trd, 259192.400, 62
Trd, 259192.433, 69
Trd, 259192.550, 85
Trd, 259192.683, 90
Trd, 259192.850, 91
Trd, 259193.317, 85
Trd, 259193.633, 140
Trd, 259193.750, 74
Trd, 259193.850, 72
Trd, 259194.167, 104
Trd, 259194.183, 72
Trd, 259194.533, 72
Trd, 259194.667, 66
Trd, 259195.100, 65
Trd, 259195.183, 66
Trd, 259195.433, 67
Trd, 259195.467, 68
Trd, 259195.500, 62
Trd, 259195.517, 116
Trd, 259195.567, 138
Trd, 259195.850, 140
Trd, 259196.467, 139
Trd, 259196.867, 140
Trd, 259197.700, 140
Trd, 259197.817, 139
Trd, 259198.200, 140
Trd, 259198.450, 140
Trd, 259198.583, 139
Trd, 259199.817, 140
