Trd, 258550.750, 134
Trd, 258550.917, 133
Trd, 258550.950, 125
Trd, 258551.150, 129
Trd, 258551.167, 123
Trd, 258551.233, 120
Trd, 258551.567, 111
Trd, 258551.750, 105
Trd, 258552.167, 126
Trd, 258552.217, 129
Trd, 258552.283, 117
Trd, 258552.500, 108
Trd, 258552.900, 107
Trd, 258553.050, 129
Trd, 258553.550, 106
Trd, 258553.817, 100
Trd, 258554.133, 117
Trd, 258554.250, 91
Trd, 258554.317, 90
Trd, 258554.733, 127
Trd, 258555.200, 109
Trd, 258555.250, 89
Trd, 258555.317, 127
Trd, 258555.350, 128
Trd, 258555.567, 124
Trd, 258556.300, 133
Trd, 258556.517, 131
Trd, 258556.950, 127
Trd, 258557.017, 123
Trd, 258557.083, 121
Trd, 258557.567, 136
Trd, 258557.700, 137
Trd, 258557.950, 127
Trd, 258558.067, 109
Trd, 258558.183, 106
Trd, 258559.167, 134
Trd, 258560.100, 136
Trd, 258560.250, 135
Trd, 258560.817, 133
Trd, 258560.833, 132
Trd, 258560.950, 115
Trd, 258561.200, 130
Trd, 258561.667, 114
Trd, 258562.033, 130
Trd, 258562.083, 135
Trd, 258562.617, 121
Trd, 258562.900, 131
Trd, 258563.000, 126
Trd, 258563.133, 108
Trd, 258563.300, 105
Trd, 258563.533, 104
Trd, 258563.950, 139
Trd, 258564.067, 140
Trd, 258564.083, 139
Trd, 258564.633, 138
Trd, 258564.800, 133
Trd, 258565.467, 133
Trd, 258565.983, 137
Trd, 258566.150, 132
Trd, 258566.533, 131
Trd, 258566.700, 128
Trd, 258566.917, 131
Trd, 258567.800, 133
Trd, 258568.017, 125
Trd, 258568.450, 126
Trd, 258568.533, 124
Trd, 258569.000, 116
Trd, 258569.017, 110
Trd, 258569.250, 106
Trd, 258569.333, 117
Trd, 258569.733, 133
Trd, 258569.983, 127
Trd, 258570.217, 134
Trd, 258570.817, 133
Trd, 258570.883, 129
Trd, 258570.983, 118
Trd, 258571.533, 112
Trd, 258571.567, 110
Trd, 258571.800, 102
Trd, 258571.850, 132
Trd, 258572.200, 132
Trd, 258572.317, 131
Trd, 258573.817, 139
Trd, 258573.850, 138
Trd, 258574.217, 135
Trd, 258574.467, 134
Trd, 258574.950, 133
Trd, 258574.967, 131
Trd, 258575.000, 131
Trd, 258575.500, 130
Trd, 258575.600, 129
Trd, 258576.217, 129
Trd, 258576.883, 133
Trd, 258577.400, 133
Trd, 258577.867, 132
Trd, 258578.217, 124
Trd, 258578.533, 131
Trd, 258578.650, 135
Trd, 258579.000, 123
Trd, 258579.650, 130
Trd, 258579.667, 125
Trd, 258579.783, 123
Trd, 258580.067, 126
Trd, 258580.300, 126
Trd, 258580.550, 119
Trd, 258580.617, 131
Trd, 258580.717, 134
Trd, 258581.333, 139
Trd, 258581.600, 138
Trd, 258582.367, 135
Trd, 258582.383, 138
Trd, 258582.450, 135
Trd, 258582.517, 132
Trd, 258582.533, 132
Trd, 258582.567, 116
Trd, 258582.617, 114
Trd, 258582.950, 139
Trd, 258582.983, 139
Trd, 258583.617, 121
Trd, 258583.667, 131
Trd, 258583.767, 112
Trd, 258583.967, 132
Trd, 258584.317, 134
Trd, 258584.533, 118
Trd, 258584.583, 110
Trd, 258584.783, 135
Trd, 258584.983, 103
Trd, 258585.550, 136
Trd, 258585.800, 125
Trd, 258585.833, 124
Trd, 258586.883, 139
Trd, 258587.050, 138
Trd, 258587.333, 124
Trd, 258587.833, 137
Trd, 258587.867, 116
Trd, 258588.117, 137
Trd, 258588.217, 113
Trd, 258589.017, 136
Trd, 258589.517, 137
Trd, 258589.717, 133
Trd, 258589.983, 133
Trd, 258590.633, 136
Trd, 258591.217, 140
Trd, 258591.283, 139
Trd, 258591.567, 139
Trd, 258591.983, 140
Trd, 258592.067, 132
Trd, 258592.133, 132
Trd, 258592.233, 117
Trd, 258592.667, 116
Trd, 258593.183, 131
Trd, 258593.250, 115
Trd, 258593.533, 129
Trd, 258593.633, 119
Trd, 258594.483, 137
Trd, 258594.583, 129
Trd, 258594.867, 128
Trd, 258595.167, 132
Trd, 258595.767, 140
Trd, 258596.000, 140
Trd, 258596.050, 139
Trd, 258596.200, 138
Trd, 258596.783, 138
Trd, 258596.867, 137
Trd, 258597.567, 136
Trd, 258597.683, 136
Trd, 258597.767, 139
Trd, 258598.000, 138
Trd, 258598.083, 135
Trd, 258598.150, 138
Trd, 258598.183, 134
Trd, 258598.400, 130
Trd, 258598.417, 123
Trd, 258598.567, 122
Trd, 258598.833, 131
Trd, 258599.833, 140
Trd, 258600.317, 139
Trd, 258600.667, 124
Trd, 258600.967, 129
Trd, 258601.050, 131
Trd, 258602.300, 127
Trd, 258602.533, 126
Trd, 258602.600, 125
Trd, 258602.683, 135
Trd, 258603.233, 127
Trd, 258603.317, 140
Trd, 258603.483, 136
Trd, 258603.617, 128
Trd, 258603.633, 127
Trd, 258604.067, 138
Trd, 258604.133, 133
Trd, 258604.617, 123
Trd, 258605.017, 122
Trd, 258605.117, 121
Trd, 258605.883, 132
Trd, 258606.650, 131
Trd, 258606.667, 132
Trd, 258606.783, 128
Trd, 258606.867, 127
Trd, 258607.067, 125
Trd, 258607.717, 127
Trd, 258607.750, 131
Trd, 258608.083, 125
Trd, 258608.517, 140
Trd, 258608.867, 140
Trd, 258609.167, 139
Trd, 258609.300, 135
Trd, 258609.633, 136
Trd, 258609.933, 135
Trd, 258610.633, 136
Trd, 258611.300, 137
Trd, 258611.483, 135
Trd, 258611.667, 138
Trd, 258611.817, 130
Trd, 258611.883, 129
Trd, 258612.267, 137
Trd, 258612.983, 140
Trd, 258613.567, 140
Trd, 258613.883, 138
Trd, 258614.367, 140
Trd, 258614.783, 139
Trd, 258614.867, 135
Trd, 258615.083, 133
Trd, 258615.500, 138
Trd, 258615.783, 140
Trd, 258615.850, 133
Trd, 258616.383, 130
Trd, 258616.517, 133
Trd, 258616.800, 129
Trd, 258617.167, 129
Trd, 258617.400, 117
Trd, 258617.467, 129
Trd, 258617.867, 117
Trd, 258618.050, 125
Trd, 258618.283, 136
Trd, 258618.450, 125
Trd, 258618.667, 119
Trd, 258619.400, 140
Trd, 258619.500, 140
Trd, 258619.733, 138
Trd, 258619.900, 117
Trd, 258620.333, 115
Trd, 258620.550, 121
Trd, 258620.683, 132
Trd, 258621.250, 132
Trd, 258621.333, 132
Trd, 258622.183, 134
Trd, 258622.217, 125
Trd, 258622.300, 136
Trd, 258622.583, 123
Trd, 258623.050, 121
Trd, 258623.300, 127
Trd, 258623.400, 135
Trd, 258623.517, 119
Trd, 258624.167, 120
Trd, 258624.767, 137
Trd, 258625.100, 136
Trd, 258625.400, 127
Trd, 258625.583, 135
Trd, 258626.083, 136
Trd, 258626.117, 131
Trd, 258626.233, 126
Trd, 258626.583, 125
Trd, 258626.750, 134
Trd, 258626.900, 131
Trd, 258627.500, 131
Trd, 258627.550, 140
Trd, 258627.733, 129
Trd, 258627.950, 115
Trd, 258628.067, 111
Trd, 258628.350, 128
Trd, 258628.567, 111
Trd, 258628.633, 111
Trd, 258628.750, 111
Trd, 258628.883, 110
Trd, 258628.900, 110
Trd, 258629.067, 60
Trd, 258629.150, 139
Trd, 258629.433, 139
Trd, 258630.183, 129
Trd, 258630.700, 136
Trd, 258630.900, 117
Trd, 258631.967, 132
Trd, 258632.000, 131
Trd, 258632.133, 134
Trd, 258632.450, 139
Trd, 258632.600, 136
Trd, 258632.733, 135
Trd, 258632.933, 136
Trd, 258633.750, 139
Trd, 258633.800, 138
Trd, 258634.583, 138
Trd, 258634.733, 133
Trd, 258634.817, 134
Trd, 258635.217, 133
Trd, 258635.583, 138
Trd, 258636.100, 136
Trd, 258636.383, 130
Trd, 258636.600, 120
Trd, 258636.700, 107
Trd, 258637.683, 140
Trd, 258637.717, 140
Trd, 258637.867, 140
Trd, 258637.900, 137
Trd, 258638.367, 134
Trd, 258638.767, 119
Trd, 258638.900, 138
Trd, 258638.950, 109
Trd, 258639.367, 121
Trd, 258639.567, 114
Trd, 258639.900, 108
Trd, 258641.100, 133
Trd, 258641.467, 130
Trd, 258642.100, 111
Trd, 258642.283, 132
Trd, 258643.150, 121
Trd, 258643.383, 120
Trd, 258643.550, 127
Trd, 258643.750, 122
Trd, 258643.900, 132
Trd, 258644.250, 119
Trd, 258644.300, 117
Trd, 258644.350, 115
Trd, 258644.417, 125
Trd, 258644.933, 140
Trd, 258645.250, 134
Trd, 258645.633, 135
Trd, 258645.933, 138
Trd, 258646.600, 140
Trd, 258647.067, 140
Trd, 258647.350, 139
Trd, 258647.433, 139
Trd, 258647.867, 128
Trd, 258647.917, 139
Trd, 258648.200, 134
Trd, 258648.450, 128
Trd, 258648.783, 132
Trd, 258648.883, 138
Trd, 258649.100, 115
Trd, 258649.333, 112
Trd, 258649.467, 136
Trd, 258649.950, 132
Trd, 258650.133, 119
Trd, 258650.467, 100
Trd, 258650.617, 113
Trd, 258650.667, 114
Trd, 258650.750, 104
Trd, 258651.167, 130
Trd, 258651.350, 123
Trd, 258651.400, 124
Trd, 258651.417, 108
Trd, 258651.833, 132
Trd, 258651.967, 125
Trd, 258652.467, 122
Trd, 258652.600, 134
Trd, 258652.750, 122
Trd, 258653.417, 135
Trd, 258653.933, 139
Trd, 258654.117, 123
Trd, 258654.217, 122
Trd, 258654.333, 121
Trd, 258654.400, 118
Trd, 258654.450, 112
Trd, 258655.367, 138
Trd, 258655.683, 132
Trd, 258655.733, 125
Trd, 258656.200, 140
Trd, 258656.383, 128
Trd, 258656.633, 127
Trd, 258656.817, 136
Trd, 258657.350, 136
Trd, 258657.450, 120
Trd, 258657.550, 134
Trd, 258657.650, 133
Trd, 258658.117, 133
Trd, 258658.367, 133
Trd, 258658.650, 134
Trd, 258658.917, 131
Trd, 258659.300, 132
Trd, 258659.750, 130
Trd, 258659.833, 114
Trd, 258659.917, 132
Trd, 258660.217, 127
Trd, 258660.350, 132
Trd, 258660.767, 132
Trd, 258661.317, 139
Trd, 258661.433, 122
Trd, 258661.733, 126
Trd, 258661.750, 119
Trd, 258662.000, 127
Trd, 258662.067, 117
Trd, 258662.333, 119
Trd, 258662.883, 108
Trd, 258663.033, 129
Trd, 258663.267, 131
Trd, 258663.767, 125
Trd, 258664.200, 136
Trd, 258664.450, 123
Trd, 258665.900, 135
Trd, 258665.983, 121
Trd, 258666.083, 127
Trd, 258666.267, 119
Trd, 258666.283, 111
Trd, 258666.767, 118
Trd, 258667.067, 119
Trd, 258667.250, 124
Trd, 258667.400, 118
Trd, 258667.500, 125
Trd, 258667.650, 117
Trd, 258667.683, 126
Trd, 258667.767, 115
Trd, 258668.033, 136
Trd, 258668.567, 131
Trd, 258668.717, 126
Trd, 258668.883, 106
Trd, 258668.917, 100
Trd, 258669.067, 112
Trd, 258669.233, 118
Trd, 258669.250, 122
Trd, 258670.267, 140
Trd, 258670.350, 140
Trd, 258670.550, 139
Trd, 258670.567, 134
Trd, 258670.750, 126
Trd, 258670.983, 100
Trd, 258671.267, 95
Trd, 258671.667, 138
Trd, 258672.350, 139
Trd, 258672.483, 121
Trd, 258672.583, 120
Trd, 258672.633, 117
Trd, 258673.183, 127
Trd, 258674.333, 140
Trd, 258675.250, 140
Trd, 258675.367, 139
Trd, 258675.567, 137
Trd, 258675.750, 135
Trd, 258675.783, 134
Trd, 258675.867, 139
Trd, 258676.050, 131
Trd, 258676.217, 131
Trd, 258676.867, 137
Trd, 258677.383, 138
Trd, 258677.567, 137
Trd, 258677.600, 135
Trd, 258677.633, 133
Trd, 258678.033, 133
Trd, 258678.283, 134
Trd, 258678.650, 136
Trd, 258678.700, 134
Trd, 258678.717, 128
Trd, 258679.767, 127
Trd, 258679.900, 127
Trd, 258679.950, 131
Trd, 258680.483, 115
Trd, 258680.500, 130
Trd, 258680.633, 129
Trd, 258680.667, 88
Trd, 258680.950, 128
Trd, 258681.533, 115
Trd, 258681.717, 92
Trd, 258681.783, 91
Trd, 258682.133, 103
Trd, 258682.200, 108
Trd, 258682.300, 115
Trd, 258682.317, 130
Trd, 258682.550, 140
Trd, 258682.567, 91
Trd, 258683.633, 124
Trd, 258684.517, 120
Trd, 258684.550, 119
Trd, 258684.567, 117
Trd, 258684.583, 113
Trd, 258684.883, 139
Trd, 258684.967, 132
Trd, 258685.000, 106
Trd, 258685.017, 101
Trd, 258685.417, 124
Trd, 258685.500, 126
Trd, 258686.283, 128
Trd, 258686.333, 113
Trd, 258686.417, 104
Trd, 258686.767, 137
Trd, 258686.883, 139
Trd, 258686.900, 106
Trd, 258688.033, 113
Trd, 258688.267, 106
Trd, 258688.317, 136
Trd, 258688.367, 106
Trd, 258688.567, 105
Trd, 258688.867, 108
Trd, 258688.917, 106
Trd, 258689.433, 110
Trd, 258689.583, 105
Trd, 258690.283, 134
Trd, 258690.500, 112
Trd, 258690.850, 127
Trd, 258691.333, 117
Trd, 258691.950, 140
Trd, 258692.450, 140
Trd, 258692.833, 140
Trd, 258692.950, 140
Trd, 258693.517, 138
Trd, 258693.883, 127
Trd, 258694.067, 126
Trd, 258694.217, 135
Trd, 258694.917, 136
Trd, 258694.983, 135
Trd, 258695.133, 134
Trd, 258695.567, 134
Trd, 258695.683, 132
Trd, 258695.700, 128
Trd, 258696.117, 114
Trd, 258696.333, 135
Trd, 258696.450, 119
Trd, 258696.467, 137
Trd, 258696.583, 137
Trd, 258696.850, 120
Trd, 258697.233, 136
Trd, 258697.450, 126
Trd, 258697.683, 125
Trd, 258697.750, 124
Trd, 258698.817, 120
Trd, 258698.950, 135
Trd, 258699.100, 136
Trd, 258699.767, 133
Trd, 258699.933, 138
Trd, 258700.633, 138
Trd, 258700.900, 138
Trd, 258701.083, 138
Trd, 258701.333, 137
Trd, 258701.583, 112
Trd, 258701.783, 131
Trd, 258702.183, 133
Trd, 258702.233, 128
Trd, 258702.600, 119
Trd, 258702.867, 128
Trd, 258703.117, 108
Trd, 258703.317, 114
Trd, 258703.517, 111
Trd, 258703.850, 111
Trd, 258703.933, 92
Trd, 258704.133, 126
Trd, 258705.133, 139
Trd, 258705.283, 136
Trd, 258705.733, 135
Trd, 258705.867, 134
Trd, 258706.233, 138
Trd, 258707.233, 124
Trd, 258707.417, 123
Trd, 258707.517, 122
Trd, 258707.850, 134
Trd, 258708.017, 135
Trd, 258708.200, 125
Trd, 258708.700, 140
Trd, 258708.733, 140
Trd, 258709.367, 140
Trd, 258709.433, 138
Trd, 258709.500, 137
Trd, 258710.300, 135
Trd, 258710.317, 137
Trd, 258711.083, 137
Trd, 258711.100, 134
Trd, 258711.750, 140
Trd, 258712.033, 139
Trd, 258712.100, 138
Trd, 258712.483, 134
Trd, 258712.583, 132
Trd, 258712.767, 131
Trd, 258712.983, 131
Trd, 258713.017, 123
Trd, 258713.483, 133
Trd, 258713.783, 137
Trd, 258714.100, 134
Trd, 258714.117, 128
Trd, 258714.517, 128
Trd, 258714.733, 124
Trd, 258715.233, 123
Trd, 258715.383, 127
Trd, 258715.683, 127
Trd, 258715.900, 122
Trd, 258716.150, 114
Trd, 258716.167, 111
Trd, 258716.333, 128
Trd, 258716.500, 126
Trd, 258716.583, 114
Trd, 258716.733, 110
Trd, 258717.083, 97
Trd, 258717.417, 116
Trd, 258717.533, 117
Trd, 258717.633, 138
Trd, 258717.917, 133
Trd, 258718.050, 132
Trd, 258718.850, 119
Trd, 258719.050, 109
Trd, 258719.233, 116
Trd, 258719.600, 134
Trd, 258719.933, 133
Trd, 258720.633, 133
Trd, 258720.667, 131
Trd, 258721.050, 135
Trd, 258721.217, 129
Trd, 258721.233, 129
Trd, 258721.683, 128
Trd, 258722.033, 127
Trd, 258722.183, 136
Trd, 258722.217, 123
Trd, 258722.550, 105
Trd, 258722.850, 139
Trd, 258723.117, 139
Trd, 258723.300, 137
Trd, 258723.333, 133
Trd, 258724.067, 131
Trd, 258724.617, 130
Trd, 258724.683, 137
Trd, 258724.800, 129
Trd, 258725.200, 123
Trd, 258725.733, 132
Trd, 258726.917, 134
Trd, 258726.983, 133
Trd, 258727.067, 136
Trd, 258727.950, 140
Trd, 258728.100, 138
Trd, 258728.117, 133
Trd, 258728.400, 129
Trd, 258728.517, 127
Trd, 258728.550, 118
Trd, 258728.850, 139
Trd, 258729.183, 137
Trd, 258729.450, 129
Trd, 258730.033, 139
Trd, 258730.200, 129
Trd, 258730.233, 126
Trd, 258730.333, 122
Trd, 258730.550, 117
Trd, 258730.650, 109
Trd, 258731.000, 140
Trd, 258731.067, 130
Trd, 258731.217, 135
Trd, 258731.817, 115
Trd, 258732.783, 129
Trd, 258732.883, 127
Trd, 258733.067, 108
Trd, 258733.317, 137
Trd, 258733.467, 128
Trd, 258734.083, 127
Trd, 258734.367, 136
Trd, 258734.467, 132
Trd, 258734.983, 131
Trd, 258735.350, 131
Trd, 258735.733, 136
Trd, 258736.067, 135
Trd, 258736.217, 133
Trd, 258736.250, 126
Trd, 258736.317, 120
Trd, 258736.533, 119
Trd, 258736.717, 130
Trd, 258736.800, 127
Trd, 258737.467, 119
Trd, 258737.933, 126
Trd, 258737.983, 115
Trd, 258738.633, 127
Trd, 258739.017, 126
Trd, 258739.083, 125
Trd, 258739.117, 131
Trd, 258739.267, 125
Trd, 258739.483, 134
Trd, 258740.317, 135
Trd, 258740.533, 131
Trd, 258740.783, 126
Trd, 258740.817, 135
Trd, 258741.050, 108
Trd, 258741.067, 96
Trd, 258741.417, 131
Trd, 258741.550, 136
Trd, 258741.733, 132
Trd, 258741.917, 126
Trd, 258742.200, 118
Trd, 258742.400, 108
Trd, 258742.433, 102
Trd, 258742.900, 136
Trd, 258742.917, 135
Trd, 258743.483, 133
Trd, 258743.733, 132
Trd, 258745.700, 140
Trd, 258746.167, 140
Trd, 258746.967, 140
Trd, 258747.133, 140
Trd, 258747.467, 140
Trd, 258747.617, 140
Trd, 258747.783, 136
Trd, 258747.933, 131
Trd, 258748.367, 126
Trd, 258748.450, 125
Trd, 258748.683, 132
Trd, 258748.750, 123
Trd, 258749.017, 122
Trd, 258749.433, 129
Trd, 258750.017, 137
Trd, 258750.683, 127
Trd, 258751.050, 131
Trd, 258751.117, 120
Trd, 258751.217, 112
Trd, 258751.683, 132
Trd, 258752.067, 123
Trd, 258752.100, 121
Trd, 258752.233, 116
Trd, 258752.550, 134
Trd, 258753.167, 137
Trd, 258753.450, 129
Trd, 258753.767, 134
Trd, 258753.967, 128
Trd, 258754.433, 122
Trd, 258754.783, 114
Trd, 258754.833, 133
Trd, 258754.917, 129
Trd, 258755.217, 139
Trd, 258755.383, 108
Trd, 258756.400, 139
Trd, 258756.917, 140
Trd, 258757.250, 140
Trd, 258757.633, 140
Trd, 258758.033, 129
Trd, 258758.067, 109
Trd, 258758.183, 128
Trd, 258758.317, 110
Trd, 258758.383, 112
Trd, 258758.500, 112
Trd, 258758.833, 103
Trd, 258759.117, 103
Trd, 258759.200, 101
Trd, 258759.283, 94
Trd, 258759.633, 98
Trd, 258759.800, 111
Trd, 258759.850, 113
Trd, 258760.167, 140
Trd, 258760.300, 140
Trd, 258761.233, 139
Trd, 258761.750, 138
Trd, 258762.067, 135
Trd, 258762.183, 131
Trd, 258762.483, 133
Trd, 258762.567, 124
Trd, 258762.617, 124
Trd, 258762.900, 123
Trd, 258763.083, 131
Trd, 258763.183, 134
Trd, 258763.700, 135
Trd, 258764.400, 139
Trd, 258764.433, 135
Trd, 258764.450, 132
Trd, 258764.500, 131
Trd, 258764.683, 130
Trd, 258764.933, 127
Trd, 258765.900, 122
Trd, 258766.250, 120
Trd, 258767.000, 129
Trd, 258767.117, 114
Trd, 258767.200, 102
Trd, 258767.383, 104
Trd, 258767.417, 99
Trd, 258767.767, 115
Trd, 258768.367, 104
Trd, 258768.633, 102
Trd, 258768.750, 101
Trd, 258768.917, 104
Trd, 258769.050, 99
Trd, 258769.083, 94
Trd, 258769.450, 137
Trd, 258769.467, 121
Trd, 258769.683, 116
Trd, 258769.933, 99
Trd, 258770.117, 93
Trd, 258770.200, 97
Trd, 258770.333, 118
Trd, 258770.767, 122
Trd, 258771.033, 119
Trd, 258771.117, 117
Trd, 258771.150, 130
Trd, 258771.483, 138
Trd, 258771.533, 130
Trd, 258772.300, 132
Trd, 258772.950, 128
Trd, 258773.283, 135
Trd, 258773.450, 136
Trd, 258773.667, 128
Trd, 258773.767, 138
Trd, 258774.017, 126
Trd, 258774.333, 114
Trd, 258774.383, 127
Trd, 258774.650, 131
Trd, 258775.000, 137
Trd, 258775.450, 139
Trd, 258775.483, 138
Trd, 258775.667, 140
Trd, 258776.017, 136
Trd, 258776.817, 139
Trd, 258777.167, 137
Trd, 258777.433, 135
Trd, 258777.800, 134
Trd, 258777.867, 126
Trd, 258778.533, 138
Trd, 258778.567, 139
Trd, 258778.817, 134
Trd, 258778.900, 124
Trd, 258779.250, 125
Trd, 258779.300, 138
Trd, 258779.550, 127
Trd, 258780.433, 140
Trd, 258780.500, 137
Trd, 258780.800, 136
Trd, 258780.867, 125
Trd, 258781.367, 138
Trd, 258782.283, 140
Trd, 258783.167, 140
Trd, 258783.683, 136
Trd, 258783.850, 131
Trd, 258784.100, 134
Trd, 258784.150, 139
Trd, 258784.800, 134
Trd, 258785.017, 136
Trd, 258785.250, 134
Trd, 258785.400, 138
Trd, 258785.850, 121
Trd, 258786.333, 128
Trd, 258786.400, 120
Trd, 258786.450, 138
Trd, 258786.833, 136
Trd, 258787.267, 134
Trd, 258787.567, 130
Trd, 258787.667, 125
Trd, 258787.800, 123
Trd, 258787.983, 109
Trd, 258788.950, 134
Trd, 258789.383, 133
Trd, 258790.250, 132
Trd, 258790.333, 135
Trd, 258791.117, 138
Trd, 258791.367, 138
Trd, 258791.500, 139
Trd, 258791.767, 136
Trd, 258792.050, 140
Trd, 258792.233, 140
Trd, 258792.367, 137
Trd, 258792.400, 129
Trd, 258792.700, 127
Trd, 258793.317, 122
Trd, 258793.333, 121
Trd, 258793.550, 120
Trd, 258793.817, 136
Trd, 258793.883, 105
Trd, 258794.083, 108
Trd, 258794.317, 116
Trd, 258794.900, 120
Trd, 258795.050, 114
Trd, 258795.500, 113
Trd, 258795.733, 127
Trd, 258796.567, 122
Trd, 258796.600, 121
Trd, 258796.833, 117
Trd, 258797.050, 106
Trd, 258797.600, 138
Trd, 258798.383, 129
Trd, 258798.683, 136
Trd, 258798.933, 129
Trd, 258799.050, 127
Trd, 258799.083, 125
Trd, 258799.183, 118
Trd, 258799.450, 133
Trd, 258799.500, 115
Trd, 258800.000, 112
Trd, 258800.217, 112
Trd, 258800.533, 125
Trd, 258800.567, 125
Trd, 258800.600, 117
Trd, 258800.683, 135
Trd, 258801.133, 117
Trd, 258801.183, 139
Trd, 258801.233, 134
Trd, 258801.950, 123
Trd, 258802.017, 116
Trd, 258802.067, 108
Trd, 258802.217, 117
Trd, 258802.950, 138
Trd, 258803.000, 128
Trd, 258803.167, 128
Trd, 258803.217, 117
Trd, 258803.550, 125
Trd, 258803.667, 139
Trd, 258804.233, 140
Trd, 258804.633, 140
Trd, 258805.300, 136
Trd, 258805.317, 136
Trd, 258805.550, 126
Trd, 258806.050, 128
Trd, 258806.333, 129
Trd, 258807.017, 133
Trd, 258807.183, 134
Trd, 258807.483, 137
Trd, 258807.883, 137
Trd, 258808.333, 139
Trd, 258808.683, 137
Trd, 258808.950, 136
Trd, 258808.967, 135
Trd, 258809.400, 127
Trd, 258809.550, 122
Trd, 258809.733, 138
Trd, 258809.900, 119
Trd, 258809.917, 116
Trd, 258810.167, 134
Trd, 258810.783, 129
Trd, 258811.367, 135
Trd, 258811.517, 125
Trd, 258811.600, 119
Trd, 258811.667, 109
Trd, 258811.917, 122
Trd, 258812.133, 133
Trd, 258813.050, 118
Trd, 258813.350, 137
Trd, 258813.400, 137
Trd, 258813.533, 136
Trd, 258813.650, 138
Trd, 258813.767, 137
Trd, 258813.783, 135
Trd, 258814.167, 119
Trd, 258814.450, 124
Trd, 258814.567, 109
Trd, 258814.650, 108
Trd, 258814.717, 106
Trd, 258814.900, 111
Trd, 258815.150, 111
Trd, 258816.183, 125
Trd, 258816.333, 110
Trd, 258816.700, 130
Trd, 258816.733, 115
Trd, 258816.983, 114
Trd, 258817.333, 125
Trd, 258817.367, 129
Trd, 258817.467, 131
Trd, 258817.900, 122
Trd, 258817.983, 124
Trd, 258818.067, 125
Trd, 258818.483, 115
Trd, 258818.767, 135
Trd, 258819.333, 114
Trd, 258819.367, 137
Trd, 258819.850, 124
Trd, 258820.133, 114
Trd, 258820.183, 115
Trd, 258820.433, 101
Trd, 258820.767, 120
Trd, 258820.967, 105
Trd, 258821.367, 123
Trd, 258821.617, 104
Trd, 258822.067, 124
Trd, 258822.467, 119
Trd, 258822.867, 98
Trd, 258823.200, 111
Trd, 258823.450, 109
Trd, 258823.750, 111
Trd, 258823.867, 101
Trd, 258823.983, 97
Trd, 258824.117, 123
Trd, 258824.250, 112
Trd, 258824.317, 114
Trd, 258824.333, 111
Trd, 258826.467, 140
Trd, 258826.633, 140
Trd, 258826.667, 140
Trd, 258826.850, 139
Trd, 258827.300, 137
Trd, 258827.350, 140
Trd, 258827.650, 136
Trd, 258828.367, 139
Trd, 258828.383, 134
Trd, 258828.400, 134
Trd, 258828.483, 130
Trd, 258828.817, 139
Trd, 258828.850, 139
Trd, 258829.383, 132
Trd, 258829.650, 127
Trd, 258829.917, 123
Trd, 258830.217, 138
Trd, 258830.333, 123
Trd, 258830.350, 108
Trd, 258830.817, 119
Trd, 258830.983, 118
Trd, 258831.350, 121
Trd, 258831.967, 122
Trd, 258832.333, 121
Trd, 258832.350, 118
Trd, 258832.467, 125
Trd, 258832.733, 133
Trd, 258832.867, 112
Trd, 258833.650, 117
Trd, 258834.800, 127
Trd, 258835.250, 139
Trd, 258835.317, 136
Trd, 258835.467, 136
Trd, 258835.767, 129
Trd, 258836.333, 129
Trd, 258837.333, 140
Trd, 258838.283, 140
Trd, 258838.367, 140
Trd, 258838.383, 138
Trd, 258838.500, 135
Trd, 258838.667, 135
Trd, 258839.150, 135
Trd, 258839.250, 124
Trd, 258839.267, 123
Trd, 258839.283, 121
Trd, 258839.383, 138
Trd, 258839.617, 137
Trd, 258839.733, 136
Trd, 258840.017, 139
Trd, 258840.267, 132
Trd, 258840.417, 130
Trd, 258840.483, 136
Trd, 258840.517, 124
Trd, 258841.750, 131
Trd, 258841.917, 114
Trd, 258842.233, 137
Trd, 258842.383, 120
Trd, 258842.850, 139
Trd, 258842.983, 134
Trd, 258843.150, 134
Trd, 258843.750, 138
Trd, 258843.917, 134
Trd, 258843.933, 133
Trd, 258844.183, 130
Trd, 258844.300, 136
Trd, 258844.700, 138
Trd, 258845.150, 118
Trd, 258845.433, 107
Trd, 258846.167, 120
Trd, 258846.183, 116
Trd, 258846.200, 96
Trd, 258846.300, 113
Trd, 258846.433, 119
Trd, 258846.717, 109
Trd, 258846.817, 109
Trd, 258846.867, 110
Trd, 258847.033, 118
Trd, 258847.233, 120
Trd, 258847.500, 125
Trd, 258847.767, 105
Trd, 258847.917, 140
Trd, 258848.050, 104
Trd, 258849.250, 139
Trd, 258849.700, 139
Trd, 258849.933, 139
Trd, 258849.967, 138
Trd, 258850.067, 134
Trd, 258850.250, 129
Trd, 258850.350, 122
Trd, 258850.833, 119
Trd, 258850.850, 118
Trd, 258851.017, 113
Trd, 258851.117, 119
Trd, 258851.317, 106
Trd, 258851.350, 119
Trd, 258851.483, 102
Trd, 258851.500, 121
Trd, 258852.283, 104
Trd, 258852.800, 127
Trd, 258853.000, 126
Trd, 258853.800, 140
Trd, 258854.733, 137
Trd, 258855.050, 138
Trd, 258855.317, 124
Trd, 258855.767, 117
Trd, 258855.817, 121
Trd, 258855.917, 104
Trd, 258856.133, 114
Trd, 258856.317, 104
Trd, 258856.500, 122
Trd, 258856.550, 123
Trd, 258857.600, 136
Trd, 258857.783, 124
Trd, 258858.183, 124
Trd, 258858.433, 123
Trd, 258858.933, 140
Trd, 258859.417, 132
Trd, 258859.567, 136
Trd, 258859.950, 134
Trd, 258860.133, 92
Trd, 258860.483, 131
Trd, 258860.550, 109
Trd, 258860.783, 129
Trd, 258860.900, 122
Trd, 258861.667, 139
Trd, 258861.717, 110
Trd, 258861.783, 109
Trd, 258861.833, 100
Trd, 258862.433, 129
Trd, 258862.500, 125
Trd, 258862.867, 136
Trd, 258863.283, 138
Trd, 258863.583, 137
Trd, 258863.617, 134
Trd, 258864.083, 139
Trd, 258864.500, 127
Trd, 258864.583, 126
Trd, 258864.717, 107
Trd, 258864.800, 114
Trd, 258865.850, 134
Trd, 258866.283, 135
Trd, 258866.583, 134
Trd, 258866.683, 125
Trd, 258866.750, 135
Trd, 258866.817, 122
Trd, 258866.883, 121
Trd, 258867.300, 137
Trd, 258867.350, 132
Trd, 258867.467, 121
Trd, 258868.533, 137
Trd, 258869.500, 135
Trd, 258869.517, 134
Trd, 258869.750, 137
Trd, 258869.767, 133
Trd, 258870.367, 132
Trd, 258870.550, 133
Trd, 258871.117, 138
Trd, 258871.250, 135
Trd, 258871.500, 137
Trd, 258871.983, 137
Trd, 258872.200, 131
Trd, 258872.500, 131
Trd, 258872.783, 129
Trd, 258872.933, 133
Trd, 258873.200, 122
Trd, 258873.400, 137
Trd, 258873.550, 136
Trd, 258873.733, 135
Trd, 258873.867, 131
Trd, 258874.100, 129
Trd, 258874.233, 133
Trd, 258874.250, 123
Trd, 258874.333, 140
Trd, 258874.817, 120
Trd, 258874.983, 130
Trd, 258875.433, 130
Trd, 258875.633, 122
Trd, 258875.683, 132
Trd, 258875.750, 135
Trd, 258876.350, 123
Trd, 258877.050, 136
Trd, 258878.433, 130
Trd, 258878.583, 117
Trd, 258878.783, 137
Trd, 258879.533, 136
Trd, 258879.850, 135
Trd, 258880.267, 138
Trd, 258880.467, 138
Trd, 258881.067, 140
Trd, 258881.150, 139
Trd, 258881.200, 137
Trd, 258881.417, 134
Trd, 258881.717, 138
Trd, 258882.050, 140
Trd, 258882.250, 139
Trd, 258882.400, 116
Trd, 258882.433, 110
Trd, 258882.767, 116
Trd, 258883.000, 131
Trd, 258883.283, 131
Trd, 258883.633, 131
Trd, 258883.817, 120
Trd, 258884.717, 117
Trd, 258885.017, 129
Trd, 258885.717, 138
Trd, 258885.833, 127
Trd, 258886.350, 127
Trd, 258886.683, 130
Trd, 258886.700, 121
Trd, 258887.383, 134
Trd, 258887.433, 127
Trd, 258887.583, 124
Trd, 258887.800, 136
Trd, 258887.950, 133
Trd, 258888.083, 136
Trd, 258888.817, 139
Trd, 258888.950, 136
Trd, 258889.067, 139
Trd, 258889.233, 134
Trd, 258889.250, 133
Trd, 258889.750, 122
Trd, 258889.867, 122
Trd, 258890.033, 107
Trd, 258890.233, 107
Trd, 258890.883, 125
Trd, 258890.983, 120
Trd, 258891.100, 115
Trd, 258891.617, 116
Trd, 258891.633, 114
Trd, 258891.767, 124
Trd, 258892.367, 136
Trd, 258892.550, 132
Trd, 258892.783, 130
Trd, 258892.917, 124
Trd, 258893.000, 122
Trd, 258893.383, 135
Trd, 258893.483, 121
Trd, 258893.750, 120
Trd, 258894.200, 110
Trd, 258894.350, 108
Trd, 258894.583, 104
Trd, 258894.850, 108
Trd, 258895.017, 106
Trd, 258895.650, 139
Trd, 258896.017, 134
Trd, 258896.117, 128
Trd, 258896.633, 126
Trd, 258897.617, 137
Trd, 258897.683, 136
Trd, 258897.950, 128
Trd, 258898.650, 134
Trd, 258898.700, 128
Trd, 258899.050, 133
Trd, 258899.167, 121
Trd, 258899.217, 137
Trd, 258900.250, 139
Trd, 258901.117, 140
Trd, 258901.183, 127
Trd, 258901.217, 112
Trd, 258901.367, 110
Trd, 258901.433, 114
Trd, 258901.683, 136
Trd, 258902.050, 133
Trd, 258902.083, 132
Trd, 258902.483, 112
Trd, 258902.750, 115
Trd, 258902.967, 137
Trd, 258903.000, 130
Trd, 258903.283, 139
Trd, 258904.133, 139
Trd, 258904.150, 138
Trd, 258904.233, 138
Trd, 258904.317, 128
Trd, 258904.417, 120
Trd, 258905.183, 139
Trd, 258905.283, 115
Trd, 258905.583, 113
Trd, 258906.217, 135
Trd, 258906.483, 135
Trd, 258906.950, 135
Trd, 258907.350, 127
Trd, 258907.367, 126
Trd, 258907.817, 125
Trd, 258907.850, 125
Trd, 258908.717, 122
Trd, 258908.833, 121
Trd, 258908.867, 125
Trd, 258908.983, 126
Trd, 258909.383, 119
Trd, 258909.950, 119
Trd, 258910.267, 119
Trd, 258910.683, 137
Trd, 258911.667, 140
Trd, 258911.800, 140
Trd, 258912.200, 140
Trd, 258912.517, 137
Trd, 258913.300, 138
Trd, 258913.367, 137
Trd, 258914.517, 140
Trd, 258914.650, 139
Trd, 258914.717, 138
Trd, 258914.933, 136
Trd, 258915.217, 134
Trd, 258915.917, 138
Trd, 258916.133, 139
Trd, 258916.217, 135
Trd, 258916.283, 134
Trd, 258916.833, 133
Trd, 258916.933, 133
Trd, 258917.033, 132
Trd, 258917.233, 132
Trd, 258917.350, 131
Trd, 258917.733, 129
Trd, 258917.750, 129
Trd, 258918.200, 133
Trd, 258918.317, 122
Trd, 258918.350, 109
Trd, 258918.367, 126
Trd, 258919.017, 134
Trd, 258919.350, 136
Trd, 258919.467, 136
Trd, 258920.000, 134
Trd, 258920.317, 124
Trd, 258920.817, 135
Trd, 258920.833, 131
Trd, 258921.000, 123
Trd, 258921.083, 123
Trd, 258921.433, 132
Trd, 258921.617, 125
Trd, 258921.817, 129
Trd, 258921.850, 122
Trd, 258922.233, 128
Trd, 258923.250, 138
Trd, 258923.533, 129
Trd, 258923.550, 128
Trd, 258923.883, 126
Trd, 258924.067, 120
Trd, 258924.217, 113
Trd, 258924.933, 100
Trd, 258925.967, 136
Trd, 258926.083, 134
Trd, 258926.150, 133
Trd, 258926.383, 131
Trd, 258926.533, 134
Trd, 258926.617, 135
Trd, 258926.883, 124
Trd, 258927.183, 121
Trd, 258927.433, 130
Trd, 258928.183, 110
Trd, 258928.550, 125
Trd, 258928.800, 126
Trd, 258928.817, 127
Trd, 258928.867, 125
Trd, 258928.883, 106
Trd, 258929.717, 112
Trd, 258929.733, 133
Trd, 258929.767, 105
Trd, 258929.983, 139
Trd, 258931.167, 131
Trd, 258932.050, 138
Trd, 258932.350, 138
Trd, 258932.417, 123
Trd, 258933.033, 131
Trd, 258933.183, 125
Trd, 258933.217, 121
Trd, 258933.333, 119
Trd, 258933.567, 118
Trd, 258934.367, 140
Trd, 258934.533, 133
Trd, 258934.983, 134
Trd, 258935.000, 132
Trd, 258935.217, 123
Trd, 258935.500, 121
Trd, 258935.517, 130
Trd, 258935.700, 133
Trd, 258935.933, 132
Trd, 258936.267, 126
Trd, 258936.517, 127
Trd, 258936.783, 127
Trd, 258936.850, 124
Trd, 258936.900, 122
Trd, 258937.100, 132
Trd, 258937.200, 119
Trd, 258937.583, 134
Trd, 258937.883, 127
Trd, 258937.917, 121
Trd, 258938.783, 138
Trd, 258938.967, 138
Trd, 258939.183, 117
Trd, 258939.733, 115
Trd, 258940.050, 134
Trd, 258940.233, 135
Trd, 258940.433, 134
Trd, 258941.250, 140
Trd, 258941.400, 140
Trd, 258941.717, 135
Trd, 258941.783, 121
Trd, 258942.150, 117
Trd, 258942.217, 103
Trd, 258942.467, 93
Trd, 258942.850, 118
Trd, 258942.900, 130
Trd, 258942.983, 131
Trd, 258943.317, 133
Trd, 258943.700, 119
Trd, 258943.850, 118
Trd, 258943.933, 124
Trd, 258944.117, 132
Trd, 258944.283, 136
Trd, 258944.383, 119
Trd, 258944.767, 119
Trd, 258945.000, 136
Trd, 258945.933, 123
Trd, 258946.350, 122
Trd, 258946.417, 136
Trd, 258946.550, 120
Trd, 258946.967, 138
Trd, 258947.250, 138
Trd, 258947.750, 139
Trd, 258947.767, 130
Trd, 258948.167, 133
Trd, 258948.233, 129
Trd, 258948.567, 138
Trd, 258949.050, 140
Trd, 258949.267, 140
Trd, 258949.400, 139
Trd, 258949.783, 120
Trd, 258950.300, 131
Trd, 258951.000, 140
Trd, 258951.083, 139
Trd, 258952.233, 131
Trd, 258952.333, 124
Trd, 258952.517, 123
Trd, 258952.717, 132
Trd, 258953.333, 140
Trd, 258953.733, 140
Trd, 258953.817, 138
Trd, 258953.867, 133
Trd, 258954.283, 139
Trd, 258954.567, 131
Trd, 258955.200, 131
Trd, 258955.400, 130
Trd, 258955.617, 119
Trd, 258955.633, 132
Trd, 258955.683, 112
Trd, 258956.283, 106
Trd, 258956.300, 105
Trd, 258956.333, 116
Trd, 258956.367, 99
Trd, 258956.683, 134
Trd, 258956.783, 132
Trd, 258957.483, 140
Trd, 258957.583, 123
Trd, 258958.000, 124
Trd, 258958.200, 113
Trd, 258958.233, 126
Trd, 258958.250, 129
Trd, 258958.417, 119
Trd, 258959.100, 129
Trd, 258959.750, 140
Trd, 258960.100, 140
Trd, 258960.183, 140
Trd, 258960.400, 132
Trd, 258960.500, 118
Trd, 258960.550, 112
Trd, 258960.883, 111
Trd, 258961.083, 116
Trd, 258961.883, 134
Trd, 258962.200, 137
Trd, 258962.850, 137
Trd, 258962.883, 130
Trd, 258963.383, 130
Trd, 258963.667, 127
Trd, 258964.267, 137
Trd, 258964.550, 127
Trd, 258964.967, 140
Trd, 258965.767, 137
Trd, 258965.917, 133
Trd, 258966.067, 135
Trd, 258966.100, 136
Trd, 258966.217, 128
Trd, 258966.800, 136
Trd, 258966.817, 126
Trd, 258967.200, 125
Trd, 258967.600, 133
Trd, 258967.717, 129
Trd, 258968.383, 126
Trd, 258968.817, 125
Trd, 258968.850, 119
Trd, 258968.900, 123
Trd, 258969.100, 116
Trd, 258970.017, 138
Trd, 258970.100, 121
Trd, 258970.583, 135
Trd, 258970.917, 130
Trd, 258971.117, 111
Trd, 258971.250, 112
Trd, 258971.283, 114
Trd, 258971.683, 134
Trd, 258971.700, 129
Trd, 258971.800, 128
Trd, 258971.867, 112
Trd, 258972.067, 139
Trd, 258972.483, 131
Trd, 258972.800, 125
Trd, 258973.150, 119
Trd, 258973.267, 117
Trd, 258973.333, 116
Trd, 258973.483, 91
Trd, 258973.783, 132
Trd, 258973.850, 131
Trd, 258973.967, 91
Trd, 258974.550, 136
Trd, 258974.817, 119
Trd, 258975.650, 135
Trd, 258975.667, 125
Trd, 258976.350, 138
Trd, 258976.367, 138
Trd, 258976.817, 135
Trd, 258976.833, 123
Trd, 258976.900, 137
Trd, 258977.000, 119
Trd, 258977.050, 106
Trd, 258977.133, 137
Trd, 258977.517, 103
Trd, 258977.833, 137
Trd, 258977.983, 135
Trd, 258978.050, 138
Trd, 258978.383, 134
Trd, 258978.617, 133
Trd, 258980.067, 136
Trd, 258980.567, 135
Trd, 258980.683, 134
Trd, 258980.883, 135
Trd, 258981.133, 132
Trd, 258981.383, 135
Trd, 258981.717, 131
Trd, 258981.750, 136
Trd, 258981.850, 130
Trd, 258981.900, 130
Trd, 258982.217, 132
Trd, 258982.567, 128
Trd, 258982.767, 120
Trd, 258982.800, 119
Trd, 258982.850, 120
Trd, 258982.933, 112
Trd, 258983.267, 134
Trd, 258983.300, 106
Trd, 258983.717, 107
Trd, 258984.283, 112
Trd, 258984.583, 109
Trd, 258984.983, 139
Trd, 258985.350, 135
Trd, 258985.617, 133
Trd, 258986.583, 137
Trd, 258986.600, 134
Trd, 258987.133, 140
Trd, 258987.633, 133
Trd, 258987.667, 140
Trd, 258988.633, 140
Trd, 258988.733, 136
Trd, 258988.783, 135
Trd, 258988.850, 127
Trd, 258989.000, 122
Trd, 258989.083, 119
Trd, 258989.467, 113
Trd, 258990.467, 139
Trd, 258990.550, 131
Trd, 258991.183, 119
Trd, 258991.217, 118
Trd, 258991.250, 121
Trd, 258991.300, 109
Trd, 258991.350, 122
Trd, 258992.000, 140
Trd, 258992.067, 140
Trd, 258992.333, 133
Trd, 258992.783, 135
Trd, 258993.117, 133
Trd, 258993.183, 126
Trd, 258993.200, 114
Trd, 258993.750, 140
Trd, 258994.433, 140
Trd, 258994.517, 140
Trd, 258994.583, 139
Trd, 258994.733, 138
Trd, 258994.850, 132
Trd, 258994.883, 128
Trd, 258994.967, 124
Trd, 258995.217, 134
Trd, 258995.350, 121
Trd, 258995.733, 124
Trd, 258996.133, 126
Trd, 258996.567, 122
Trd, 258996.650, 111
Trd, 258997.350, 106
Trd, 258997.517, 112
Trd, 258997.533, 96
Trd, 258997.750, 94
Trd, 258997.900, 104
Trd, 258997.933, 125
Trd, 258998.250, 140
Trd, 258999.267, 117
Trd, 258999.367, 110
Trd, 258999.400, 107
Trd, 258999.983, 123
Trd, 259000.267, 114
Trd, 259000.300, 122
Trd, 259000.717, 106
Trd, 259000.833, 133
Trd, 259001.550, 137
Trd, 259002.117, 132
Trd, 259002.150, 137
Trd, 259002.400, 123
Trd, 259002.667, 138
Trd, 259002.750, 137
Trd, 259003.383, 137
Trd, 259003.433, 135
Trd, 259003.567, 135
Trd, 259003.633, 139
Trd, 259003.850, 133
Trd, 259004.317, 137
Trd, 259004.833, 131
Trd, 259005.017, 133
Trd, 259005.167, 140
Trd, 259006.267, 136
Trd, 259006.433, 132
Trd, 259006.583, 117
Trd, 259006.750, 114
Trd, 259006.850, 139
Trd, 259007.367, 131
Trd, 259007.633, 138
Trd, 259008.150, 118
Trd, 259008.317, 119
Trd, 259009.050, 135
Trd, 259009.083, 128
Trd, 259009.317, 128
Trd, 259009.817, 137
Trd, 259010.333, 138
Trd, 259010.783, 136
Trd, 259010.900, 134
Trd, 259011.217, 130
Trd, 259011.433, 137
Trd, 259012.167, 136
Trd, 259012.267, 135
Trd, 259012.433, 131
Trd, 259013.050, 135
Trd, 259013.417, 134
Trd, 259013.450, 128
Trd, 259013.650, 135
Trd, 259013.883, 139
Trd, 259014.117, 130
Trd, 259014.367, 128
Trd, 259014.800, 129
Trd, 259015.250, 137
Trd, 259015.283, 125
Trd, 259015.833, 136
Trd, 259015.850, 138
Trd, 259016.100, 124
Trd, 259016.133, 120
Trd, 259016.200, 120
Trd, 259016.583, 136
Trd, 259016.800, 127
Trd, 259016.850, 140
Trd, 259017.050, 126
Trd, 259017.900, 135
Trd, 259018.100, 130
Trd, 259018.417, 138
Trd, 259018.667, 124
Trd, 259018.800, 123
Trd, 259019.300, 122
Trd, 259019.467, 117
Trd, 259019.583, 130
Trd, 259020.483, 113
Trd, 259020.667, 127
Trd, 259020.700, 112
Trd, 259020.850, 107
Trd, 259020.883, 135
Trd, 259021.250, 132
Trd, 259021.450, 129
Trd, 259021.767, 133
Trd, 259022.117, 118
Trd, 259022.383, 117
Trd, 259023.033, 131
Trd, 259023.267, 133
Trd, 259023.283, 132
Trd, 259023.333, 133
Trd, 259024.117, 140
Trd, 259024.950, 138
Trd, 259025.667, 137
Trd, 259025.917, 138
Trd, 259026.017, 138
Trd, 259026.083, 137
Trd, 259026.367, 134
Trd, 259026.917, 139
Trd, 259027.533, 136
Trd, 259027.667, 134
Trd, 259027.783, 135
Trd, 259028.217, 132
Trd, 259028.300, 130
Trd, 259029.067, 132
Trd, 259029.117, 130
Trd, 259029.683, 135
Trd, 259030.100, 131
Trd, 259030.233, 123
Trd, 259030.417, 126
Trd, 259030.550, 113
Trd, 259030.583, 135
Trd, 259030.817, 136
Trd, 259031.650, 138
Trd, 259031.983, 140
Trd, 259032.667, 138
Trd, 259032.817, 134
Trd, 259033.033, 140
Trd, 259033.150, 138
Trd, 259033.300, 133
Trd, 259033.467, 128
Trd, 259034.650, 139
Trd, 259034.883, 138
Trd, 259035.283, 137
Trd, 259035.600, 134
Trd, 259035.733, 129
Trd, 259036.300, 129
Trd, 259036.550, 128
Trd, 259036.583, 129
Trd, 259036.700, 127
Trd, 259036.850, 129
Trd, 259036.900, 130
Trd, 259037.017, 131
Trd, 259037.167, 133
Trd, 259037.433, 131
Trd, 259038.533, 139
Trd, 259038.700, 136
Trd, 259039.067, 132
Trd, 259039.533, 131
Trd, 259039.867, 140
Trd, 259040.433, 140
Trd, 259040.683, 139
Trd, 259040.767, 135
Trd, 259041.300, 119
Trd, 259041.483, 125
Trd, 259041.867, 137
Trd, 259042.017, 136
Trd, 259042.717, 135
Trd, 259042.783, 130
Trd, 259042.833, 138
Trd, 259043.083, 131
Trd, 259043.567, 123
Trd, 259043.700, 107
Trd, 259044.050, 114
Trd, 259044.100, 135
Trd, 259044.117, 110
Trd, 259044.183, 100
Trd, 259044.833, 137
Trd, 259045.500, 137
Trd, 259045.683, 135
Trd, 259045.950, 135
Trd, 259046.550, 134
Trd, 259046.567, 133
Trd, 259046.733, 128
Trd, 259046.750, 135
Trd, 259046.817, 114
Trd, 259046.850, 135
Trd, 259047.217, 118
Trd, 259047.433, 115
Trd, 259047.767, 116
Trd, 259047.933, 123
Trd, 259048.017, 113
Trd, 259048.433, 110
Trd, 259048.533, 110
Trd, 259049.683, 113
Trd, 259049.900, 111
Trd, 259049.950, 111
Trd, 259050.317, 130
Trd, 259050.917, 134
Trd, 259051.883, 135
Trd, 259051.933, 135
Trd, 259052.017, 139
Trd, 259052.400, 134
Trd, 259052.517, 106
Trd, 259052.800, 139
Trd, 259052.883, 139
Trd, 259052.950, 138
Trd, 259053.100, 125
Trd, 259053.650, 139
Trd, 259054.267, 137
Trd, 259054.667, 133
Trd, 259054.717, 131
Trd, 259054.833, 125
Trd, 259055.050, 136
Trd, 259055.117, 130
Trd, 259055.817, 138
Trd, 259055.850, 140
Trd, 259055.917, 137
Trd, 259056.117, 130
Trd, 259057.283, 136
Trd, 259057.367, 135
Trd, 259057.450, 133
Trd, 259057.917, 125
Trd, 259058.617, 134
Trd, 259059.050, 128
Trd, 259059.467, 138
Trd, 259059.783, 136
Trd, 259060.317, 140
Trd, 259060.533, 139
Trd, 259061.200, 135
Trd, 259061.283, 132
Trd, 259061.317, 128
Trd, 259061.633, 126
Trd, 259062.117, 134
Trd, 259062.233, 127
Trd, 259062.683, 128
Trd, 259062.817, 127
Trd, 259062.883, 121
Trd, 259063.183, 127
Trd, 259063.350, 133
Trd, 259063.383, 120
Trd, 259064.200, 134
Trd, 259064.217, 135
Trd, 259064.517, 125
Trd, 259064.583, 120
Trd, 259064.667, 118
Trd, 259064.733, 114
Trd, 259065.033, 109
Trd, 259065.083, 106
Trd, 259065.650, 132
Trd, 259065.700, 129
Trd, 259065.983, 128
Trd, 259066.133, 123
Trd, 259066.250, 137
Trd, 259066.467, 122
Trd, 259066.900, 130
Trd, 259067.133, 111
Trd, 259067.250, 115
Trd, 259067.350, 112
Trd, 259067.550, 105
Trd, 259068.433, 135
Trd, 259068.667, 131
Trd, 259068.700, 136
Trd, 259068.767, 123
Trd, 259069.100, 112
Trd, 259069.533, 140
Trd, 259069.583, 140
Trd, 259069.650, 133
Trd, 259069.967, 140
Trd, 259070.200, 136
Trd, 259070.400, 132
Trd, 259070.567, 111
Trd, 259070.750, 114
Trd, 259070.933, 98
Trd, 259071.117, 132
Trd, 259071.417, 137
Trd, 259071.433, 136
Trd, 259071.733, 122
Trd, 259072.150, 131
Trd, 259073.217, 138
Trd, 259073.433, 124
Trd, 259073.917, 133
Trd, 259074.300, 133
Trd, 259075.000, 131
Trd, 259075.217, 132
Trd, 259075.400, 132
Trd, 259075.433, 139
Trd, 259075.650, 130
Trd, 259075.700, 126
Trd, 259076.200, 137
Trd, 259076.450, 137
Trd, 259076.583, 136
Trd, 259076.783, 138
Trd, 259077.183, 137
Trd, 259077.283, 134
Trd, 259078.017, 99
Trd, 259078.433, 125
Trd, 259078.517, 135
Trd, 259078.583, 125
Trd, 259079.133, 124
Trd, 259079.200, 108
Trd, 259079.317, 111
Trd, 259079.733, 133
Trd, 259079.750, 125
Trd, 259080.417, 134
Trd, 259080.667, 134
Trd, 259080.767, 135
Trd, 259081.017, 135
Trd, 259081.233, 133
Trd, 259081.617, 125
Trd, 259081.817, 123
Trd, 259082.383, 131
Trd, 259082.400, 128
Trd, 259082.500, 123
Trd, 259082.783, 123
Trd, 259082.917, 119
Trd, 259083.183, 127
Trd, 259084.017, 115
Trd, 259084.100, 125
Trd, 259084.533, 126
Trd, 259084.617, 124
Trd, 259084.717, 115
Trd, 259085.100, 131
Trd, 259085.200, 132
Trd, 259085.667, 128
Trd, 259086.117, 140
Trd, 259086.417, 119
Trd, 259086.983, 126
Trd, 259087.250, 125
Trd, 259087.417, 116
Trd, 259088.450, 140
Trd, 259088.617, 140
Trd, 259088.767, 139
Trd, 259088.933, 138
Trd, 259089.183, 135
Trd, 259090.850, 140
Trd, 259091.317, 138
Trd, 259091.333, 136
Trd, 259091.383, 136
Trd, 259091.400, 136
Trd, 259091.517, 130
Trd, 259091.817, 131
Trd, 259092.033, 137
Trd, 259092.200, 127
Trd, 259092.333, 123
Trd, 259092.500, 128
Trd, 259092.717, 123
Trd, 259092.883, 126
Trd, 259093.200, 125
Trd, 259093.267, 127
Trd, 259093.333, 119
Trd, 259093.750, 121
Trd, 259093.883, 137
Trd, 259093.950, 128
Trd, 259094.033, 115
Trd, 259094.267, 99
Trd, 259094.317, 123
Trd, 259095.117, 133
Trd, 259095.717, 136
Trd, 259096.083, 127
Trd, 259096.250, 127
Trd, 259097.433, 139
Trd, 259097.817, 138
Trd, 259097.950, 138
Trd, 259098.033, 129
Trd, 259098.800, 135
Trd, 259099.000, 128
Trd, 259099.083, 126
Trd, 259099.183, 136
Trd, 259099.233, 119
Trd, 259099.533, 119
Trd, 259099.683, 137
Trd, 259100.050, 132
Trd, 259100.233, 131
Trd, 259100.350, 114
Trd, 259100.767, 137
Trd, 259100.967, 137
Trd, 259101.133, 137
Trd, 259101.233, 134
Trd, 259101.300, 132
Trd, 259101.900, 128
Trd, 259102.350, 125
Trd, 259102.850, 121
Trd, 259103.083, 120
Trd, 259103.167, 119
Trd, 259103.717, 138
Trd, 259104.083, 135
Trd, 259104.283, 139
Trd, 259104.617, 140
Trd, 259104.883, 139
Trd, 259105.117, 133
Trd, 259105.483, 127
Trd, 259105.550, 134
Trd, 259105.700, 116
Trd, 259106.233, 125
Trd, 259106.483, 135
Trd, 259106.583, 132
Trd, 259107.233, 140
Trd, 259107.500, 140
Trd, 259107.700, 140
Trd, 259107.817, 134
Trd, 259107.883, 133
Trd, 259107.983, 137
Trd, 259108.717, 132
Trd, 259109.100, 133
Trd, 259109.350, 122
Trd, 259109.950, 134
Trd, 259110.000, 127
Trd, 259110.550, 125
Trd, 259110.817, 133
Trd, 259111.067, 124
Trd, 259111.200, 122
Trd, 259111.550, 126
Trd, 259111.650, 119
Trd, 259111.850, 119
Trd, 259112.000, 124
Trd, 259112.233, 139
Trd, 259112.467, 125
Trd, 259112.900, 133
Trd, 259112.983, 125
Trd, 259113.083, 124
Trd, 259113.167, 112
Trd, 259114.083, 130
Trd, 259114.217, 129
Trd, 259114.383, 130
Trd, 259114.817, 132
Trd, 259114.833, 129
Trd, 259115.033, 132
Trd, 259115.133, 118
Trd, 259115.850, 140
Trd, 259115.967, 137
Trd, 259116.017, 134
Trd, 259116.117, 120
Trd, 259116.500, 132
Trd, 259116.867, 140
Trd, 259117.167, 130
Trd, 259117.233, 119
Trd, 259117.483, 132
Trd, 259117.583, 133
Trd, 259117.750, 114
Trd, 259117.833, 130
Trd, 259117.883, 105
Trd, 259117.917, 105
Trd, 259118.517, 127
Trd, 259118.767, 122
Trd, 259118.900, 117
Trd, 259119.400, 115
Trd, 259119.517, 125
Trd, 259120.883, 136
Trd, 259121.017, 135
Trd, 259121.233, 123
Trd, 259121.367, 137
Trd, 259121.400, 136
Trd, 259121.900, 121
Trd, 259121.983, 117
Trd, 259122.417, 122
Trd, 259123.017, 131
Trd, 259123.117, 136
Trd, 259123.217, 130
Trd, 259123.233, 128
Trd, 259123.400, 128
Trd, 259123.800, 115
Trd, 259123.883, 112
Trd, 259123.983, 117
Trd, 259124.667, 138
Trd, 259125.267, 131
Trd, 259125.317, 138
Trd, 259125.683, 133
Trd, 259125.800, 136
Trd, 259125.817, 127
Trd, 259125.900, 126
Trd, 259126.767, 135
Trd, 259127.067, 134
Trd, 259127.083, 123
Trd, 259127.100, 110
Trd, 259127.200, 112
Trd, 259127.783, 139
Trd, 259128.200, 138
Trd, 259128.483, 140
Trd, 259128.817, 128
Trd, 259129.067, 132
Trd, 259129.833, 140
Trd, 259130.183, 140
Trd, 259130.317, 140
Trd, 259130.533, 139
Trd, 259130.950, 130
Trd, 259131.350, 123
Trd, 259131.583, 116
Trd, 259131.883, 109
Trd, 259132.633, 122
Trd, 259133.050, 127
Trd, 259133.650, 117
Trd, 259133.833, 133
Trd, 259133.933, 116
Trd, 259134.500, 140
Trd, 259134.533, 139
Trd, 259134.750, 106
Trd, 259135.150, 136
Trd, 259135.333, 118
Trd, 259135.667, 105
Trd, 259135.750, 105
Trd, 259136.650, 140
Trd, 259136.733, 139
Trd, 259136.767, 137
Trd, 259136.950, 136
Trd, 259137.183, 132
Trd, 259137.533, 132
Trd, 259137.717, 138
Trd, 259137.900, 140
Trd, 259138.467, 138
Trd, 259139.033, 128
Trd, 259139.200, 126
Trd, 259139.600, 125
Trd, 259139.650, 118
Trd, 259139.800, 102
Trd, 259139.983, 101
Trd, 259140.417, 97
Trd, 259140.533, 97
Trd, 259140.550, 99
Trd, 259140.817, 97
Trd, 259141.100, 104
Trd, 259141.183, 110
Trd, 259141.200, 97
Trd, 259141.350, 127
Trd, 259141.683, 104
Trd, 259141.717, 82
Trd, 259141.767, 110
Trd, 259142.117, 111
Trd, 259142.233, 94
Trd, 259142.650, 99
Trd, 259143.500, 116
Trd, 259144.250, 117
Trd, 259144.483, 129
Trd, 259144.633, 138
Trd, 259145.217, 129
Trd, 259145.300, 128
Trd, 259145.417, 116
Trd, 259145.467, 114
Trd, 259145.567, 137
Trd, 259145.817, 138
Trd, 259146.133, 127
Trd, 259146.450, 140
Trd, 259147.250, 140
Trd, 259147.983, 135
Trd, 259148.050, 126
Trd, 259148.250, 130
Trd, 259148.567, 139
Trd, 259148.883, 125
Trd, 259148.967, 124
Trd, 259149.050, 124
Trd, 259149.233, 134
Trd, 259149.533, 138
Trd, 259149.967, 138
Trd, 259150.233, 139
Trd, 259150.850, 140
Trd, 259150.967, 137
Trd, 259151.067, 134
Trd, 259151.083, 134
Trd, 259151.417, 138
Trd, 259151.583, 126
Trd, 259151.800, 125
Trd, 259152.683, 140
Trd, 259152.950, 134
Trd, 259153.017, 132
Trd, 259153.083, 117
Trd, 259153.650, 137
Trd, 259153.667, 134
Trd, 259153.833, 133
Trd, 259153.967, 131
Trd, 259154.233, 130
Trd, 259154.317, 138
Trd, 259154.750, 138
Trd, 259154.800, 129
Trd, 259155.100, 137
Trd, 259155.350, 133
Trd, 259156.000, 139
Trd, 259156.650, 130
Trd, 259156.700, 129
Trd, 259156.767, 128
Trd, 259157.133, 124
Trd, 259157.267, 132
Trd, 259157.383, 117
Trd, 259157.550, 93
Trd, 259157.733, 137
Trd, 259157.750, 112
Trd, 259159.117, 139
Trd, 259159.233, 137
Trd, 259159.333, 134
Trd, 259161.017, 137
Trd, 259161.083, 134
Trd, 259161.400, 128
Trd, 259161.550, 126
Trd, 259161.850, 140
Trd, 259161.950, 140
Trd, 259162.283, 139
Trd, 259162.583, 132
Trd, 259163.150, 140
Trd, 259163.617, 140
Trd, 259163.750, 139
Trd, 259164.517, 126
Trd, 259164.717, 128
Trd, 259164.767, 125
Trd, 259164.867, 121
Trd, 259165.183, 133
Trd, 259165.917, 133
Trd, 259166.283, 131
Trd, 259166.317, 126
Trd, 259166.817, 130
Trd, 259166.967, 131
Trd, 259167.117, 131
Trd, 259167.467, 134
Trd, 259167.500, 130
Trd, 259167.650, 126
Trd, 259168.000, 122
Trd, 259168.100, 131
Trd, 259168.433, 132
Trd, 259168.550, 139
Trd, 259169.300, 133
Trd, 259169.317, 132
Trd, 259169.417, 122
Trd, 259169.883, 125
Trd, 259170.717, 136
Trd, 259171.400, 120
Trd, 259171.533, 114
Trd, 259171.867, 124
Trd, 259171.933, 113
Trd, 259172.033, 126
Trd, 259172.083, 111
Trd, 259172.150, 127
Trd, 259172.683, 136
Trd, 259172.700, 134
Trd, 259173.683, 137
Trd, 259174.017, 121
Trd, 259174.683, 137
Trd, 259174.733, 135
Trd, 259175.000, 137
Trd, 259175.217, 135
Trd, 259175.250, 136
Trd, 259175.350, 131
Trd, 259175.967, 120
Trd, 259176.000, 133
Trd, 259176.233, 139
Trd, 259177.133, 136
Trd, 259177.300, 133
Trd, 259177.517, 132
Trd, 259177.650, 127
Trd, 259178.067, 134
Trd, 259178.167, 129
Trd, 259178.300, 127
Trd, 259178.600, 123
Trd, 259179.100, 127
Trd, 259179.117, 98
Trd, 259179.150, 89
Trd, 259179.550, 132
Trd, 259179.850, 113
Trd, 259179.917, 139
Trd, 259180.067, 130
Trd, 259180.833, 136
Trd, 259180.933, 135
Trd, 259181.817, 137
Trd, 259181.850, 136
Trd, 259182.350, 136
Trd, 259182.400, 136
Trd, 259182.783, 137
Trd, 259182.817, 129
Trd, 259183.350, 139
Trd, 259183.517, 138
Trd, 259184.317, 123
Trd, 259185.000, 140
Trd, 259185.150, 139
Trd, 259185.850, 140
Trd, 259185.883, 130
Trd, 259186.133, 130
Trd, 259186.433, 127
Trd, 259186.933, 134
Trd, 259187.000, 136
Trd, 259187.100, 135
Trd, 259187.283, 136
Trd, 259187.817, 140
Trd, 259187.933, 134
Trd, 259188.233, 128
Trd, 259188.483, 127
Trd, 259188.717, 125
Trd, 259188.917, 135
Trd, 259189.133, 128
Trd, 259189.200, 136
Trd, 259189.350, 127
Trd, 259189.617, 130
Trd, 259189.850, 120
Trd, 259189.983, 111
Trd, 259190.033, 137
Trd, 259190.533, 127
Trd, 259190.700, 98
Trd, 259190.933, 121
Trd, 259192.033, 96
Trd, 259192.067, 87
Trd, 259192.550, 130
Trd, 259192.633, 132
Trd, 259193.217, 126
Trd, 259193.267, 122
Trd, 259193.467, 127
Trd, 259193.617, 121
Trd, 259194.117, 135
Trd, 259194.283, 128
Trd, 259195.317, 131
Trd, 259195.583, 120
Trd, 259196.083, 121
Trd, 259196.233, 108
Trd, 259196.483, 112
Trd, 259196.550, 104
Trd, 259196.700, 133
Trd, 259197.150, 136
Trd, 259197.233, 137
Trd, 259198.350, 133
Trd, 259198.383, 130
Trd, 259198.433, 130
Trd, 259198.733, 134
Trd, 259198.950, 137
Trd, 259199.517, 120
Trd, 259199.650, 112
