Trd, 258580.067, 119
Trd, 258580.217, 113
Trd, 258580.317, 109
Trd, 258581.133, 127
Trd, 258581.550, 120
Trd, 258582.600, 130
Trd, 258582.767, 133
Trd, 258583.000, 132
Trd, 258583.367, 133
Trd, 258583.400, 132
Trd, 258583.467, 124
Trd, 258583.750, 121
Trd, 258584.267, 126
Trd, 258584.483, 117
Trd, 258584.617, 115
Trd, 258584.817, 129
Trd, 258584.967, 131
Trd, 258585.083, 115
Trd, 258585.150, 117
Trd, 258585.333, 123
Trd, 258585.517, 122
Trd, 258585.567, 116
Trd, 258585.583, 132
Trd, 258585.600, 107
Trd, 258586.017, 101
Trd, 258586.050, 100
Trd, 258586.117, 94
Trd, 258586.433, 105
Trd, 258586.500, 109
Trd, 258586.883, 110
Trd, 258587.083, 130
Trd, 258587.617, 114
Trd, 258588.017, 116
Trd, 258588.117, 114
Trd, 258588.667, 123
Trd, 258589.017, 127
Trd, 258589.067, 110
Trd, 258589.500, 111
Trd, 258589.583, 111
Trd, 258589.683, 109
Trd, 258589.867, 94
Trd, 258590.400, 107
Trd, 258590.467, 100
Trd, 258590.617, 93
Trd, 258590.867, 122
Trd, 258590.883, 81
Trd, 258590.933, 80
Trd, 258591.450, 113
Trd, 258591.983, 137
Trd, 258592.083, 133
Trd, 258592.100, 132
Trd, 258592.417, 126
Trd, 258592.933, 132
Trd, 258592.967, 128
Trd, 258593.233, 125
Trd, 258593.283, 124
Trd, 258593.317, 124
Trd, 258593.533, 120
Trd, 258593.583, 109
Trd, 258594.033, 136
Trd, 258594.167, 128
Trd, 258594.417, 127
Trd, 258594.733, 123
Trd, 258595.383, 140
Trd, 258595.617, 132
Trd, 258595.933, 128
Trd, 258596.517, 133
Trd, 258596.667, 128
Trd, 258597.233, 133
Trd, 258597.283, 127
Trd, 258597.517, 122
Trd, 258597.783, 121
Trd, 258597.800, 132
Trd, 258597.867, 116
Trd, 258598.483, 126
Trd, 258598.667, 115
Trd, 258599.133, 125
Trd, 258599.517, 135
Trd, 258599.667, 124
Trd, 258599.767, 118
Trd, 258599.833, 108
Trd, 258600.167, 106
Trd, 258600.533, 105
Trd, 258600.567, 101
Trd, 258600.783, 108
Trd, 258600.817, 109
Trd, 258601.350, 129
Trd, 258601.950, 136
Trd, 258602.117, 135
Trd, 258602.283, 135
Trd, 258602.300, 129
Trd, 258602.467, 128
Trd, 258602.817, 133
Trd, 258602.883, 123
Trd, 258603.000, 134
Trd, 258603.350, 137
Trd, 258603.367, 115
Trd, 258603.400, 102
Trd, 258603.683, 104
Trd, 258603.983, 116
Trd, 258604.033, 95
Trd, 258604.233, 118
Trd, 258604.283, 87
Trd, 258604.467, 121
Trd, 258604.617, 121
Trd, 258605.200, 87
Trd, 258605.650, 84
Trd, 258605.683, 132
Trd, 258605.733, 124
Trd, 258606.017, 136
Trd, 258606.633, 135
Trd, 258607.417, 132
Trd, 258607.700, 132
Trd, 258607.833, 130
Trd, 258607.867, 124
Trd, 258607.950, 135
Trd, 258607.983, 121
Trd, 258608.033, 115
Trd, 258608.483, 116
Trd, 258608.833, 124
Trd, 258609.017, 118
Trd, 258609.133, 134
Trd, 258609.983, 124
Trd, 258610.033, 115
Trd, 258610.367, 132
Trd, 258610.850, 129
Trd, 258610.917, 128
Trd, 258610.967, 117
Trd, 258611.167, 124
Trd, 258611.217, 122
Trd, 258611.417, 114
Trd, 258611.700, 114
Trd, 258612.100, 110
Trd, 258612.367, 106
Trd, 258612.417, 126
Trd, 258613.633, 110
Trd, 258613.700, 118
Trd, 258613.883, 106
Trd, 258614.100, 117
Trd, 258614.217, 117
Trd, 258614.250, 123
Trd, 258614.317, 135
Trd, 258614.517, 112
Trd, 258614.733, 127
Trd, 258615.117, 111
Trd, 258615.267, 104
Trd, 258615.800, 123
Trd, 258615.867, 123
Trd, 258616.017, 108
Trd, 258616.217, 97
Trd, 258616.383, 97
Trd, 258616.433, 132
Trd, 258616.800, 138
Trd, 258616.967, 137
Trd, 258617.450, 114
Trd, 258617.750, 126
Trd, 258617.817, 127
Trd, 258618.167, 127
Trd, 258618.400, 137
Trd, 258618.450, 132
Trd, 258618.500, 131
Trd, 258618.567, 120
Trd, 258618.583, 119
Trd, 258619.283, 122
Trd, 258619.417, 121
Trd, 258619.817, 130
Trd, 258620.000, 122
Trd, 258620.300, 139
Trd, 258620.417, 122
Trd, 258620.833, 127
Trd, 258621.400, 137
Trd, 258621.617, 130
Trd, 258621.717, 118
Trd, 258621.867, 135
Trd, 258622.117, 126
Trd, 258622.433, 120
Trd, 258623.083, 127
Trd, 258623.250, 128
Trd, 258623.317, 124
Trd, 258623.400, 130
Trd, 258623.750, 132
Trd, 258623.783, 130
Trd, 258623.950, 128
Trd, 258623.983, 123
Trd, 258624.100, 118
Trd, 258624.200, 113
Trd, 258624.467, 113
Trd, 258624.500, 111
Trd, 258624.567, 101
Trd, 258624.600, 129
Trd, 258624.733, 130
Trd, 258624.817, 133
Trd, 258624.950, 100
Trd, 258625.417, 93
Trd, 258625.600, 92
Trd, 258626.233, 134
Trd, 258626.300, 134
Trd, 258626.650, 103
Trd, 258626.950, 120
Trd, 258627.533, 139
Trd, 258627.667, 127
Trd, 258627.717, 122
Trd, 258627.733, 110
Trd, 258628.133, 123
Trd, 258628.433, 107
Trd, 258628.717, 85
Trd, 258629.067, 82
Trd, 258629.633, 134
Trd, 258629.683, 131
Trd, 258629.817, 127
Trd, 258629.850, 124
Trd, 258629.900, 111
Trd, 258630.667, 139
Trd, 258630.717, 135
Trd, 258630.883, 137
Trd, 258630.917, 116
Trd, 258631.050, 86
Trd, 258631.283, 84
Trd, 258631.950, 90
Trd, 258632.150, 98
Trd, 258632.717, 130
Trd, 258632.983, 130
Trd, 258633.450, 129
Trd, 258633.467, 127
Trd, 258633.583, 122
Trd, 258633.617, 132
Trd, 258633.633, 118
Trd, 258633.667, 105
Trd, 258633.800, 111
Trd, 258633.867, 104
Trd, 258634.033, 136
Trd, 258635.100, 140
Trd, 258635.150, 139
Trd, 258635.233, 122
Trd, 258635.283, 113
Trd, 258635.367, 110
Trd, 258635.483, 122
Trd, 258635.600, 105
Trd, 258636.367, 113
Trd, 258636.450, 98
Trd, 258636.700, 107
Trd, 258636.750, 114
Trd, 258637.100, 115
Trd, 258637.167, 118
Trd, 258637.633, 110
Trd, 258637.950, 134
Trd, 258638.317, 131
Trd, 258638.550, 128
Trd, 258638.567, 128
Trd, 258638.583, 128
Trd, 258639.033, 113
Trd, 258639.133, 112
Trd, 258639.283, 104
Trd, 258639.483, 110
Trd, 258639.800, 135
Trd, 258639.850, 85
Trd, 258640.100, 81
Trd, 258640.500, 78
Trd, 258640.683, 91
Trd, 258641.367, 132
Trd, 258641.383, 131
Trd, 258641.450, 129
Trd, 258641.483, 125
Trd, 258641.667, 130
Trd, 258641.767, 121
Trd, 258641.900, 131
Trd, 258641.950, 132
Trd, 258642.067, 120
Trd, 258642.700, 111
Trd, 258642.767, 107
Trd, 258643.133, 101
Trd, 258643.167, 95
Trd, 258643.433, 119
Trd, 258644.017, 95
Trd, 258644.300, 114
Trd, 258644.717, 133
Trd, 258644.933, 132
Trd, 258644.967, 113
Trd, 258645.067, 105
Trd, 258645.233, 98
Trd, 258645.450, 117
Trd, 258645.550, 87
Trd, 258646.267, 92
Trd, 258646.417, 107
Trd, 258646.550, 108
Trd, 258646.600, 92
Trd, 258646.700, 102
Trd, 258646.750, 102
Trd, 258646.917, 110
Trd, 258647.183, 114
Trd, 258647.283, 103
Trd, 258647.867, 103
Trd, 258647.933, 102
Trd, 258648.000, 118
Trd, 258648.200, 101
Trd, 258648.367, 124
Trd, 258648.383, 96
Trd, 258648.433, 132
Trd, 258648.717, 94
Trd, 258648.733, 92
Trd, 258649.067, 115
Trd, 258649.117, 136
Trd, 258649.250, 137
Trd, 258649.450, 101
Trd, 258649.500, 87
Trd, 258649.533, 90
Trd, 258650.350, 139
Trd, 258650.683, 126
Trd, 258650.917, 125
Trd, 258651.117, 123
Trd, 258651.883, 126
Trd, 258652.117, 119
Trd, 258652.550, 120
Trd, 258652.600, 120
Trd, 258652.983, 113
Trd, 258653.083, 128
Trd, 258653.150, 116
Trd, 258653.333, 129
Trd, 258653.383, 140
Trd, 258653.467, 116
Trd, 258653.817, 106
Trd, 258653.867, 104
Trd, 258654.100, 102
Trd, 258654.600, 102
Trd, 258655.100, 135
Trd, 258655.550, 137
Trd, 258655.567, 130
Trd, 258656.350, 136
Trd, 258656.867, 110
Trd, 258656.967, 111
Trd, 258657.150, 109
Trd, 258657.433, 110
Trd, 258657.467, 123
Trd, 258657.617, 124
Trd, 258657.767, 117
Trd, 258657.867, 131
Trd, 258658.017, 109
Trd, 258658.367, 113
Trd, 258658.550, 112
Trd, 258658.850, 132
Trd, 258659.033, 124
Trd, 258659.050, 116
Trd, 258659.100, 111
Trd, 258659.233, 111
Trd, 258659.767, 126
Trd, 258660.300, 94
Trd, 258660.317, 121
Trd, 258660.750, 132
Trd, 258661.250, 136
Trd, 258661.867, 137
Trd, 258662.117, 138
Trd, 258662.283, 138
Trd, 258662.617, 132
Trd, 258662.767, 131
Trd, 258663.367, 131
Trd, 258663.533, 130
Trd, 258663.567, 127
Trd, 258663.867, 129
Trd, 258663.883, 124
Trd, 258664.383, 125
Trd, 258664.433, 124
Trd, 258664.467, 129
Trd, 258664.583, 120
Trd, 258665.150, 111
Trd, 258666.000, 123
Trd, 258666.233, 131
Trd, 258666.350, 131
Trd, 258666.717, 115
Trd, 258666.800, 123
Trd, 258666.867, 114
Trd, 258666.967, 114
Trd, 258667.117, 122
Trd, 258667.500, 113
Trd, 258667.633, 131
Trd, 258667.900, 123
Trd, 258668.083, 113
Trd, 258668.133, 112
Trd, 258668.167, 111
Trd, 258668.850, 139
Trd, 258669.183, 137
Trd, 258670.350, 125
Trd, 258670.617, 124
Trd, 258670.800, 135
Trd, 258670.983, 124
Trd, 258671.367, 118
Trd, 258671.650, 114
Trd, 258671.700, 113
Trd, 258671.833, 138
Trd, 258672.017, 135
Trd, 258672.100, 139
Trd, 258672.400, 134
Trd, 258672.483, 122
Trd, 258672.500, 118
Trd, 258672.700, 132
Trd, 258672.783, 134
Trd, 258672.850, 107
Trd, 258672.983, 106
Trd, 258673.117, 105
Trd, 258673.233, 132
Trd, 258673.567, 131
Trd, 258674.683, 134
Trd, 258674.700, 133
Trd, 258674.933, 138
Trd, 258675.033, 122
Trd, 258675.150, 121
Trd, 258676.017, 135
Trd, 258676.217, 132
Trd, 258676.333, 132
Trd, 258676.700, 131
Trd, 258676.750, 131
Trd, 258677.050, 128
Trd, 258677.133, 128
Trd, 258677.200, 123
Trd, 258677.283, 117
Trd, 258677.433, 123
Trd, 258677.817, 122
Trd, 258678.200, 116
Trd, 258678.350, 112
Trd, 258678.967, 116
Trd, 258679.333, 115
Trd, 258679.467, 108
Trd, 258679.533, 123
Trd, 258679.750, 124
Trd, 258679.783, 111
Trd, 258679.800, 126
Trd, 258679.817, 108
Trd, 258680.150, 140
Trd, 258680.167, 102
Trd, 258680.400, 92
Trd, 258680.517, 97
Trd, 258681.000, 116
Trd, 258681.250, 92
Trd, 258681.950, 94
Trd, 258681.967, 116
Trd, 258682.017, 117
Trd, 258682.117, 130
Trd, 258683.017, 108
Trd, 258683.400, 124
Trd, 258683.583, 126
Trd, 258683.600, 111
Trd, 258684.217, 122
Trd, 258685.083, 140
Trd, 258685.117, 139
Trd, 258685.367, 138
Trd, 258685.500, 135
Trd, 258685.817, 134
Trd, 258686.017, 125
Trd, 258686.350, 125
Trd, 258686.383, 124
Trd, 258686.400, 128
Trd, 258686.600, 124
Trd, 258687.067, 119
Trd, 258687.333, 118
Trd, 258687.950, 140
Trd, 258688.083, 139
Trd, 258688.483, 140
Trd, 258688.667, 140
Trd, 258688.750, 139
Trd, 258688.783, 138
Trd, 258688.917, 123
Trd, 258689.350, 132
Trd, 258689.817, 124
Trd, 258690.283, 124
Trd, 258690.400, 124
Trd, 258690.567, 119
Trd, 258690.800, 128
Trd, 258690.900, 118
Trd, 258690.983, 139
Trd, 258691.067, 117
Trd, 258691.117, 112
Trd, 258691.617, 111
Trd, 258692.083, 110
Trd, 258692.150, 107
Trd, 258692.783, 114
Trd, 258693.000, 125
Trd, 258693.217, 122
Trd, 258693.567, 123
Trd, 258693.767, 129
Trd, 258693.833, 133
Trd, 258693.917, 129
Trd, 258693.983, 118
Trd, 258694.200, 110
Trd, 258694.350, 110
Trd, 258695.033, 122
Trd, 258695.233, 114
Trd, 258695.867, 114
Trd, 258695.967, 109
Trd, 258696.067, 121
Trd, 258696.700, 120
Trd, 258696.750, 114
Trd, 258696.833, 124
Trd, 258697.150, 131
Trd, 258697.250, 139
Trd, 258697.500, 138
Trd, 258697.883, 124
Trd, 258698.000, 122
Trd, 258698.900, 121
Trd, 258699.550, 115
Trd, 258699.583, 115
Trd, 258699.683, 113
Trd, 258699.883, 125
Trd, 258699.900, 128
Trd, 258699.983, 121
Trd, 258700.383, 124
Trd, 258700.667, 115
Trd, 258700.750, 106
Trd, 258700.917, 139
Trd, 258701.067, 132
Trd, 258701.250, 128
Trd, 258701.400, 119
Trd, 258701.600, 114
Trd, 258701.983, 112
Trd, 258702.150, 130
Trd, 258702.350, 129
Trd, 258702.483, 113
Trd, 258702.833, 123
Trd, 258702.967, 112
Trd, 258703.050, 110
Trd, 258703.150, 104
Trd, 258703.183, 103
Trd, 258703.250, 131
Trd, 258703.417, 102
Trd, 258703.750, 127
Trd, 258704.033, 126
Trd, 258704.200, 116
Trd, 258704.333, 115
Trd, 258704.733, 110
Trd, 258704.883, 109
Trd, 258706.200, 139
Trd, 258706.417, 132
Trd, 258706.517, 126
Trd, 258707.117, 137
Trd, 258707.383, 136
Trd, 258707.467, 136
Trd, 258707.667, 131
Trd, 258707.850, 130
Trd, 258708.733, 140
Trd, 258708.783, 133
Trd, 258709.067, 138
Trd, 258709.117, 129
Trd, 258709.567, 135
Trd, 258709.617, 135
Trd, 258709.650, 134
Trd, 258709.883, 130
Trd, 258709.950, 136
Trd, 258710.100, 129
Trd, 258710.333, 134
Trd, 258710.367, 127
Trd, 258710.433, 114
Trd, 258710.550, 114
Trd, 258710.617, 113
Trd, 258710.700, 134
Trd, 258710.750, 105
Trd, 258711.133, 82
Trd, 258711.983, 83
Trd, 258712.050, 89
Trd, 258712.250, 128
Trd, 258712.267, 122
Trd, 258712.867, 125
Trd, 258713.017, 124
Trd, 258713.033, 123
Trd, 258713.150, 127
Trd, 258713.333, 122
Trd, 258713.417, 118
Trd, 258713.650, 117
Trd, 258713.950, 117
Trd, 258714.067, 123
Trd, 258714.783, 129
Trd, 258714.917, 121
Trd, 258714.983, 130
Trd, 258715.117, 121
Trd, 258715.933, 123
Trd, 258716.300, 126
Trd, 258716.317, 124
Trd, 258716.950, 124
Trd, 258716.967, 123
Trd, 258717.000, 118
Trd, 258717.233, 129
Trd, 258717.550, 134
Trd, 258717.583, 136
Trd, 258718.683, 131
Trd, 258718.717, 130
Trd, 258718.750, 124
Trd, 258718.900, 117
Trd, 258719.233, 113
Trd, 258719.633, 111
Trd, 258719.867, 120
Trd, 258720.233, 108
Trd, 258720.417, 108
Trd, 258720.600, 119
Trd, 258720.700, 117
Trd, 258720.750, 112
Trd, 258721.050, 118
Trd, 258721.100, 111
Trd, 258721.217, 122
Trd, 258721.517, 127
Trd, 258721.717, 132
Trd, 258722.000, 121
Trd, 258722.117, 135
Trd, 258722.283, 140
Trd, 258722.450, 122
Trd, 258722.783, 134
Trd, 258723.400, 136
Trd, 258723.667, 136
Trd, 258724.167, 135
Trd, 258724.250, 136
Trd, 258724.467, 135
Trd, 258724.567, 138
Trd, 258724.850, 134
Trd, 258725.217, 133
Trd, 258725.317, 133
Trd, 258726.350, 136
Trd, 258726.400, 126
Trd, 258726.500, 123
Trd, 258726.767, 139
Trd, 258726.867, 118
Trd, 258727.233, 114
Trd, 258727.733, 111
Trd, 258727.983, 99
Trd, 258728.167, 123
Trd, 258728.250, 140
Trd, 258728.583, 124
Trd, 258728.617, 101
Trd, 258728.750, 124
Trd, 258728.800, 122
Trd, 258729.050, 137
Trd, 258729.150, 91
Trd, 258729.283, 91
Trd, 258729.350, 118
Trd, 258729.367, 124
Trd, 258729.800, 135
Trd, 258730.400, 126
Trd, 258730.500, 97
Trd, 258730.733, 136
Trd, 258731.183, 138
Trd, 258731.383, 138
Trd, 258731.467, 136
Trd, 258731.767, 135
Trd, 258731.883, 131
Trd, 258732.200, 130
Trd, 258732.267, 128
Trd, 258732.500, 115
Trd, 258732.900, 133
Trd, 258733.200, 128
Trd, 258733.617, 126
Trd, 258733.733, 113
Trd, 258734.183, 127
Trd, 258734.317, 124
Trd, 258735.117, 122
Trd, 258735.150, 123
Trd, 258735.183, 122
Trd, 258735.617, 117
Trd, 258736.067, 113
Trd, 258736.250, 121
Trd, 258736.300, 121
Trd, 258736.400, 123
Trd, 258736.667, 123
Trd, 258736.733, 122
Trd, 258736.917, 112
Trd, 258737.083, 111
Trd, 258737.117, 107
Trd, 258737.133, 125
Trd, 258737.350, 125
Trd, 258737.367, 105
Trd, 258737.383, 100
Trd, 258737.883, 123
Trd, 258738.067, 139
Trd, 258738.217, 100
Trd, 258738.283, 95
Trd, 258738.517, 82
Trd, 258738.550, 81
Trd, 258738.717, 111
Trd, 258738.983, 113
Trd, 258739.167, 126
Trd, 258739.533, 113
Trd, 258739.783, 103
Trd, 258740.283, 135
Trd, 258741.050, 140
Trd, 258741.367, 140
Trd, 258741.400, 137
Trd, 258741.533, 132
Trd, 258741.650, 127
Trd, 258741.850, 103
Trd, 258742.017, 102
Trd, 258742.167, 126
Trd, 258742.300, 92
Trd, 258742.483, 137
Trd, 258742.550, 116
Trd, 258742.883, 114
Trd, 258743.100, 110
Trd, 258743.250, 111
Trd, 258743.400, 91
Trd, 258743.667, 110
Trd, 258744.233, 104
Trd, 258744.467, 103
Trd, 258744.917, 103
Trd, 258744.967, 101
Trd, 258745.133, 92
Trd, 258745.333, 92
Trd, 258745.500, 90
Trd, 258745.617, 133
Trd, 258745.683, 105
Trd, 258745.733, 89
Trd, 258745.850, 86
Trd, 258746.033, 104
Trd, 258746.667, 129
Trd, 258746.800, 128
Trd, 258747.333, 117
Trd, 258747.700, 117
Trd, 258747.817, 110
Trd, 258748.500, 129
Trd, 258748.667, 111
Trd, 258748.933, 140
Trd, 258748.950, 140
Trd, 258749.350, 124
Trd, 258749.450, 125
Trd, 258749.567, 110
Trd, 258749.650, 122
Trd, 258749.767, 118
Trd, 258749.817, 105
Trd, 258750.617, 119
Trd, 258750.717, 104
Trd, 258751.400, 100
Trd, 258751.800, 100
Trd, 258751.867, 113
Trd, 258752.200, 99
Trd, 258752.283, 121
Trd, 258752.400, 123
Trd, 258752.583, 108
Trd, 258752.817, 124
Trd, 258753.150, 125
Trd, 258753.300, 120
Trd, 258753.533, 119
Trd, 258753.583, 119
Trd, 258753.617, 113
Trd, 258754.367, 100
Trd, 258754.517, 96
Trd, 258754.833, 132
Trd, 258755.000, 131
Trd, 258755.050, 127
Trd, 258755.317, 112
Trd, 258755.517, 108
Trd, 258755.767, 111
Trd, 258756.033, 102
Trd, 258756.467, 117
Trd, 258756.650, 102
Trd, 258756.817, 118
Trd, 258757.483, 122
Trd, 258757.533, 129
Trd, 258757.750, 131
Trd, 258757.867, 112
Trd, 258758.050, 129
Trd, 258758.300, 140
Trd, 258758.600, 140
Trd, 258758.933, 132
Trd, 258759.150, 127
Trd, 258759.417, 124
Trd, 258759.983, 124
Trd, 258760.067, 114
Trd, 258760.167, 114
Trd, 258760.233, 112
Trd, 258760.283, 109
Trd, 258760.400, 109
Trd, 258760.750, 97
Trd, 258760.950, 128
Trd, 258761.083, 95
Trd, 258761.667, 89
Trd, 258761.750, 106
Trd, 258761.867, 91
Trd, 258762.183, 104
Trd, 258762.450, 106
Trd, 258762.683, 121
Trd, 258762.950, 132
Trd, 258763.250, 122
Trd, 258763.633, 132
Trd, 258763.883, 125
Trd, 258763.933, 101
Trd, 258763.967, 100
Trd, 258764.167, 95
Trd, 258764.283, 108
Trd, 258764.367, 113
Trd, 258764.600, 101
Trd, 258764.617, 118
Trd, 258764.750, 133
Trd, 258765.400, 129
Trd, 258765.417, 100
Trd, 258765.883, 120
Trd, 258766.500, 115
Trd, 258766.767, 113
Trd, 258766.917, 112
Trd, 258767.317, 126
Trd, 258767.550, 120
Trd, 258767.583, 120
Trd, 258768.050, 115
Trd, 258768.450, 114
Trd, 258768.483, 135
Trd, 258768.817, 136
Trd, 258769.083, 136
Trd, 258769.417, 139
Trd, 258769.617, 137
Trd, 258770.100, 135
Trd, 258770.200, 134
Trd, 258770.750, 137
Trd, 258770.967, 136
Trd, 258770.983, 136
Trd, 258771.167, 128
Trd, 258771.617, 122
Trd, 258771.667, 117
Trd, 258771.750, 116
Trd, 258772.183, 132
Trd, 258772.267, 120
Trd, 258772.617, 120
Trd, 258772.983, 125
Trd, 258773.250, 118
Trd, 258773.417, 108
Trd, 258773.500, 109
Trd, 258773.817, 117
Trd, 258774.417, 126
Trd, 258774.483, 131
Trd, 258774.817, 126
Trd, 258774.900, 125
Trd, 258775.233, 122
Trd, 258775.250, 133
Trd, 258775.717, 127
Trd, 258776.167, 122
Trd, 258776.250, 122
Trd, 258776.583, 138
Trd, 258777.067, 118
Trd, 258777.517, 121
Trd, 258777.833, 125
Trd, 258777.850, 124
Trd, 258777.900, 120
Trd, 258778.083, 128
Trd, 258778.200, 127
Trd, 258778.417, 114
Trd, 258778.567, 98
Trd, 258778.700, 139
Trd, 258778.917, 132
Trd, 258779.767, 140
Trd, 258779.833, 140
Trd, 258779.950, 140
Trd, 258780.033, 138
Trd, 258780.067, 124
Trd, 258780.433, 124
Trd, 258780.767, 123
Trd, 258780.967, 135
Trd, 258781.300, 140
Trd, 258781.367, 131
Trd, 258781.550, 117
Trd, 258781.700, 114
Trd, 258781.817, 106
Trd, 258782.617, 133
Trd, 258782.683, 133
Trd, 258782.950, 130
Trd, 258783.150, 130
Trd, 258783.500, 116
Trd, 258783.917, 109
Trd, 258784.017, 109
Trd, 258784.067, 108
Trd, 258784.233, 126
Trd, 258784.283, 128
Trd, 258784.533, 129
Trd, 258785.017, 128
Trd, 258786.000, 109
Trd, 258786.183, 109
Trd, 258786.250, 111
Trd, 258786.400, 123
Trd, 258786.450, 106
Trd, 258786.550, 104
Trd, 258786.983, 127
Trd, 258787.017, 118
Trd, 258787.583, 115
Trd, 258787.783, 137
Trd, 258788.400, 135
Trd, 258788.567, 134
Trd, 258788.767, 131
Trd, 258788.933, 138
Trd, 258789.000, 138
Trd, 258789.067, 137
Trd, 258789.317, 126
Trd, 258789.583, 123
Trd, 258789.783, 123
Trd, 258790.383, 120
Trd, 258790.650, 117
Trd, 258790.717, 112
Trd, 258790.750, 111
Trd, 258790.883, 104
Trd, 258790.933, 131
Trd, 258791.167, 135
Trd, 258791.317, 104
Trd, 258791.750, 120
Trd, 258791.850, 105
Trd, 258791.983, 123
Trd, 258792.033, 126
Trd, 258792.350, 127
Trd, 258792.550, 126
Trd, 258792.567, 101
Trd, 258792.700, 100
Trd, 258792.783, 95
Trd, 258793.533, 133
Trd, 258793.817, 133
Trd, 258793.833, 132
Trd, 258793.900, 117
Trd, 258793.917, 90
Trd, 258794.233, 89
Trd, 258794.900, 122
Trd, 258795.017, 132
Trd, 258795.033, 116
Trd, 258795.050, 115
Trd, 258795.083, 108
Trd, 258795.233, 133
Trd, 258795.283, 99
Trd, 258795.867, 93
Trd, 258795.933, 91
Trd, 258796.350, 92
Trd, 258796.800, 127
Trd, 258797.050, 103
Trd, 258797.450, 137
Trd, 258797.817, 140
Trd, 258797.967, 140
Trd, 258798.417, 133
Trd, 258798.517, 131
Trd, 258798.817, 140
Trd, 258798.900, 140
Trd, 258799.050, 136
Trd, 258799.367, 138
Trd, 258799.533, 140
Trd, 258799.983, 139
Trd, 258800.133, 135
Trd, 258800.233, 123
Trd, 258800.283, 117
Trd, 258800.817, 125
Trd, 258800.950, 124
Trd, 258801.183, 122
Trd, 258801.467, 120
Trd, 258801.867, 117
Trd, 258802.183, 118
Trd, 258802.367, 118
Trd, 258802.650, 117
Trd, 258802.717, 117
Trd, 258802.867, 120
Trd, 258803.650, 119
Trd, 258803.700, 121
Trd, 258803.750, 118
Trd, 258803.867, 133
Trd, 258804.233, 127
Trd, 258804.733, 137
Trd, 258804.800, 130
Trd, 258804.933, 125
Trd, 258805.167, 124
Trd, 258805.517, 136
Trd, 258805.950, 122
Trd, 258806.067, 124
Trd, 258806.150, 121
Trd, 258806.383, 135
Trd, 258806.567, 140
Trd, 258806.600, 111
Trd, 258806.767, 109
Trd, 258807.700, 140
Trd, 258808.367, 140
Trd, 258808.583, 132
Trd, 258808.633, 131
Trd, 258808.933, 128
Trd, 258808.983, 127
Trd, 258809.200, 126
Trd, 258809.683, 135
Trd, 258809.967, 129
Trd, 258810.167, 129
Trd, 258810.400, 135
Trd, 258810.533, 127
Trd, 258810.633, 122
Trd, 258810.667, 100
Trd, 258810.833, 86
Trd, 258811.033, 104
Trd, 258811.217, 79
Trd, 258811.767, 128
Trd, 258812.283, 124
Trd, 258812.483, 126
Trd, 258812.533, 124
Trd, 258812.950, 118
Trd, 258813.217, 117
Trd, 258813.333, 123
Trd, 258813.383, 117
Trd, 258813.600, 137
Trd, 258813.717, 116
Trd, 258813.783, 137
Trd, 258813.967, 139
Trd, 258814.067, 104
Trd, 258815.067, 139
Trd, 258815.683, 137
Trd, 258816.150, 130
Trd, 258816.217, 122
Trd, 258816.600, 140
Trd, 258816.617, 129
Trd, 258816.950, 113
Trd, 258817.017, 108
Trd, 258817.050, 107
Trd, 258817.750, 139
Trd, 258817.783, 139
Trd, 258818.850, 137
Trd, 258818.900, 136
Trd, 258818.967, 135
Trd, 258818.983, 135
Trd, 258819.250, 132
Trd, 258819.333, 130
Trd, 258819.867, 123
Trd, 258820.050, 116
Trd, 258820.317, 115
Trd, 258820.367, 108
Trd, 258820.550, 129
Trd, 258820.667, 108
Trd, 258821.133, 135
Trd, 258821.800, 131
Trd, 258821.950, 131
Trd, 258822.117, 130
Trd, 258822.183, 124
Trd, 258822.567, 115
Trd, 258822.683, 114
Trd, 258823.000, 134
Trd, 258823.067, 115
Trd, 258823.100, 113
Trd, 258823.250, 127
Trd, 258823.283, 84
Trd, 258824.067, 132
Trd, 258824.083, 134
Trd, 258824.117, 113
Trd, 258824.617, 138
Trd, 258825.417, 137
Trd, 258825.550, 125
Trd, 258825.567, 124
Trd, 258825.700, 117
Trd, 258825.817, 116
Trd, 258826.000, 115
Trd, 258826.100, 133
Trd, 258826.467, 108
Trd, 258826.650, 122
Trd, 258826.800, 140
Trd, 258826.967, 137
Trd, 258827.700, 134
Trd, 258827.717, 134
Trd, 258828.000, 134
Trd, 258828.033, 133
Trd, 258828.600, 138
Trd, 258828.850, 132
Trd, 258828.950, 127
Trd, 258828.983, 119
Trd, 258829.533, 115
Trd, 258829.733, 110
Trd, 258829.833, 127
Trd, 258829.917, 107
Trd, 258829.950, 106
Trd, 258830.117, 100
Trd, 258830.150, 99
Trd, 258830.400, 108
Trd, 258830.633, 128
Trd, 258831.067, 129
Trd, 258831.217, 128
Trd, 258831.333, 140
Trd, 258831.450, 127
Trd, 258831.467, 123
Trd, 258831.667, 121
Trd, 258831.983, 120
Trd, 258832.050, 121
Trd, 258832.350, 121
Trd, 258832.483, 120
Trd, 258832.683, 113
Trd, 258833.367, 140
Trd, 258833.667, 140
Trd, 258834.317, 131
Trd, 258834.350, 130
Trd, 258834.617, 131
Trd, 258834.650, 129
Trd, 258835.217, 124
Trd, 258835.917, 139
Trd, 258836.183, 136
Trd, 258836.283, 135
Trd, 258836.750, 128
Trd, 258836.883, 140
Trd, 258837.083, 131
Trd, 258837.117, 126
Trd, 258837.383, 124
Trd, 258837.833, 129
Trd, 258837.967, 134
Trd, 258837.983, 124
Trd, 258838.067, 136
Trd, 258838.217, 122
Trd, 258838.583, 140
Trd, 258839.017, 123
Trd, 258839.150, 127
Trd, 258839.717, 122
Trd, 258840.017, 122
Trd, 258840.083, 121
Trd, 258840.317, 118
Trd, 258840.367, 117
Trd, 258840.750, 120
Trd, 258840.900, 117
Trd, 258840.967, 133
Trd, 258841.450, 134
Trd, 258842.017, 131
Trd, 258842.183, 136
Trd, 258842.217, 136
Trd, 258842.317, 130
Trd, 258842.383, 124
Trd, 258842.633, 123
Trd, 258843.083, 131
Trd, 258843.183, 126
Trd, 258843.400, 125
Trd, 258843.550, 131
Trd, 258843.750, 116
Trd, 258844.250, 129
Trd, 258844.300, 117
Trd, 258844.383, 132
Trd, 258844.400, 113
Trd, 258844.667, 110
Trd, 258844.717, 107
Trd, 258844.817, 122
Trd, 258845.000, 101
Trd, 258845.333, 124
Trd, 258845.850, 126
Trd, 258845.983, 140
Trd, 258846.100, 97
Trd, 258846.533, 96
Trd, 258846.583, 96
Trd, 258846.717, 92
Trd, 258846.833, 100
Trd, 258846.917, 101
Trd, 258846.967, 88
Trd, 258847.150, 76
Trd, 258847.717, 61
Trd, 258847.817, 64
Trd, 258847.950, 65
Trd, 258848.167, 103
Trd, 258848.367, 102
Trd, 258848.633, 113
Trd, 258849.167, 112
Trd, 258849.217, 115
Trd, 258849.367, 103
Trd, 258849.467, 103
Trd, 258849.800, 119
Trd, 258849.950, 117
Trd, 258850.183, 137
Trd, 258850.217, 116
Trd, 258850.500, 115
Trd, 258850.567, 114
Trd, 258850.817, 109
Trd, 258851.050, 134
Trd, 258851.417, 104
Trd, 258852.333, 134
Trd, 258852.367, 112
Trd, 258852.667, 104
Trd, 258853.117, 125
Trd, 258853.367, 120
Trd, 258853.533, 104
Trd, 258853.783, 100
Trd, 258854.100, 100
Trd, 258854.367, 101
Trd, 258854.450, 100
Trd, 258854.600, 134
Trd, 258854.633, 100
Trd, 258854.833, 99
Trd, 258855.033, 99
Trd, 258855.200, 115
Trd, 258855.250, 116
Trd, 258855.450, 135
Trd, 258856.050, 126
Trd, 258856.667, 125
Trd, 258857.167, 127
Trd, 258857.217, 134
Trd, 258857.300, 125
Trd, 258857.433, 125
Trd, 258858.583, 140
Trd, 258858.750, 126
Trd, 258858.883, 126
Trd, 258858.950, 125
Trd, 258859.000, 121
Trd, 258859.367, 133
Trd, 258859.500, 133
Trd, 258859.517, 132
Trd, 258859.583, 136
Trd, 258859.867, 134
Trd, 258860.083, 133
Trd, 258860.100, 127
Trd, 258860.333, 125
Trd, 258860.367, 122
Trd, 258860.433, 135
Trd, 258860.467, 114
Trd, 258860.583, 113
Trd, 258860.867, 116
Trd, 258861.100, 104
Trd, 258861.383, 111
Trd, 258861.750, 108
Trd, 258862.300, 100
Trd, 258862.333, 97
Trd, 258862.733, 95
Trd, 258862.817, 93
Trd, 258862.867, 88
Trd, 258863.133, 96
Trd, 258863.167, 97
Trd, 258863.767, 92
Trd, 258864.517, 106
Trd, 258864.650, 126
Trd, 258864.667, 96
Trd, 258864.800, 93
Trd, 258864.883, 112
Trd, 258865.033, 92
Trd, 258865.267, 103
Trd, 258865.300, 139
Trd, 258865.783, 140
Trd, 258865.950, 90
Trd, 258866.183, 104
Trd, 258866.750, 116
Trd, 258866.817, 92
Trd, 258867.167, 132
Trd, 258867.300, 129
Trd, 258867.617, 128
Trd, 258867.750, 124
Trd, 258867.900, 117
Trd, 258868.083, 110
Trd, 258868.183, 109
Trd, 258868.233, 111
Trd, 258868.617, 121
Trd, 258869.067, 138
Trd, 258869.117, 138
Trd, 258869.217, 123
Trd, 258870.117, 129
Trd, 258870.133, 123
Trd, 258870.217, 132
Trd, 258870.517, 132
Trd, 258870.567, 120
Trd, 258871.267, 133
Trd, 258871.283, 127
Trd, 258871.967, 133
Trd, 258872.017, 125
Trd, 258872.050, 122
Trd, 258872.233, 117
Trd, 258872.350, 116
Trd, 258872.900, 116
Trd, 258873.433, 135
Trd, 258873.483, 114
Trd, 258873.650, 107
Trd, 258873.800, 133
Trd, 258874.483, 124
Trd, 258874.533, 124
Trd, 258874.750, 119
Trd, 258874.933, 118
Trd, 258874.983, 111
Trd, 258875.033, 124
Trd, 258875.400, 115
Trd, 258875.450, 114
Trd, 258875.900, 122
Trd, 258876.300, 110
Trd, 258876.600, 107
Trd, 258876.633, 104
Trd, 258876.700, 131
Trd, 258876.767, 106
Trd, 258876.883, 96
Trd, 258877.150, 131
Trd, 258877.467, 92
Trd, 258877.533, 91
Trd, 258877.917, 82
Trd, 258877.983, 87
Trd, 258878.250, 110
Trd, 258878.483, 114
Trd, 258878.633, 86
Trd, 258878.983, 119
Trd, 258879.183, 121
Trd, 258879.317, 114
Trd, 258879.500, 119
Trd, 258879.867, 112
Trd, 258879.933, 112
Trd, 258880.033, 107
Trd, 258880.317, 101
Trd, 258880.367, 115
Trd, 258880.733, 92
Trd, 258880.800, 116
Trd, 258881.083, 140
Trd, 258881.433, 94
Trd, 258881.450, 92
Trd, 258881.600, 137
Trd, 258881.767, 121
Trd, 258882.167, 131
Trd, 258882.667, 80
Trd, 258882.783, 73
Trd, 258882.950, 95
Trd, 258882.967, 89
Trd, 258883.367, 132
Trd, 258883.450, 126
Trd, 258883.700, 104
Trd, 258883.783, 122
Trd, 258883.917, 121
Trd, 258884.400, 138
Trd, 258884.550, 139
Trd, 258884.767, 124
Trd, 258885.217, 140
Trd, 258885.367, 118
Trd, 258885.450, 117
Trd, 258885.733, 115
Trd, 258885.800, 110
Trd, 258886.517, 111
Trd, 258886.883, 114
Trd, 258887.333, 112
Trd, 258887.367, 133
Trd, 258887.517, 111
Trd, 258887.717, 111
Trd, 258887.733, 126
Trd, 258888.417, 117
Trd, 258889.333, 124
Trd, 258889.433, 135
Trd, 258890.100, 132
Trd, 258890.233, 123
Trd, 258890.517, 104
Trd, 258890.967, 111
Trd, 258891.050, 134
Trd, 258891.617, 133
Trd, 258891.817, 125
Trd, 258892.150, 119
Trd, 258892.600, 98
Trd, 258893.017, 97
Trd, 258893.183, 96
Trd, 258893.200, 96
Trd, 258893.233, 104
Trd, 258893.300, 95
Trd, 258893.417, 100
Trd, 258893.533, 108
Trd, 258893.917, 128
Trd, 258893.950, 110
Trd, 258894.117, 110
Trd, 258894.150, 105
Trd, 258894.567, 131
Trd, 258894.667, 129
Trd, 258894.817, 103
Trd, 258895.283, 113
Trd, 258895.300, 110
Trd, 258895.967, 120
Trd, 258896.383, 124
Trd, 258896.417, 132
Trd, 258896.467, 120
Trd, 258896.667, 140
Trd, 258896.767, 140
Trd, 258896.850, 140
Trd, 258896.983, 139
Trd, 258897.050, 123
Trd, 258897.217, 122
Trd, 258897.400, 119
Trd, 258897.783, 119
Trd, 258897.883, 118
Trd, 258898.183, 122
Trd, 258898.333, 123
Trd, 258898.533, 109
Trd, 258899.317, 108
Trd, 258899.450, 102
Trd, 258899.483, 100
Trd, 258899.767, 116
Trd, 258900.067, 109
Trd, 258900.233, 110
Trd, 258900.317, 117
Trd, 258900.683, 106
Trd, 258901.300, 120
Trd, 258901.817, 121
Trd, 258901.967, 126
Trd, 258902.050, 108
Trd, 258902.400, 107
Trd, 258903.033, 119
Trd, 258903.117, 118
Trd, 258903.283, 118
Trd, 258903.300, 127
Trd, 258903.317, 117
Trd, 258903.483, 109
Trd, 258903.917, 138
Trd, 258903.950, 129
Trd, 258904.017, 116
Trd, 258904.083, 108
Trd, 258904.200, 140
Trd, 258904.400, 106
Trd, 258904.933, 127
Trd, 258905.417, 137
Trd, 258905.767, 136
Trd, 258905.833, 135
Trd, 258906.267, 124
Trd, 258906.417, 134
Trd, 258906.767, 131
Trd, 258906.883, 123
Trd, 258907.483, 130
Trd, 258907.517, 124
Trd, 258907.583, 122
Trd, 258907.600, 117
Trd, 258908.817, 140
Trd, 258909.100, 140
Trd, 258909.150, 140
Trd, 258909.250, 140
Trd, 258909.433, 138
Trd, 258909.650, 131
Trd, 258910.733, 140
Trd, 258911.017, 140
Trd, 258911.417, 139
Trd, 258911.517, 138
Trd, 258912.133, 136
Trd, 258912.167, 122
Trd, 258912.200, 128
Trd, 258912.283, 119
Trd, 258912.617, 122
Trd, 258912.783, 136
Trd, 258912.800, 119
Trd, 258912.983, 117
Trd, 258913.017, 110
Trd, 258913.250, 129
Trd, 258913.583, 110
Trd, 258913.867, 99
Trd, 258914.000, 130
Trd, 258914.283, 94
Trd, 258914.567, 124
Trd, 258914.767, 119
Trd, 258914.917, 120
Trd, 258915.567, 128
Trd, 258915.800, 114
Trd, 258916.033, 121
Trd, 258916.050, 112
Trd, 258916.500, 139
Trd, 258916.567, 121
Trd, 258916.983, 132
Trd, 258917.333, 127
Trd, 258917.883, 127
Trd, 258918.133, 126
Trd, 258918.250, 128
Trd, 258918.767, 135
Trd, 258918.817, 123
Trd, 258918.883, 119
Trd, 258919.350, 121
Trd, 258919.483, 116
Trd, 258920.117, 127
Trd, 258920.250, 130
Trd, 258920.567, 123
Trd, 258921.150, 123
Trd, 258921.167, 118
Trd, 258921.800, 117
Trd, 258921.917, 131
Trd, 258921.983, 117
Trd, 258922.417, 138
Trd, 258922.600, 126
Trd, 258922.700, 116
Trd, 258922.833, 118
Trd, 258923.067, 114
Trd, 258923.417, 129
Trd, 258923.750, 127
Trd, 258923.783, 126
Trd, 258923.850, 134
Trd, 258924.217, 136
Trd, 258924.483, 127
Trd, 258924.533, 125
Trd, 258924.550, 124
Trd, 258924.600, 122
Trd, 258924.783, 121
Trd, 258925.067, 114
Trd, 258925.283, 94
Trd, 258925.517, 94
Trd, 258925.900, 109
Trd, 258926.017, 117
Trd, 258926.167, 125
Trd, 258926.467, 101
Trd, 258926.733, 125
Trd, 258926.917, 95
Trd, 258926.950, 93
Trd, 258927.300, 94
Trd, 258927.433, 92
Trd, 258927.467, 91
Trd, 258927.800, 95
Trd, 258927.867, 96
Trd, 258928.100, 98
Trd, 258928.250, 92
Trd, 258928.767, 120
Trd, 258928.867, 134
Trd, 258928.967, 118
Trd, 258929.100, 106
Trd, 258929.283, 136
Trd, 258929.300, 110
Trd, 258929.600, 105
Trd, 258929.950, 127
Trd, 258930.300, 115
Trd, 258930.317, 109
Trd, 258930.400, 138
Trd, 258930.667, 140
Trd, 258930.933, 122
Trd, 258931.367, 93
Trd, 258931.383, 91
Trd, 258931.850, 93
Trd, 258932.450, 140
Trd, 258932.700, 140
Trd, 258932.767, 140
Trd, 258932.900, 140
Trd, 258932.983, 139
Trd, 258933.017, 138
Trd, 258933.450, 133
Trd, 258933.983, 135
Trd, 258934.100, 134
Trd, 258934.133, 128
Trd, 258934.167, 126
Trd, 258934.667, 133
Trd, 258934.783, 125
Trd, 258934.917, 117
Trd, 258934.950, 113
Trd, 258935.633, 121
Trd, 258935.967, 114
Trd, 258936.050, 113
Trd, 258936.067, 112
Trd, 258936.400, 112
Trd, 258936.417, 107
Trd, 258936.567, 121
Trd, 258936.850, 103
Trd, 258936.867, 102
Trd, 258936.967, 106
Trd, 258937.100, 99
Trd, 258937.200, 122
Trd, 258937.400, 98
Trd, 258937.600, 102
Trd, 258937.750, 103
Trd, 258937.800, 98
Trd, 258938.667, 128
Trd, 258938.783, 115
Trd, 258938.917, 106
Trd, 258940.083, 122
Trd, 258940.583, 128
Trd, 258940.983, 134
Trd, 258941.083, 122
Trd, 258941.100, 121
Trd, 258941.450, 131
Trd, 258941.517, 117
Trd, 258941.983, 129
Trd, 258942.033, 109
Trd, 258942.050, 132
Trd, 258942.600, 120
Trd, 258942.750, 121
Trd, 258943.167, 131
Trd, 258943.267, 118
Trd, 258943.367, 115
Trd, 258943.517, 114
Trd, 258944.183, 115
Trd, 258944.283, 111
Trd, 258944.583, 138
Trd, 258944.750, 137
Trd, 258945.117, 132
Trd, 258945.383, 132
Trd, 258945.533, 123
Trd, 258945.783, 130
Trd, 258946.967, 131
Trd, 258947.300, 137
Trd, 258947.367, 128
Trd, 258947.967, 130
Trd, 258948.183, 136
Trd, 258948.683, 139
Trd, 258948.750, 134
Trd, 258948.850, 133
Trd, 258949.033, 124
Trd, 258949.067, 123
Trd, 258949.117, 121
Trd, 258949.150, 116
Trd, 258949.217, 115
Trd, 258949.467, 120
Trd, 258949.633, 109
Trd, 258950.017, 128
Trd, 258950.300, 125
Trd, 258951.000, 140
Trd, 258951.117, 140
Trd, 258951.217, 134
Trd, 258951.283, 134
Trd, 258951.383, 134
Trd, 258951.767, 126
Trd, 258953.133, 140
Trd, 258953.317, 139
Trd, 258953.367, 135
Trd, 258953.717, 133
Trd, 258953.883, 132
Trd, 258953.983, 132
Trd, 258954.017, 125
Trd, 258954.083, 105
Trd, 258954.217, 104
Trd, 258954.517, 103
Trd, 258954.583, 102
Trd, 258954.933, 105
Trd, 258955.083, 106
Trd, 258955.533, 104
Trd, 258955.783, 103
Trd, 258955.883, 103
Trd, 258956.000, 119
Trd, 258956.100, 116
Trd, 258956.500, 115
Trd, 258956.767, 105
Trd, 258956.817, 101
Trd, 258957.150, 99
Trd, 258957.383, 106
Trd, 258957.500, 100
Trd, 258957.850, 107
Trd, 258958.100, 94
Trd, 258958.233, 122
Trd, 258958.267, 93
Trd, 258958.450, 96
Trd, 258958.550, 95
Trd, 258958.817, 140
Trd, 258959.033, 140
Trd, 258959.117, 134
Trd, 258959.750, 133
Trd, 258959.800, 136
Trd, 258959.883, 126
Trd, 258960.350, 124
Trd, 258960.800, 139
Trd, 258960.967, 119
Trd, 258961.050, 116
Trd, 258961.300, 116
Trd, 258961.600, 139
Trd, 258961.650, 114
Trd, 258961.700, 114
Trd, 258962.083, 124
Trd, 258962.333, 111
Trd, 258962.417, 110
Trd, 258962.583, 110
Trd, 258962.700, 102
Trd, 258962.900, 128
Trd, 258963.083, 124
Trd, 258963.233, 124
Trd, 258963.617, 125
Trd, 258964.083, 126
Trd, 258964.183, 118
Trd, 258964.617, 131
Trd, 258964.750, 124
Trd, 258965.000, 130
Trd, 258965.067, 118
Trd, 258965.233, 121
Trd, 258965.267, 115
Trd, 258965.317, 133
Trd, 258965.350, 132
Trd, 258965.733, 124
Trd, 258966.267, 115
Trd, 258966.600, 115
Trd, 258966.800, 114
Trd, 258967.017, 115
Trd, 258967.283, 132
Trd, 258967.300, 132
Trd, 258967.417, 118
Trd, 258967.517, 115
Trd, 258968.033, 135
Trd, 258968.067, 114
Trd, 258968.417, 111
Trd, 258968.717, 110
Trd, 258969.083, 130
Trd, 258969.267, 140
Trd, 258969.283, 132
Trd, 258969.417, 122
Trd, 258969.600, 100
Trd, 258969.650, 99
Trd, 258970.150, 125
Trd, 258970.400, 136
Trd, 258970.450, 124
Trd, 258970.583, 138
Trd, 258970.667, 124
Trd, 258970.983, 123
Trd, 258971.083, 137
Trd, 258971.133, 112
Trd, 258971.200, 111
Trd, 258971.450, 130
Trd, 258971.500, 108
Trd, 258971.617, 137
Trd, 258971.883, 129
Trd, 258972.383, 138
Trd, 258972.667, 132
Trd, 258973.133, 130
Trd, 258973.600, 105
Trd, 258973.633, 101
Trd, 258973.650, 107
Trd, 258973.950, 111
Trd, 258974.083, 122
Trd, 258974.800, 121
Trd, 258975.133, 126
Trd, 258975.183, 109
Trd, 258975.283, 123
Trd, 258975.800, 108
Trd, 258976.067, 110
Trd, 258976.167, 127
Trd, 258977.083, 124
Trd, 258977.133, 123
Trd, 258977.333, 122
Trd, 258977.400, 122
Trd, 258977.983, 123
Trd, 258978.100, 117
Trd, 258978.800, 121
Trd, 258978.900, 123
Trd, 258979.250, 119
Trd, 258979.267, 111
Trd, 258979.350, 124
Trd, 258979.483, 134
Trd, 258979.533, 133
Trd, 258980.133, 140
Trd, 258980.817, 130
Trd, 258981.067, 131
Trd, 258981.083, 130
Trd, 258981.267, 127
Trd, 258981.383, 128
Trd, 258981.617, 140
Trd, 258981.833, 122
Trd, 258981.850, 133
Trd, 258981.983, 115
Trd, 258982.150, 131
Trd, 258982.183, 109
Trd, 258982.567, 109
Trd, 258983.017, 122
Trd, 258983.183, 120
Trd, 258983.817, 115
Trd, 258983.983, 123
Trd, 258984.167, 116
Trd, 258984.183, 115
Trd, 258984.200, 114
Trd, 258984.450, 127
Trd, 258985.167, 130
Trd, 258985.767, 131
Trd, 258986.050, 118
Trd, 258986.233, 117
Trd, 258986.550, 110
Trd, 258986.617, 129
Trd, 258986.850, 82
Trd, 258987.100, 114
Trd, 258987.267, 106
Trd, 258987.567, 105
Trd, 258987.717, 102
Trd, 258987.933, 115
Trd, 258987.950, 124
Trd, 258988.033, 99
Trd, 258988.317, 129
Trd, 258988.400, 106
Trd, 258988.683, 107
Trd, 258989.117, 120
Trd, 258989.217, 104
Trd, 258989.233, 104
Trd, 258989.333, 99
Trd, 258989.600, 95
Trd, 258989.633, 96
Trd, 258990.533, 130
Trd, 258990.667, 116
Trd, 258990.783, 114
Trd, 258991.450, 114
Trd, 258991.667, 114
Trd, 258991.967, 130
Trd, 258992.400, 139
Trd, 258992.583, 134
Trd, 258992.983, 121
Trd, 258993.017, 121
Trd, 258993.050, 132
Trd, 258993.267, 122
Trd, 258993.550, 111
Trd, 258993.600, 106
Trd, 258993.683, 105
Trd, 258994.233, 106
Trd, 258994.300, 105
Trd, 258994.517, 117
Trd, 258994.700, 107
Trd, 258994.817, 103
Trd, 258995.000, 115
Trd, 258995.117, 118
Trd, 258995.167, 104
Trd, 258995.300, 97
Trd, 258995.667, 113
Trd, 258995.900, 91
Trd, 258995.967, 98
Trd, 258996.483, 116
Trd, 258996.867, 129
Trd, 258997.117, 140
Trd, 258997.217, 137
Trd, 258997.283, 124
Trd, 258997.533, 123
Trd, 258997.767, 122
Trd, 258998.000, 130
Trd, 258998.050, 130
Trd, 258998.067, 124
Trd, 258999.017, 124
Trd, 258999.117, 119
Trd, 258999.733, 131
Trd, 258999.800, 119
Trd, 258999.933, 116
Trd, 259000.050, 130
Trd, 259000.167, 108
Trd, 259000.683, 140
Trd, 259000.967, 139
Trd, 259001.367, 140
Trd, 259001.417, 140
Trd, 259001.467, 139
Trd, 259001.800, 138
Trd, 259001.817, 137
Trd, 259002.183, 129
Trd, 259002.567, 119
Trd, 259003.000, 132
Trd, 259003.133, 116
Trd, 259003.900, 134
Trd, 259003.967, 121
Trd, 259004.550, 116
Trd, 259004.650, 133
Trd, 259005.033, 116
Trd, 259005.083, 126
Trd, 259005.133, 114
Trd, 259005.300, 112
Trd, 259005.417, 107
Trd, 259005.467, 130
Trd, 259005.750, 119
Trd, 259005.883, 104
Trd, 259006.167, 134
Trd, 259007.050, 137
Trd, 259007.483, 136
Trd, 259007.617, 140
Trd, 259007.700, 135
Trd, 259007.800, 129
Trd, 259008.050, 127
Trd, 259008.200, 125
Trd, 259008.217, 124
Trd, 259008.417, 136
Trd, 259009.383, 136
Trd, 259009.567, 128
Trd, 259009.700, 127
Trd, 259009.883, 133
Trd, 259010.383, 133
Trd, 259010.417, 132
Trd, 259010.450, 135
Trd, 259010.567, 133
Trd, 259010.917, 132
Trd, 259011.267, 140
Trd, 259011.567, 126
Trd, 259011.750, 131
Trd, 259012.317, 138
Trd, 259012.383, 130
Trd, 259012.417, 126
Trd, 259012.733, 134
Trd, 259012.783, 129
Trd, 259013.050, 128
Trd, 259013.300, 126
Trd, 259013.367, 120
Trd, 259013.450, 113
Trd, 259013.633, 107
Trd, 259014.033, 131
Trd, 259014.150, 106
Trd, 259014.233, 106
Trd, 259014.750, 126
Trd, 259014.767, 102
Trd, 259014.850, 102
Trd, 259014.900, 86
Trd, 259015.150, 96
Trd, 259015.333, 95
Trd, 259015.617, 72
Trd, 259015.667, 123
Trd, 259015.833, 106
Trd, 259015.950, 125
Trd, 259016.100, 72
Trd, 259016.167, 103
Trd, 259016.350, 107
Trd, 259017.033, 108
Trd, 259017.083, 90
Trd, 259017.133, 120
Trd, 259017.883, 121
Trd, 259018.017, 120
Trd, 259018.233, 122
Trd, 259018.633, 122
Trd, 259018.783, 121
Trd, 259018.883, 120
Trd, 259019.017, 114
Trd, 259019.550, 130
Trd, 259019.800, 124
Trd, 259020.650, 132
Trd, 259021.233, 130
Trd, 259021.283, 140
Trd, 259021.333, 129
Trd, 259021.550, 137
Trd, 259021.717, 134
Trd, 259022.317, 137
Trd, 259022.783, 140
Trd, 259022.983, 140
Trd, 259023.100, 132
Trd, 259023.367, 132
Trd, 259023.567, 126
Trd, 259023.583, 126
Trd, 259023.633, 125
Trd, 259023.700, 124
Trd, 259023.900, 118
Trd, 259024.017, 117
Trd, 259024.183, 109
Trd, 259024.250, 120
Trd, 259024.483, 138
Trd, 259025.167, 112
Trd, 259025.317, 115
Trd, 259025.533, 108
Trd, 259026.117, 114
Trd, 259026.233, 126
Trd, 259026.417, 113
Trd, 259026.883, 131
Trd, 259027.133, 132
Trd, 259027.450, 137
Trd, 259027.583, 129
Trd, 259027.850, 125
Trd, 259027.950, 125
Trd, 259028.167, 121
Trd, 259028.217, 120
Trd, 259028.317, 101
Trd, 259028.500, 114
Trd, 259028.800, 114
Trd, 259028.850, 113
Trd, 259029.083, 129
Trd, 259029.300, 126
Trd, 259029.533, 110
Trd, 259030.067, 95
Trd, 259030.267, 110
Trd, 259030.617, 108
Trd, 259030.767, 113
Trd, 259031.017, 114
Trd, 259031.150, 95
Trd, 259031.483, 111
Trd, 259031.667, 92
Trd, 259032.383, 93
Trd, 259032.650, 110
Trd, 259032.717, 98
Trd, 259032.783, 119
Trd, 259032.883, 112
Trd, 259033.000, 120
Trd, 259033.183, 91
Trd, 259033.600, 105
Trd, 259033.900, 130
Trd, 259034.033, 113
Trd, 259034.117, 111
Trd, 259035.117, 131
Trd, 259035.283, 131
Trd, 259035.433, 132
Trd, 259035.650, 130
Trd, 259036.133, 132
Trd, 259036.467, 136
Trd, 259036.500, 135
Trd, 259036.667, 130
Trd, 259036.783, 129
Trd, 259036.967, 140
Trd, 259037.133, 123
Trd, 259037.250, 119
Trd, 259037.300, 118
Trd, 259037.883, 117
Trd, 259037.950, 112
Trd, 259038.350, 139
Trd, 259038.667, 109
Trd, 259038.883, 136
Trd, 259038.983, 137
Trd, 259039.250, 114
Trd, 259040.067, 131
Trd, 259040.467, 130
Trd, 259040.550, 129
Trd, 259040.683, 110
Trd, 259040.983, 117
Trd, 259041.367, 111
Trd, 259041.600, 124
Trd, 259042.367, 111
Trd, 259042.433, 101
Trd, 259042.617, 101
Trd, 259042.917, 97
Trd, 259042.933, 121
Trd, 259043.633, 105
Trd, 259043.883, 123
Trd, 259044.517, 99
Trd, 259044.650, 123
Trd, 259044.683, 99
Trd, 259044.850, 124
Trd, 259044.950, 98
Trd, 259045.517, 123
Trd, 259045.617, 114
Trd, 259045.683, 126
Trd, 259045.967, 99
Trd, 259046.267, 129
Trd, 259046.817, 117
Trd, 259046.883, 117
Trd, 259047.483, 126
Trd, 259047.583, 119
Trd, 259047.733, 127
Trd, 259047.933, 128
Trd, 259048.133, 129
Trd, 259048.533, 123
Trd, 259048.583, 130
Trd, 259048.767, 111
Trd, 259048.817, 131
Trd, 259048.867, 110
Trd, 259048.950, 132
Trd, 259049.533, 137
Trd, 259049.617, 136
Trd, 259049.733, 133
Trd, 259049.817, 132
Trd, 259050.300, 130
Trd, 259050.350, 128
Trd, 259050.567, 126
Trd, 259050.633, 122
Trd, 259050.783, 119
Trd, 259050.883, 112
Trd, 259051.117, 127
Trd, 259051.167, 110
Trd, 259051.533, 140
Trd, 259051.767, 140
Trd, 259052.150, 123
Trd, 259052.283, 139
Trd, 259052.800, 101
Trd, 259053.000, 92
Trd, 259053.350, 139
Trd, 259053.750, 133
Trd, 259054.033, 132
Trd, 259054.250, 102
Trd, 259054.500, 112
Trd, 259055.067, 114
Trd, 259055.400, 126
Trd, 259055.467, 127
Trd, 259055.783, 131
Trd, 259055.800, 128
Trd, 259056.250, 127
Trd, 259056.283, 127
Trd, 259056.433, 131
Trd, 259056.467, 126
Trd, 259056.517, 132
Trd, 259056.767, 121
Trd, 259057.017, 135
Trd, 259057.317, 114
Trd, 259057.367, 99
Trd, 259057.533, 97
Trd, 259057.683, 132
Trd, 259058.117, 133
Trd, 259058.600, 105
Trd, 259059.267, 135
Trd, 259059.283, 133
Trd, 259060.183, 122
Trd, 259060.283, 121
Trd, 259060.350, 121
Trd, 259060.600, 122
Trd, 259060.733, 122
Trd, 259060.800, 138
Trd, 259060.817, 121
Trd, 259061.083, 127
Trd, 259061.417, 108
Trd, 259061.467, 112
Trd, 259061.550, 104
Trd, 259061.583, 82
Trd, 259061.900, 139
Trd, 259061.983, 100
Trd, 259062.600, 109
Trd, 259062.750, 109
Trd, 259063.000, 128
Trd, 259063.200, 114
Trd, 259063.367, 87
Trd, 259063.467, 107
Trd, 259063.717, 121
Trd, 259063.833, 112
Trd, 259064.350, 130
Trd, 259064.867, 127
Trd, 259065.167, 115
Trd, 259065.667, 120
Trd, 259065.783, 117
Trd, 259065.917, 117
Trd, 259066.000, 115
Trd, 259066.217, 115
Trd, 259066.500, 119
Trd, 259066.733, 121
Trd, 259066.983, 102
Trd, 259067.400, 122
Trd, 259067.567, 123
Trd, 259067.883, 133
Trd, 259067.933, 122
Trd, 259067.967, 101
Trd, 259068.067, 100
Trd, 259068.300, 106
Trd, 259068.800, 130
Trd, 259068.933, 129
Trd, 259069.400, 131
Trd, 259069.633, 130
Trd, 259069.900, 125
Trd, 259070.217, 122
Trd, 259071.050, 140
Trd, 259071.167, 129
Trd, 259071.533, 128
Trd, 259071.617, 122
Trd, 259071.717, 122
Trd, 259071.900, 112
Trd, 259072.017, 115
Trd, 259072.067, 102
Trd, 259072.700, 124
Trd, 259072.817, 123
Trd, 259073.317, 116
Trd, 259073.417, 104
Trd, 259073.767, 117
Trd, 259073.867, 113
Trd, 259074.117, 103
Trd, 259074.267, 117
Trd, 259074.283, 103
Trd, 259074.300, 118
Trd, 259074.767, 104
Trd, 259075.083, 140
Trd, 259075.250, 140
Trd, 259075.383, 132
Trd, 259075.433, 107
Trd, 259075.617, 108
Trd, 259075.683, 102
Trd, 259076.317, 104
Trd, 259076.383, 96
Trd, 259076.567, 123
Trd, 259076.950, 123
Trd, 259077.133, 117
Trd, 259077.183, 110
Trd, 259077.417, 113
Trd, 259077.617, 99
Trd, 259077.700, 95
Trd, 259078.133, 84
Trd, 259078.517, 115
Trd, 259079.183, 139
Trd, 259079.233, 139
Trd, 259079.633, 138
Trd, 259079.750, 124
Trd, 259079.883, 119
Trd, 259079.917, 116
Trd, 259080.000, 104
Trd, 259080.400, 129
Trd, 259080.650, 132
Trd, 259080.900, 117
Trd, 259081.533, 126
Trd, 259082.517, 139
Trd, 259082.600, 139
Trd, 259082.633, 138
Trd, 259083.450, 138
Trd, 259083.767, 136
Trd, 259083.917, 131
Trd, 259084.050, 130
Trd, 259084.450, 105
Trd, 259084.583, 109
Trd, 259084.733, 108
Trd, 259085.017, 104
Trd, 259085.100, 103
Trd, 259085.417, 108
Trd, 259085.700, 138
Trd, 259086.100, 129
Trd, 259086.200, 134
Trd, 259086.400, 129
Trd, 259086.433, 128
Trd, 259086.550, 117
Trd, 259086.717, 114
Trd, 259086.950, 109
Trd, 259087.050, 106
Trd, 259087.417, 104
Trd, 259087.650, 103
Trd, 259087.683, 121
Trd, 259087.783, 101
Trd, 259088.167, 123
Trd, 259088.300, 113
Trd, 259088.733, 139
Trd, 259089.017, 128
Trd, 259089.067, 122
Trd, 259089.333, 131
Trd, 259089.633, 122
Trd, 259089.700, 121
Trd, 259090.000, 121
Trd, 259090.367, 125
Trd, 259090.383, 120
Trd, 259090.867, 139
Trd, 259090.883, 120
Trd, 259090.917, 120
Trd, 259090.933, 107
Trd, 259091.200, 106
Trd, 259091.717, 140
Trd, 259091.833, 136
Trd, 259091.900, 129
Trd, 259092.167, 110
Trd, 259092.383, 105
Trd, 259092.400, 101
Trd, 259093.267, 137
Trd, 259093.767, 136
Trd, 259093.867, 123
Trd, 259094.233, 132
Trd, 259094.433, 124
Trd, 259094.850, 130
Trd, 259095.283, 124
Trd, 259095.600, 124
Trd, 259095.867, 124
Trd, 259095.883, 124
Trd, 259096.083, 124
Trd, 259096.350, 137
Trd, 259096.400, 130
Trd, 259096.417, 124
Trd, 259096.683, 136
Trd, 259096.967, 129
Trd, 259097.467, 119
Trd, 259097.800, 105
Trd, 259098.000, 126
Trd, 259098.250, 126
Trd, 259098.433, 128
Trd, 259098.583, 126
Trd, 259098.767, 125
Trd, 259099.067, 120
Trd, 259099.200, 120
Trd, 259099.467, 119
Trd, 259099.533, 118
Trd, 259099.633, 117
Trd, 259100.000, 122
Trd, 259100.033, 135
Trd, 259100.100, 121
Trd, 259100.400, 134
Trd, 259100.717, 120
Trd, 259100.750, 117
Trd, 259100.833, 108
Trd, 259101.000, 103
Trd, 259101.250, 102
Trd, 259101.400, 93
Trd, 259102.233, 140
Trd, 259102.483, 139
Trd, 259102.983, 139
Trd, 259103.100, 135
Trd, 259103.400, 127
Trd, 259103.767, 108
Trd, 259103.800, 107
Trd, 259104.083, 124
Trd, 259104.550, 134
Trd, 259105.350, 136
Trd, 259105.583, 132
Trd, 259105.733, 133
Trd, 259105.750, 133
Trd, 259106.167, 127
Trd, 259106.283, 126
Trd, 259106.583, 124
Trd, 259106.783, 120
Trd, 259107.267, 115
Trd, 259107.533, 121
Trd, 259107.617, 127
Trd, 259107.883, 133
Trd, 259108.033, 121
Trd, 259108.233, 135
Trd, 259108.517, 120
Trd, 259109.067, 118
Trd, 259109.217, 111
Trd, 259109.267, 106
Trd, 259109.633, 136
Trd, 259109.783, 127
Trd, 259109.933, 133
Trd, 259110.017, 134
Trd, 259110.417, 105
Trd, 259110.450, 104
Trd, 259110.633, 117
Trd, 259111.233, 140
Trd, 259111.250, 140
Trd, 259111.467, 139
Trd, 259111.633, 131
Trd, 259112.000, 140
Trd, 259112.367, 140
Trd, 259112.383, 139
Trd, 259112.583, 125
Trd, 259112.817, 119
Trd, 259113.133, 115
Trd, 259113.233, 114
Trd, 259113.283, 108
Trd, 259113.300, 105
Trd, 259113.400, 103
Trd, 259113.550, 115
Trd, 259114.100, 135
Trd, 259114.200, 105
Trd, 259114.217, 101
Trd, 259114.433, 101
Trd, 259115.117, 129
Trd, 259115.200, 132
Trd, 259115.233, 136
Trd, 259115.383, 129
Trd, 259116.250, 127
Trd, 259116.517, 127
Trd, 259116.933, 134
Trd, 259117.000, 130
Trd, 259117.750, 140
Trd, 259117.933, 140
Trd, 259118.100, 140
Trd, 259118.350, 137
Trd, 259118.667, 137
Trd, 259118.700, 123
Trd, 259118.817, 123
Trd, 259119.167, 124
Trd, 259119.333, 123
Trd, 259119.417, 130
Trd, 259119.517, 120
Trd, 259119.550, 120
Trd, 259119.767, 117
Trd, 259120.083, 105
Trd, 259120.433, 97
Trd, 259120.500, 97
Trd, 259120.733, 120
Trd, 259121.117, 136
Trd, 259121.300, 135
Trd, 259121.467, 112
Trd, 259121.750, 106
Trd, 259121.783, 106
Trd, 259121.917, 103
Trd, 259122.967, 134
Trd, 259123.000, 117
Trd, 259123.183, 110
Trd, 259123.383, 129
Trd, 259123.467, 136
Trd, 259123.617, 109
Trd, 259123.717, 113
Trd, 259123.917, 78
Trd, 259124.850, 87
Trd, 259125.067, 101
Trd, 259125.083, 77
Trd, 259125.150, 73
Trd, 259125.367, 104
Trd, 259125.483, 105
Trd, 259126.033, 140
Trd, 259126.100, 140
Trd, 259126.233, 140
Trd, 259126.550, 127
Trd, 259126.967, 132
Trd, 259127.033, 131
Trd, 259127.517, 140
Trd, 259127.800, 139
Trd, 259128.067, 133
Trd, 259128.817, 140
Trd, 259129.067, 140
Trd, 259129.383, 139
Trd, 259129.467, 138
Trd, 259129.483, 132
Trd, 259129.517, 131
Trd, 259129.633, 126
Trd, 259129.900, 132
Trd, 259130.500, 126
Trd, 259130.550, 122
Trd, 259130.633, 126
Trd, 259130.700, 110
Trd, 259130.917, 126
Trd, 259131.150, 100
Trd, 259131.383, 123
Trd, 259131.650, 98
Trd, 259132.817, 88
Trd, 259132.867, 91
Trd, 259132.950, 91
Trd, 259132.967, 93
Trd, 259133.217, 118
Trd, 259133.417, 112
Trd, 259133.500, 111
Trd, 259133.650, 111
Trd, 259133.867, 107
Trd, 259134.033, 115
Trd, 259134.633, 104
Trd, 259134.767, 104
Trd, 259135.067, 103
Trd, 259135.083, 106
Trd, 259135.100, 100
Trd, 259135.183, 99
Trd, 259135.450, 95
Trd, 259135.683, 105
Trd, 259135.800, 118
Trd, 259135.967, 101
Trd, 259136.000, 94
Trd, 259136.317, 108
Trd, 259136.767, 113
Trd, 259136.967, 99
Trd, 259137.117, 136
Trd, 259137.417, 97
Trd, 259137.950, 108
Trd, 259138.217, 134
Trd, 259138.433, 97
Trd, 259138.733, 98
Trd, 259138.750, 92
Trd, 259139.267, 116
Trd, 259139.433, 114
Trd, 259139.533, 83
Trd, 259139.733, 79
Trd, 259139.750, 127
Trd, 259140.150, 138
Trd, 259140.317, 133
Trd, 259140.417, 116
Trd, 259140.500, 110
Trd, 259141.083, 101
Trd, 259141.217, 117
Trd, 259141.517, 132
Trd, 259141.883, 133
Trd, 259142.117, 133
Trd, 259142.233, 132
Trd, 259142.283, 125
Trd, 259142.300, 112
Trd, 259142.500, 112
Trd, 259143.633, 122
Trd, 259143.917, 125
Trd, 259143.950, 118
Trd, 259144.033, 133
Trd, 259144.067, 126
Trd, 259144.233, 119
Trd, 259144.267, 118
Trd, 259144.500, 118
Trd, 259144.550, 115
Trd, 259144.983, 130
Trd, 259145.600, 133
Trd, 259146.283, 132
Trd, 259146.633, 132
Trd, 259146.900, 131
Trd, 259147.350, 135
Trd, 259147.433, 126
Trd, 259147.500, 126
Trd, 259148.400, 111
Trd, 259148.467, 136
Trd, 259148.600, 137
Trd, 259148.617, 107
Trd, 259148.833, 105
Trd, 259149.100, 105
Trd, 259149.250, 101
Trd, 259149.333, 101
Trd, 259149.850, 139
Trd, 259150.083, 97
Trd, 259150.333, 97
Trd, 259150.500, 99
Trd, 259150.650, 94
Trd, 259150.767, 99
Trd, 259150.783, 100
Trd, 259151.100, 115
Trd, 259151.150, 90
Trd, 259151.217, 124
Trd, 259151.600, 103
Trd, 259151.633, 101
Trd, 259151.783, 90
Trd, 259152.850, 137
Trd, 259153.367, 135
Trd, 259153.550, 134
Trd, 259153.800, 131
Trd, 259154.283, 140
Trd, 259154.367, 129
Trd, 259154.383, 129
Trd, 259154.417, 128
Trd, 259154.467, 123
Trd, 259154.933, 126
Trd, 259154.950, 125
Trd, 259155.167, 123
Trd, 259155.533, 131
Trd, 259155.600, 128
Trd, 259155.783, 124
Trd, 259155.917, 103
Trd, 259155.933, 103
Trd, 259156.733, 105
Trd, 259156.767, 106
Trd, 259156.800, 104
Trd, 259156.883, 108
Trd, 259157.183, 99
Trd, 259157.217, 124
Trd, 259157.233, 81
Trd, 259157.700, 103
Trd, 259157.717, 102
Trd, 259157.783, 105
Trd, 259158.050, 103
Trd, 259158.117, 128
Trd, 259158.450, 98
Trd, 259158.983, 93
Trd, 259159.100, 100
Trd, 259159.317, 89
Trd, 259159.400, 131
Trd, 259159.567, 107
Trd, 259159.683, 106
Trd, 259160.117, 111
Trd, 259160.600, 138
Trd, 259160.917, 111
Trd, 259160.933, 110
Trd, 259160.950, 109
Trd, 259161.267, 140
Trd, 259161.300, 139
Trd, 259161.633, 136
Trd, 259162.133, 121
Trd, 259162.367, 121
Trd, 259162.417, 118
Trd, 259162.883, 134
Trd, 259162.933, 130
Trd, 259162.967, 129
Trd, 259163.067, 139
Trd, 259163.717, 138
Trd, 259163.967, 138
Trd, 259164.017, 137
Trd, 259164.383, 133
Trd, 259164.617, 132
Trd, 259164.700, 127
Trd, 259164.983, 127
Trd, 259165.033, 125
Trd, 259165.133, 125
Trd, 259165.817, 136
Trd, 259165.983, 136
Trd, 259166.100, 114
Trd, 259166.150, 111
Trd, 259166.433, 110
Trd, 259166.817, 122
Trd, 259167.100, 120
Trd, 259167.400, 128
Trd, 259167.700, 87
Trd, 259167.717, 80
Trd, 259167.867, 101
Trd, 259168.167, 128
Trd, 259168.217, 80
Trd, 259168.983, 100
Trd, 259169.467, 106
Trd, 259169.633, 102
Trd, 259169.700, 100
Trd, 259169.933, 107
Trd, 259170.250, 105
Trd, 259170.467, 106
Trd, 259170.750, 113
Trd, 259170.900, 107
Trd, 259171.217, 126
Trd, 259171.383, 120
Trd, 259171.567, 98
Trd, 259171.867, 107
Trd, 259172.067, 113
Trd, 259172.767, 112
Trd, 259172.833, 106
Trd, 259173.283, 138
Trd, 259173.617, 138
Trd, 259174.067, 139
Trd, 259174.167, 139
Trd, 259174.300, 138
Trd, 259174.400, 139
Trd, 259174.433, 133
Trd, 259174.867, 138
Trd, 259175.017, 128
Trd, 259175.500, 127
Trd, 259175.583, 126
Trd, 259175.933, 134
Trd, 259175.967, 133
Trd, 259176.250, 128
Trd, 259176.267, 126
Trd, 259176.967, 132
Trd, 259177.067, 127
Trd, 259177.200, 110
Trd, 259177.317, 110
Trd, 259177.467, 87
Trd, 259177.883, 112
Trd, 259177.950, 101
Trd, 259178.283, 127
Trd, 259178.400, 91
Trd, 259178.617, 114
Trd, 259178.650, 113
Trd, 259179.000, 95
Trd, 259179.933, 123
Trd, 259180.033, 114
Trd, 259180.233, 114
Trd, 259180.400, 114
Trd, 259180.583, 113
Trd, 259180.683, 105
Trd, 259180.883, 105
Trd, 259180.900, 103
Trd, 259181.083, 101
Trd, 259181.433, 111
Trd, 259181.583, 113
Trd, 259181.967, 101
Trd, 259182.150, 108
Trd, 259182.183, 99
Trd, 259182.467, 121
Trd, 259182.583, 116
Trd, 259182.750, 122
Trd, 259183.250, 122
Trd, 259183.283, 124
Trd, 259183.367, 128
Trd, 259183.967, 114
Trd, 259184.917, 132
Trd, 259185.033, 125
Trd, 259185.283, 136
Trd, 259185.433, 132
Trd, 259185.467, 129
Trd, 259185.567, 129
Trd, 259185.883, 123
Trd, 259185.983, 136
Trd, 259186.383, 116
Trd, 259186.600, 114
Trd, 259186.933, 122
Trd, 259186.983, 104
Trd, 259187.433, 127
Trd, 259187.483, 128
Trd, 259187.567, 109
Trd, 259187.683, 107
Trd, 259187.700, 106
Trd, 259187.733, 105
Trd, 259187.783, 132
Trd, 259188.050, 118
Trd, 259188.350, 108
Trd, 259188.417, 117
Trd, 259188.517, 102
Trd, 259188.750, 100
Trd, 259189.200, 102
Trd, 259189.333, 101
Trd, 259189.567, 120
Trd, 259189.850, 116
Trd, 259190.767, 138
Trd, 259190.833, 130
Trd, 259191.150, 126
Trd, 259191.517, 126
Trd, 259191.900, 124
Trd, 259191.933, 122
Trd, 259192.367, 128
Trd, 259192.433, 108
Trd, 259192.833, 110
Trd, 259193.067, 129
Trd, 259193.183, 105
Trd, 259193.233, 133
Trd, 259193.383, 131
Trd, 259193.533, 103
Trd, 259193.833, 139
Trd, 259193.850, 104
Trd, 259195.183, 140
Trd, 259195.250, 140
Trd, 259195.367, 139
Trd, 259195.383, 125
Trd, 259195.883, 123
Trd, 259195.900, 123
Trd, 259195.950, 116
Trd, 259196.000, 110
Trd, 259196.117, 106
Trd, 259196.500, 100
Trd, 259196.800, 109
Trd, 259196.883, 98
Trd, 259197.133, 123
Trd, 259197.450, 106
Trd, 259197.567, 97
Trd, 259197.833, 95
Trd, 259197.900, 129
Trd, 259197.917, 91
Trd, 259198.250, 129
Trd, 259198.767, 117
Trd, 259198.800, 114
Trd, 259198.817, 104
Trd, 259199.700, 90
Trd, 259199.717, 91
Trd, 259199.800, 93
Trd, 259200.000, 132
