Trd, 258584.200, 140
Trd, 258584.267, 140
Trd, 258584.367, 139
Trd, 258584.567, 140
Trd, 258584.667, 136
Trd, 258584.683, 135
Trd, 258585.250, 139
Trd, 258585.333, 135
Trd, 258585.433, 134
Trd, 258585.500, 133
Trd, 258585.850, 130
Trd, 258586.567, 137
Trd, 258586.817, 110
Trd, 258587.017, 140
Trd, 258587.400, 140
Trd, 258588.000, 140
Trd, 258588.900, 140
Trd, 258588.983, 140
Trd, 258589.033, 140
Trd, 258589.133, 140
Trd, 258589.217, 140
Trd, 258589.450, 140
Trd, 258589.700, 140
Trd, 258589.767, 139
Trd, 258590.150, 140
Trd, 258590.233, 139
Trd, 258590.383, 139
Trd, 258590.467, 138
Trd, 258590.600, 140
Trd, 258591.150, 133
Trd, 258591.267, 133
Trd, 258591.300, 135
Trd, 258591.400, 132
Trd, 258591.900, 130
Trd, 258592.100, 132
Trd, 258592.300, 118
Trd, 258592.400, 132
Trd, 258592.467, 123
Trd, 258592.483, 122
Trd, 258592.517, 133
Trd, 258592.583, 115
Trd, 258592.733, 81
Trd, 258592.817, 139
Trd, 258593.783, 140
Trd, 258594.033, 140
Trd, 258594.083, 140
Trd, 258594.117, 140
Trd, 258594.567, 140
Trd, 258594.700, 139
Trd, 258595.183, 140
Trd, 258595.550, 140
Trd, 258596.617, 140
Trd, 258596.817, 140
Trd, 258597.617, 140
Trd, 258597.667, 140
Trd, 258597.883, 140
Trd, 258598.517, 140
Trd, 258598.550, 140
Trd, 258598.817, 140
Trd, 258598.867, 140
Trd, 258598.917, 140
Trd, 258599.050, 140
Trd, 258599.267, 140
Trd, 258599.367, 140
Trd, 258599.817, 140
Trd, 258599.833, 139
Trd, 258600.083, 140
Trd, 258600.200, 139
Trd, 258600.300, 139
Trd, 258600.417, 138
Trd, 258600.750, 138
Trd, 258600.817, 135
Trd, 258601.533, 121
Trd, 258601.633, 134
Trd, 258601.800, 140
Trd, 258602.317, 140
Trd, 258602.450, 140
Trd, 258602.700, 140
Trd, 258602.717, 140
Trd, 258603.267, 140
Trd, 258603.317, 140
Trd, 258603.950, 140
Trd, 258603.967, 140
Trd, 258604.367, 140
Trd, 258604.433, 140
Trd, 258606.417, 140
Trd, 258606.767, 140
Trd, 258606.817, 140
Trd, 258606.833, 140
Trd, 258606.850, 140
Trd, 258607.017, 140
Trd, 258607.700, 140
Trd, 258608.133, 140
Trd, 258608.250, 140
Trd, 258608.300, 140
Trd, 258608.333, 140
Trd, 258608.367, 140
Trd, 258608.400, 140
Trd, 258608.533, 139
Trd, 258608.567, 138
Trd, 258608.717, 139
Trd, 258608.783, 135
Trd, 258608.867, 138
Trd, 258608.900, 131
Trd, 258608.950, 112
Trd, 258609.067, 109
Trd, 258609.317, 134
Trd, 258609.517, 138
Trd, 258609.583, 139
Trd, 258610.083, 140
Trd, 258610.367, 140
Trd, 258610.417, 140
Trd, 258610.567, 89
Trd, 258610.600, 78
Trd, 258610.933, 64
Trd, 258611.400, 140
Trd, 258611.700, 140
Trd, 258612.800, 140
Trd, 258612.950, 140
Trd, 258613.117, 140
Trd, 258614.233, 140
Trd, 258614.300, 140
Trd, 258614.617, 140
Trd, 258615.067, 140
Trd, 258615.367, 140
Trd, 258615.400, 140
Trd, 258615.417, 140
Trd, 258615.650, 140
Trd, 258615.800, 140
Trd, 258616.133, 140
Trd, 258616.167, 140
Trd, 258616.617, 140
Trd, 258616.750, 140
Trd, 258616.783, 140
Trd, 258616.917, 140
Trd, 258617.067, 140
Trd, 258617.083, 140
Trd, 258617.917, 140
Trd, 258617.933, 140
Trd, 258618.300, 140
Trd, 258618.333, 140
Trd, 258618.783, 140
Trd, 258618.950, 139
Trd, 258619.100, 136
Trd, 258619.433, 136
Trd, 258620.533, 140
Trd, 258620.717, 140
Trd, 258620.983, 140
Trd, 258621.217, 140
Trd, 258621.233, 140
Trd, 258621.250, 140
Trd, 258621.750, 140
Trd, 258621.900, 139
Trd, 258622.017, 135
Trd, 258622.217, 140
Trd, 258622.483, 140
Trd, 258622.633, 140
Trd, 258622.650, 139
Trd, 258622.683, 140
Trd, 258623.200, 140
Trd, 258623.267, 140
Trd, 258623.367, 139
Trd, 258623.700, 138
Trd, 258623.717, 137
Trd, 258623.783, 134
Trd, 258624.033, 136
Trd, 258624.267, 137
Trd, 258624.500, 138
Trd, 258624.567, 128
Trd, 258624.683, 129
Trd, 258624.733, 139
Trd, 258624.817, 139
Trd, 258624.950, 132
Trd, 258625.083, 139
Trd, 258625.850, 129
Trd, 258625.883, 140
Trd, 258626.033, 128
Trd, 258626.500, 140
Trd, 258627.000, 140
Trd, 258627.383, 140
Trd, 258627.400, 139
Trd, 258627.600, 139
Trd, 258628.133, 140
Trd, 258628.200, 139
Trd, 258628.500, 140
Trd, 258628.750, 140
Trd, 258629.300, 140
Trd, 258629.333, 140
Trd, 258629.750, 138
Trd, 258629.900, 138
Trd, 258630.117, 137
Trd, 258630.200, 136
Trd, 258630.367, 135
Trd, 258630.633, 137
Trd, 258631.283, 135
Trd, 258631.700, 133
Trd, 258631.717, 129
Trd, 258631.750, 134
Trd, 258631.883, 136
Trd, 258631.950, 129
Trd, 258631.967, 128
Trd, 258631.983, 115
Trd, 258632.117, 96
Trd, 258632.217, 77
Trd, 258632.350, 124
Trd, 258632.850, 138
Trd, 258632.933, 139
Trd, 258633.050, 140
Trd, 258633.100, 130
Trd, 258633.383, 130
Trd, 258633.750, 140
Trd, 258634.300, 140
Trd, 258635.000, 139
Trd, 258635.350, 140
Trd, 258635.400, 140
Trd, 258636.250, 140
Trd, 258636.333, 140
Trd, 258636.483, 140
Trd, 258636.800, 140
Trd, 258637.033, 140
Trd, 258637.350, 140
Trd, 258637.567, 139
Trd, 258637.617, 139
Trd, 258637.717, 139
Trd, 258637.967, 140
Trd, 258638.000, 137
Trd, 258638.083, 134
Trd, 258638.433, 140
Trd, 258638.500, 140
Trd, 258638.717, 137
Trd, 258638.983, 139
Trd, 258639.183, 130
Trd, 258639.517, 140
Trd, 258639.917, 140
Trd, 258640.050, 140
Trd, 258640.083, 139
Trd, 258640.300, 138
Trd, 258640.633, 140
Trd, 258640.650, 139
Trd, 258640.833, 140
Trd, 258641.067, 131
Trd, 258641.217, 130
Trd, 258641.333, 129
Trd, 258641.733, 126
Trd, 258642.250, 116
Trd, 258642.317, 112
Trd, 258643.050, 140
Trd, 258643.217, 140
Trd, 258643.617, 140
Trd, 258643.950, 138
Trd, 258644.033, 138
Trd, 258644.133, 138
Trd, 258644.983, 140
Trd, 258645.167, 140
Trd, 258645.667, 140
Trd, 258645.767, 140
Trd, 258646.083, 140
Trd, 258646.133, 140
Trd, 258646.150, 140
Trd, 258646.250, 140
Trd, 258646.317, 140
Trd, 258646.550, 140
Trd, 258646.817, 140
Trd, 258646.867, 139
Trd, 258647.033, 140
Trd, 258647.183, 139
Trd, 258647.567, 140
Trd, 258647.617, 139
Trd, 258647.633, 137
Trd, 258647.800, 136
Trd, 258647.933, 136
Trd, 258647.967, 135
Trd, 258648.667, 126
Trd, 258648.833, 139
Trd, 258648.867, 125
Trd, 258649.217, 137
Trd, 258649.267, 139
Trd, 258649.533, 140
Trd, 258649.567, 140
Trd, 258649.733, 140
Trd, 258650.050, 140
Trd, 258650.217, 140
Trd, 258650.650, 140
Trd, 258650.717, 140
Trd, 258651.050, 138
Trd, 258652.233, 140
Trd, 258652.267, 140
Trd, 258652.600, 140
Trd, 258653.317, 140
Trd, 258653.350, 140
Trd, 258653.433, 140
Trd, 258653.800, 140
Trd, 258654.217, 140
Trd, 258654.950, 140
Trd, 258655.267, 140
Trd, 258656.117, 140
Trd, 258656.233, 140
Trd, 258656.600, 140
Trd, 258656.683, 140
Trd, 258656.700, 140
Trd, 258656.800, 140
Trd, 258656.867, 140
Trd, 258656.983, 140
Trd, 258657.300, 140
Trd, 258657.317, 140
Trd, 258657.500, 136
Trd, 258657.733, 139
Trd, 258657.833, 133
Trd, 258658.517, 140
Trd, 258658.583, 140
Trd, 258658.717, 140
Trd, 258659.067, 140
Trd, 258659.217, 140
Trd, 258659.250, 140
Trd, 258659.283, 140
Trd, 258659.717, 140
Trd, 258659.783, 140
Trd, 258659.900, 140
Trd, 258660.050, 137
Trd, 258660.083, 137
Trd, 258660.367, 139
Trd, 258660.617, 140
Trd, 258660.817, 139
Trd, 258660.867, 138
Trd, 258661.467, 138
Trd, 258661.517, 140
Trd, 258661.950, 137
Trd, 258662.167, 140
Trd, 258662.317, 136
Trd, 258662.450, 135
Trd, 258662.567, 133
Trd, 258663.083, 139
Trd, 258663.450, 140
Trd, 258664.417, 140
Trd, 258664.533, 139
Trd, 258664.850, 140
Trd, 258664.917, 139
Trd, 258665.267, 139
Trd, 258665.333, 138
Trd, 258665.700, 140
Trd, 258666.050, 140
Trd, 258666.317, 140
Trd, 258667.117, 140
Trd, 258667.300, 140
Trd, 258667.333, 140
Trd, 258667.517, 140
Trd, 258667.700, 140
Trd, 258667.783, 140
Trd, 258668.200, 140
Trd, 258668.283, 140
Trd, 258668.400, 140
Trd, 258668.567, 140
Trd, 258668.783, 140
Trd, 258668.817, 140
Trd, 258668.883, 140
Trd, 258669.217, 138
Trd, 258669.283, 138
Trd, 258669.483, 140
Trd, 258669.683, 131
Trd, 258670.017, 120
Trd, 258670.050, 110
Trd, 258670.533, 140
Trd, 258670.783, 139
Trd, 258671.017, 115
Trd, 258671.383, 128
Trd, 258671.833, 140
Trd, 258672.250, 138
Trd, 258672.433, 139
Trd, 258672.683, 139
Trd, 258673.150, 138
Trd, 258673.183, 139
Trd, 258673.233, 138
Trd, 258673.433, 139
Trd, 258673.567, 139
Trd, 258673.583, 138
Trd, 258673.817, 134
Trd, 258673.867, 134
Trd, 258673.883, 126
Trd, 258673.967, 136
Trd, 258674.150, 140
Trd, 258674.283, 136
Trd, 258674.433, 140
Trd, 258674.933, 140
Trd, 258675.183, 140
Trd, 258675.600, 140
Trd, 258675.883, 140
Trd, 258676.133, 140
Trd, 258676.667, 140
Trd, 258676.683, 140
Trd, 258677.200, 140
Trd, 258677.767, 140
Trd, 258678.117, 140
Trd, 258678.233, 140
Trd, 258678.567, 140
Trd, 258678.667, 140
Trd, 258678.767, 138
Trd, 258679.167, 140
Trd, 258679.617, 140
Trd, 258679.933, 140
Trd, 258680.150, 140
Trd, 258680.183, 140
Trd, 258680.250, 139
Trd, 258680.300, 139
Trd, 258680.350, 138
Trd, 258680.517, 137
Trd, 258680.567, 134
Trd, 258681.083, 133
Trd, 258681.350, 133
Trd, 258681.917, 131
Trd, 258682.383, 133
Trd, 258682.450, 130
Trd, 258682.750, 138
Trd, 258683.117, 140
Trd, 258683.600, 140
Trd, 258683.617, 140
Trd, 258683.883, 140
Trd, 258683.983, 140
Trd, 258684.400, 140
Trd, 258684.417, 139
Trd, 258684.500, 140
Trd, 258684.617, 139
Trd, 258684.917, 140
Trd, 258685.283, 140
Trd, 258685.567, 140
Trd, 258685.667, 140
Trd, 258685.917, 139
Trd, 258686.000, 138
Trd, 258686.633, 135
Trd, 258687.917, 140
Trd, 258688.567, 140
Trd, 258688.917, 140
Trd, 258689.367, 140
Trd, 258689.650, 140
Trd, 258690.000, 140
Trd, 258690.033, 140
Trd, 258690.450, 140
Trd, 258690.600, 140
Trd, 258690.650, 140
Trd, 258690.767, 140
Trd, 258690.817, 140
Trd, 258690.850, 140
Trd, 258690.933, 140
Trd, 258691.017, 140
Trd, 258691.233, 140
Trd, 258691.250, 137
Trd, 258691.400, 137
Trd, 258691.450, 125
Trd, 258691.617, 121
Trd, 258691.950, 135
Trd, 258692.633, 140
Trd, 258692.733, 140
Trd, 258692.783, 140
Trd, 258693.317, 140
Trd, 258693.433, 140
Trd, 258693.567, 140
Trd, 258693.767, 138
Trd, 258693.867, 140
Trd, 258694.100, 112
Trd, 258694.167, 109
Trd, 258694.250, 140
Trd, 258694.833, 131
Trd, 258695.183, 139
Trd, 258695.467, 139
Trd, 258695.967, 140
Trd, 258696.050, 139
Trd, 258696.200, 138
Trd, 258696.283, 135
Trd, 258696.533, 137
Trd, 258697.200, 140
Trd, 258697.217, 140
Trd, 258697.233, 140
Trd, 258697.267, 140
Trd, 258697.383, 140
Trd, 258697.717, 140
Trd, 258698.117, 140
Trd, 258698.317, 138
Trd, 258698.450, 139
Trd, 258698.467, 138
Trd, 258699.417, 140
Trd, 258699.600, 140
Trd, 258700.200, 140
Trd, 258700.217, 140
Trd, 258700.300, 140
Trd, 258700.317, 140
Trd, 258700.567, 140
Trd, 258700.767, 140
Trd, 258701.167, 139
Trd, 258701.517, 140
Trd, 258701.750, 140
Trd, 258701.800, 140
Trd, 258702.050, 140
Trd, 258702.467, 140
Trd, 258702.617, 140
Trd, 258702.900, 140
Trd, 258703.017, 140
Trd, 258703.200, 140
Trd, 258703.283, 139
Trd, 258703.417, 140
Trd, 258704.050, 140
Trd, 258704.200, 140
Trd, 258704.750, 140
Trd, 258704.767, 140
Trd, 258705.017, 140
Trd, 258705.667, 140
Trd, 258705.750, 140
Trd, 258705.833, 140
Trd, 258705.883, 140
Trd, 258705.900, 140
Trd, 258705.967, 139
Trd, 258706.167, 140
Trd, 258706.317, 140
Trd, 258706.500, 138
Trd, 258706.850, 140
Trd, 258706.883, 140
Trd, 258707.233, 140
Trd, 258707.950, 140
Trd, 258708.083, 140
Trd, 258708.217, 140
Trd, 258708.467, 140
Trd, 258708.517, 140
Trd, 258708.583, 140
Trd, 258708.683, 140
Trd, 258708.733, 139
Trd, 258708.850, 140
Trd, 258708.967, 137
Trd, 258709.317, 136
Trd, 258709.567, 132
Trd, 258709.917, 131
Trd, 258710.050, 137
Trd, 258710.733, 140
Trd, 258710.983, 120
Trd, 258711.150, 140
Trd, 258711.650, 140
Trd, 258711.917, 140
Trd, 258712.117, 140
Trd, 258712.283, 140
Trd, 258712.433, 140
Trd, 258712.900, 140
Trd, 258712.950, 140
Trd, 258713.133, 140
Trd, 258713.783, 140
Trd, 258713.900, 140
Trd, 258714.083, 140
Trd, 258714.550, 140
Trd, 258715.083, 140
Trd, 258715.167, 140
Trd, 258715.617, 140
Trd, 258716.117, 140
Trd, 258716.217, 140
Trd, 258716.233, 140
Trd, 258716.433, 140
Trd, 258716.967, 140
Trd, 258717.033, 140
Trd, 258717.067, 140
Trd, 258717.150, 140
Trd, 258717.300, 140
Trd, 258717.367, 139
Trd, 258717.383, 139
Trd, 258717.417, 138
Trd, 258717.550, 138
Trd, 258717.633, 138
Trd, 258717.683, 137
Trd, 258717.883, 140
Trd, 258717.967, 137
Trd, 258718.200, 139
Trd, 258718.283, 138
Trd, 258718.817, 138
Trd, 258718.833, 134
Trd, 258718.933, 139
Trd, 258719.033, 129
Trd, 258719.217, 140
Trd, 258719.250, 132
Trd, 258719.467, 139
Trd, 258719.967, 104
Trd, 258720.300, 139
Trd, 258720.433, 138
Trd, 258721.117, 140
Trd, 258721.600, 140
Trd, 258721.617, 140
Trd, 258721.900, 140
Trd, 258722.033, 140
Trd, 258722.300, 140
Trd, 258722.833, 140
Trd, 258723.283, 140
Trd, 258723.367, 140
Trd, 258723.450, 140
Trd, 258723.550, 140
Trd, 258723.583, 140
Trd, 258723.867, 140
Trd, 258724.033, 140
Trd, 258724.050, 140
Trd, 258724.167, 140
Trd, 258724.250, 139
Trd, 258724.433, 138
Trd, 258724.483, 137
Trd, 258724.500, 135
Trd, 258724.733, 132
Trd, 258725.033, 138
Trd, 258725.217, 137
Trd, 258725.650, 134
Trd, 258725.850, 113
Trd, 258725.883, 89
Trd, 258726.150, 137
Trd, 258726.400, 135
Trd, 258726.633, 137
Trd, 258726.667, 97
Trd, 258727.083, 137
Trd, 258727.183, 138
Trd, 258727.700, 139
Trd, 258727.783, 139
Trd, 258728.117, 138
Trd, 258728.750, 140
Trd, 258729.417, 140
Trd, 258729.800, 140
Trd, 258729.850, 140
Trd, 258730.150, 140
Trd, 258730.167, 140
Trd, 258730.217, 140
Trd, 258730.333, 140
Trd, 258730.600, 140
Trd, 258730.650, 140
Trd, 258730.683, 140
Trd, 258731.200, 140
Trd, 258731.417, 140
Trd, 258731.483, 140
Trd, 258731.917, 140
Trd, 258732.483, 140
Trd, 258732.517, 140
Trd, 258732.567, 140
Trd, 258732.667, 140
Trd, 258733.217, 140
Trd, 258733.433, 140
Trd, 258733.567, 140
Trd, 258733.617, 139
Trd, 258733.900, 136
Trd, 258734.217, 138
Trd, 258734.783, 140
Trd, 258735.467, 140
Trd, 258735.667, 140
Trd, 258735.767, 139
Trd, 258735.833, 140
Trd, 258735.967, 120
Trd, 258736.033, 138
Trd, 258736.133, 114
Trd, 258736.217, 136
Trd, 258736.600, 124
Trd, 258736.800, 97
Trd, 258737.133, 139
Trd, 258737.683, 140
Trd, 258737.783, 140
Trd, 258737.850, 140
Trd, 258738.017, 140
Trd, 258738.200, 138
Trd, 258738.867, 140
Trd, 258738.950, 138
Trd, 258739.150, 140
Trd, 258739.383, 95
Trd, 258739.617, 119
Trd, 258740.033, 122
Trd, 258740.633, 140
Trd, 258740.733, 140
Trd, 258741.100, 140
Trd, 258741.300, 140
Trd, 258741.350, 140
Trd, 258741.450, 127
Trd, 258741.967, 126
Trd, 258741.983, 139
Trd, 258742.100, 140
Trd, 258742.183, 136
Trd, 258742.867, 140
Trd, 258743.283, 140
Trd, 258743.667, 140
Trd, 258743.700, 140
Trd, 258743.850, 140
Trd, 258744.033, 140
Trd, 258744.083, 139
Trd, 258744.633, 140
Trd, 258744.667, 138
Trd, 258744.717, 137
Trd, 258744.800, 140
Trd, 258745.167, 140
Trd, 258745.250, 139
Trd, 258745.317, 139
Trd, 258745.450, 137
Trd, 258745.600, 138
Trd, 258745.700, 119
Trd, 258746.317, 137
Trd, 258746.333, 134
Trd, 258746.367, 139
Trd, 258746.733, 139
Trd, 258746.800, 129
Trd, 258746.817, 128
Trd, 258746.883, 127
Trd, 258747.017, 138
Trd, 258747.133, 138
Trd, 258747.217, 137
Trd, 258747.283, 133
Trd, 258747.367, 127
Trd, 258748.100, 138
Trd, 258748.250, 137
Trd, 258748.300, 138
Trd, 258748.567, 140
Trd, 258748.767, 138
Trd, 258749.100, 140
Trd, 258750.133, 140
Trd, 258750.300, 140
Trd, 258750.350, 140
Trd, 258750.400, 140
Trd, 258750.500, 140
Trd, 258750.867, 140
Trd, 258750.883, 140
Trd, 258751.267, 140
Trd, 258751.700, 140
Trd, 258751.817, 140
Trd, 258752.033, 140
Trd, 258752.467, 140
Trd, 258752.500, 138
Trd, 258752.850, 140
Trd, 258753.450, 140
Trd, 258753.867, 140
Trd, 258754.017, 140
Trd, 258754.133, 140
Trd, 258754.150, 139
Trd, 258754.167, 138
Trd, 258754.283, 137
Trd, 258754.517, 138
Trd, 258754.533, 139
Trd, 258755.000, 137
Trd, 258755.183, 136
Trd, 258755.283, 132
Trd, 258755.467, 138
Trd, 258755.600, 139
Trd, 258755.717, 138
Trd, 258755.800, 140
Trd, 258755.833, 140
Trd, 258756.017, 139
Trd, 258756.150, 139
Trd, 258756.850, 140
Trd, 258756.917, 139
Trd, 258757.333, 139
Trd, 258757.383, 138
Trd, 258757.450, 121
Trd, 258758.050, 118
Trd, 258758.333, 139
Trd, 258758.700, 135
Trd, 258759.050, 131
Trd, 258759.133, 120
Trd, 258759.217, 117
Trd, 258759.250, 137
Trd, 258759.683, 60
Trd, 258759.783, 61
Trd, 258759.800, 88
Trd, 258760.417, 65
Trd, 258760.517, 66
Trd, 258760.617, 139
Trd, 258761.133, 67
Trd, 258761.300, 76
Trd, 258761.350, 77
Trd, 258761.567, 133
Trd, 258762.033, 96
Trd, 258762.200, 137
Trd, 258762.900, 140
Trd, 258762.950, 140
Trd, 258763.000, 140
Trd, 258763.050, 140
Trd, 258763.217, 140
Trd, 258763.600, 140
Trd, 258763.900, 140
Trd, 258764.083, 140
Trd, 258764.150, 140
Trd, 258764.200, 140
Trd, 258764.217, 140
Trd, 258764.550, 123
Trd, 258764.583, 116
Trd, 258764.633, 139
Trd, 258764.967, 136
Trd, 258765.433, 104
Trd, 258765.500, 124
Trd, 258765.600, 102
Trd, 258765.833, 106
Trd, 258766.000, 65
Trd, 258766.183, 130
Trd, 258766.550, 114
Trd, 258766.600, 113
Trd, 258766.733, 112
Trd, 258767.317, 133
Trd, 258767.400, 134
Trd, 258767.417, 125
Trd, 258767.567, 140
Trd, 258767.983, 140
Trd, 258768.083, 140
Trd, 258768.683, 140
Trd, 258769.333, 140
Trd, 258769.400, 140
Trd, 258770.000, 140
Trd, 258770.250, 140
Trd, 258770.350, 140
Trd, 258770.467, 140
Trd, 258770.800, 140
Trd, 258770.817, 140
Trd, 258771.133, 139
Trd, 258771.250, 139
Trd, 258771.433, 138
Trd, 258771.617, 134
Trd, 258771.767, 127
Trd, 258771.883, 119
Trd, 258771.983, 137
Trd, 258772.550, 106
Trd, 258772.583, 137
Trd, 258772.667, 105
Trd, 258772.683, 105
Trd, 258772.717, 102
Trd, 258773.333, 137
Trd, 258773.400, 138
Trd, 258773.750, 139
Trd, 258773.867, 111
Trd, 258773.900, 111
Trd, 258774.183, 140
Trd, 258774.433, 140
Trd, 258774.517, 140
Trd, 258774.750, 140
Trd, 258774.900, 140
Trd, 258775.500, 140
Trd, 258775.583, 140
Trd, 258775.917, 140
Trd, 258776.000, 140
Trd, 258776.067, 129
Trd, 258776.200, 116
Trd, 258776.800, 139
Trd, 258776.933, 140
Trd, 258777.617, 131
Trd, 258777.933, 116
Trd, 258777.950, 115
Trd, 258778.333, 140
Trd, 258778.350, 138
Trd, 258778.883, 109
Trd, 258779.350, 84
Trd, 258779.667, 127
Trd, 258779.833, 127
Trd, 258780.317, 117
Trd, 258780.467, 125
Trd, 258780.667, 118
Trd, 258780.700, 125
Trd, 258780.983, 121
Trd, 258781.033, 102
Trd, 258781.067, 122
Trd, 258781.200, 126
Trd, 258781.333, 140
Trd, 258781.633, 140
Trd, 258781.683, 140
Trd, 258782.133, 140
Trd, 258782.467, 140
Trd, 258782.767, 140
Trd, 258782.967, 140
Trd, 258783.750, 140
Trd, 258784.033, 140
Trd, 258784.083, 140
Trd, 258784.300, 140
Trd, 258784.683, 140
Trd, 258784.933, 140
Trd, 258785.150, 140
Trd, 258785.167, 140
Trd, 258785.800, 140
Trd, 258786.067, 140
Trd, 258786.233, 140
Trd, 258786.267, 140
Trd, 258786.283, 139
Trd, 258787.100, 140
Trd, 258787.367, 140
Trd, 258787.517, 140
Trd, 258787.617, 139
Trd, 258788.350, 140
Trd, 258788.517, 140
Trd, 258788.600, 140
Trd, 258788.667, 140
Trd, 258788.750, 140
Trd, 258788.833, 140
Trd, 258789.183, 140
Trd, 258789.350, 140
Trd, 258789.467, 139
Trd, 258789.583, 136
Trd, 258790.117, 140
Trd, 258791.567, 140
Trd, 258791.783, 140
Trd, 258792.067, 140
Trd, 258792.150, 140
Trd, 258792.233, 140
Trd, 258792.467, 140
Trd, 258792.700, 140
Trd, 258792.733, 140
Trd, 258792.750, 140
Trd, 258792.867, 140
Trd, 258793.067, 139
Trd, 258793.317, 139
Trd, 258793.400, 139
Trd, 258793.483, 138
Trd, 258793.633, 138
Trd, 258793.900, 130
Trd, 258794.133, 139
Trd, 258794.200, 119
Trd, 258794.250, 117
Trd, 258794.583, 140
Trd, 258794.683, 132
Trd, 258795.433, 140
Trd, 258795.633, 140
Trd, 258795.867, 140
Trd, 258795.950, 140
Trd, 258796.233, 139
Trd, 258796.700, 140
Trd, 258796.917, 140
Trd, 258797.267, 140
Trd, 258797.683, 139
Trd, 258797.800, 140
Trd, 258797.917, 137
Trd, 258798.117, 138
Trd, 258798.567, 139
Trd, 258798.717, 138
Trd, 258798.733, 137
Trd, 258799.083, 139
Trd, 258799.200, 139
Trd, 258799.233, 138
Trd, 258799.283, 138
Trd, 258799.317, 133
Trd, 258799.883, 135
Trd, 258799.950, 133
Trd, 258800.817, 140
Trd, 258801.150, 140
Trd, 258801.250, 140
Trd, 258801.583, 140
Trd, 258801.833, 140
Trd, 258801.850, 140
Trd, 258802.200, 140
Trd, 258802.283, 140
Trd, 258802.567, 140
Trd, 258802.917, 140
Trd, 258803.067, 138
Trd, 258803.183, 140
Trd, 258803.317, 126
Trd, 258803.400, 140
Trd, 258803.667, 127
Trd, 258803.783, 126
Trd, 258804.100, 138
Trd, 258804.333, 139
Trd, 258804.733, 140
Trd, 258804.950, 122
Trd, 258804.967, 121
Trd, 258805.450, 139
Trd, 258805.517, 138
Trd, 258805.733, 140
Trd, 258806.250, 138
Trd, 258806.450, 133
Trd, 258806.533, 134
Trd, 258806.717, 126
Trd, 258806.867, 111
Trd, 258806.933, 104
Trd, 258807.083, 140
Trd, 258807.533, 124
Trd, 258807.717, 140
Trd, 258807.783, 126
Trd, 258808.233, 140
Trd, 258808.367, 140
Trd, 258808.583, 139
Trd, 258808.850, 140
Trd, 258809.250, 140
Trd, 258809.367, 140
Trd, 258809.617, 140
Trd, 258809.717, 140
Trd, 258809.967, 140
Trd, 258810.033, 140
Trd, 258810.050, 139
Trd, 258810.267, 140
Trd, 258810.283, 135
Trd, 258810.550, 140
Trd, 258810.667, 129
Trd, 258811.317, 140
Trd, 258811.433, 140
Trd, 258811.767, 140
Trd, 258812.583, 140
Trd, 258812.700, 140
Trd, 258813.500, 140
Trd, 258813.683, 140
Trd, 258814.050, 140
Trd, 258814.083, 140
Trd, 258814.200, 140
Trd, 258814.783, 140
Trd, 258814.917, 139
Trd, 258814.950, 137
Trd, 258815.150, 139
Trd, 258815.300, 134
Trd, 258815.367, 138
Trd, 258815.633, 140
Trd, 258815.900, 140
Trd, 258816.167, 139
Trd, 258816.417, 140
Trd, 258816.817, 140
Trd, 258816.967, 140
Trd, 258817.067, 140
Trd, 258817.100, 139
Trd, 258817.400, 140
Trd, 258817.567, 140
Trd, 258817.700, 125
Trd, 258818.033, 119
Trd, 258818.167, 133
Trd, 258818.267, 94
Trd, 258818.550, 129
Trd, 258818.583, 138
Trd, 258818.767, 133
Trd, 258818.917, 107
Trd, 258819.100, 126
Trd, 258819.250, 140
Trd, 258819.650, 109
Trd, 258819.850, 107
Trd, 258820.283, 140
Trd, 258820.567, 140
Trd, 258821.300, 140
Trd, 258821.467, 140
Trd, 258821.533, 140
Trd, 258822.183, 140
Trd, 258822.433, 140
Trd, 258822.850, 140
Trd, 258822.867, 140
Trd, 258822.933, 140
Trd, 258823.083, 140
Trd, 258823.367, 140
Trd, 258823.567, 140
Trd, 258824.050, 140
Trd, 258824.233, 140
Trd, 258824.583, 140
Trd, 258824.867, 140
Trd, 258825.400, 140
Trd, 258825.433, 140
Trd, 258825.583, 140
Trd, 258825.633, 139
Trd, 258825.750, 140
Trd, 258825.800, 139
Trd, 258826.017, 138
Trd, 258826.417, 140
Trd, 258826.933, 140
Trd, 258827.350, 139
Trd, 258827.383, 137
Trd, 258827.600, 137
Trd, 258827.783, 136
Trd, 258827.867, 137
Trd, 258827.950, 140
Trd, 258828.033, 133
Trd, 258828.167, 135
Trd, 258828.300, 140
Trd, 258828.500, 139
Trd, 258829.133, 140
Trd, 258829.200, 140
Trd, 258829.300, 140
Trd, 258830.050, 140
Trd, 258830.167, 140
Trd, 258830.200, 140
Trd, 258830.883, 140
Trd, 258831.050, 140
Trd, 258831.150, 140
Trd, 258831.333, 140
Trd, 258831.367, 140
Trd, 258832.400, 140
Trd, 258832.717, 140
Trd, 258832.800, 140
Trd, 258832.917, 140
Trd, 258832.983, 140
Trd, 258833.017, 140
Trd, 258833.067, 139
Trd, 258833.283, 139
Trd, 258833.417, 139
Trd, 258833.650, 126
Trd, 258834.050, 137
Trd, 258834.233, 130
Trd, 258834.283, 133
Trd, 258834.417, 140
Trd, 258834.517, 130
Trd, 258835.000, 135
Trd, 258835.400, 139
Trd, 258835.433, 127
Trd, 258835.600, 140
Trd, 258836.283, 137
Trd, 258836.317, 136
Trd, 258836.933, 140
Trd, 258837.067, 139
Trd, 258837.117, 138
Trd, 258837.150, 131
Trd, 258837.350, 126
Trd, 258837.450, 139
Trd, 258837.700, 117
Trd, 258837.750, 116
Trd, 258837.850, 135
Trd, 258838.333, 112
Trd, 258838.467, 139
Trd, 258838.933, 137
Trd, 258839.067, 136
Trd, 258839.150, 136
Trd, 258839.367, 136
Trd, 258839.483, 138
Trd, 258839.500, 139
Trd, 258839.583, 129
Trd, 258840.200, 140
Trd, 258840.250, 140
Trd, 258840.667, 140
Trd, 258841.400, 140
Trd, 258841.467, 140
Trd, 258841.633, 140
Trd, 258842.000, 140
Trd, 258842.050, 140
Trd, 258842.250, 140
Trd, 258842.283, 140
Trd, 258843.317, 140
Trd, 258843.333, 140
Trd, 258843.383, 140
Trd, 258843.533, 140
Trd, 258843.667, 139
Trd, 258843.867, 139
Trd, 258844.100, 138
Trd, 258844.133, 135
Trd, 258844.167, 139
Trd, 258844.433, 139
Trd, 258844.683, 140
Trd, 258844.700, 131
Trd, 258844.733, 130
Trd, 258845.367, 140
Trd, 258845.533, 140
Trd, 258845.650, 140
Trd, 258845.683, 140
Trd, 258845.750, 140
Trd, 258845.983, 132
Trd, 258846.750, 137
Trd, 258846.817, 132
Trd, 258848.300, 140
Trd, 258848.433, 139
Trd, 258848.533, 138
Trd, 258848.717, 132
Trd, 258848.750, 138
Trd, 258848.783, 130
Trd, 258848.867, 139
Trd, 258849.017, 134
Trd, 258849.150, 135
Trd, 258849.483, 140
Trd, 258849.967, 140
Trd, 258850.017, 140
Trd, 258850.033, 140
Trd, 258850.067, 140
Trd, 258850.283, 140
Trd, 258850.450, 140
Trd, 258850.483, 137
Trd, 258850.717, 136
Trd, 258851.167, 139
Trd, 258851.517, 116
Trd, 258851.533, 137
Trd, 258851.733, 140
Trd, 258852.350, 140
Trd, 258853.250, 140
Trd, 258853.683, 140
Trd, 258853.750, 140
Trd, 258853.850, 140
Trd, 258854.200, 140
Trd, 258854.550, 140
Trd, 258854.617, 140
Trd, 258854.833, 140
Trd, 258855.617, 140
Trd, 258856.183, 140
Trd, 258856.200, 140
Trd, 258856.300, 140
Trd, 258856.700, 140
Trd, 258856.783, 140
Trd, 258856.950, 140
Trd, 258857.533, 140
Trd, 258857.783, 140
Trd, 258857.817, 140
Trd, 258857.950, 140
Trd, 258858.100, 140
Trd, 258858.167, 140
Trd, 258858.283, 140
Trd, 258858.317, 140
Trd, 258858.467, 140
Trd, 258858.717, 139
Trd, 258858.783, 139
Trd, 258858.867, 140
Trd, 258858.883, 138
Trd, 258858.900, 138
Trd, 258859.267, 120
Trd, 258859.767, 137
Trd, 258859.867, 138
Trd, 258860.483, 138
Trd, 258860.633, 139
Trd, 258860.750, 138
Trd, 258860.900, 140
Trd, 258860.950, 140
Trd, 258861.133, 112
Trd, 258861.200, 122
Trd, 258861.400, 113
Trd, 258861.500, 111
Trd, 258861.867, 108
Trd, 258861.967, 105
Trd, 258861.983, 95
Trd, 258862.100, 140
Trd, 258862.167, 129
Trd, 258862.333, 110
Trd, 258862.850, 140
Trd, 258862.867, 140
Trd, 258863.267, 140
Trd, 258863.767, 140
Trd, 258864.150, 140
Trd, 258864.317, 139
Trd, 258864.833, 140
Trd, 258865.767, 140
Trd, 258866.067, 140
Trd, 258867.150, 140
Trd, 258867.200, 140
Trd, 258867.300, 140
Trd, 258867.367, 140
Trd, 258867.533, 140
Trd, 258867.667, 140
Trd, 258867.800, 140
Trd, 258867.917, 140
Trd, 258868.050, 140
Trd, 258868.450, 140
Trd, 258868.517, 139
Trd, 258868.583, 139
Trd, 258868.683, 140
Trd, 258868.800, 139
Trd, 258869.150, 139
Trd, 258869.367, 138
Trd, 258869.500, 138
Trd, 258869.517, 137
Trd, 258869.683, 140
Trd, 258869.700, 126
Trd, 258869.833, 140
Trd, 258869.867, 140
Trd, 258870.183, 140
Trd, 258870.300, 139
Trd, 258870.867, 140
Trd, 258870.900, 140
Trd, 258871.200, 140
Trd, 258872.117, 140
Trd, 258872.283, 140
Trd, 258872.550, 140
Trd, 258872.583, 139
Trd, 258872.967, 140
Trd, 258872.983, 137
Trd, 258873.083, 134
Trd, 258873.133, 124
Trd, 258873.433, 118
Trd, 258873.483, 140
Trd, 258873.717, 139
Trd, 258873.900, 139
Trd, 258873.917, 138
Trd, 258874.333, 139
Trd, 258874.633, 140
Trd, 258875.050, 138
Trd, 258875.517, 140
Trd, 258875.550, 140
Trd, 258875.983, 136
Trd, 258876.083, 138
Trd, 258876.150, 137
Trd, 258876.183, 132
Trd, 258876.200, 106
Trd, 258876.267, 102
Trd, 258876.333, 102
Trd, 258876.383, 137
Trd, 258876.583, 122
Trd, 258876.683, 140
Trd, 258876.850, 131
Trd, 258877.233, 140
Trd, 258877.500, 140
Trd, 258877.667, 117
Trd, 258878.050, 140
Trd, 258878.533, 106
Trd, 258878.667, 105
Trd, 258878.917, 107
Trd, 258879.250, 140
Trd, 258879.483, 140
Trd, 258879.517, 140
Trd, 258879.700, 140
Trd, 258879.883, 140
Trd, 258880.083, 120
Trd, 258880.867, 139
Trd, 258881.050, 137
Trd, 258881.350, 132
Trd, 258881.550, 140
Trd, 258882.167, 140
Trd, 258882.233, 140
Trd, 258882.450, 140
Trd, 258882.500, 140
Trd, 258882.517, 130
Trd, 258882.617, 140
Trd, 258882.667, 126
Trd, 258883.383, 140
Trd, 258883.500, 140
Trd, 258884.083, 140
Trd, 258884.283, 140
Trd, 258885.017, 140
Trd, 258885.550, 140
Trd, 258885.633, 140
Trd, 258886.133, 140
Trd, 258886.167, 139
Trd, 258886.250, 140
Trd, 258886.300, 140
Trd, 258886.317, 139
Trd, 258886.450, 140
Trd, 258887.000, 140
Trd, 258887.383, 140
Trd, 258887.400, 140
Trd, 258887.833, 140
Trd, 258888.600, 140
Trd, 258888.650, 140
Trd, 258888.900, 140
Trd, 258889.217, 140
Trd, 258889.583, 140
Trd, 258889.683, 140
Trd, 258890.133, 140
Trd, 258890.517, 140
Trd, 258890.733, 140
Trd, 258891.183, 140
Trd, 258891.217, 140
Trd, 258891.817, 140
Trd, 258891.900, 140
Trd, 258893.167, 140
Trd, 258893.200, 140
Trd, 258893.417, 140
Trd, 258893.550, 140
Trd, 258893.600, 140
Trd, 258893.700, 140
Trd, 258893.717, 140
Trd, 258893.850, 139
Trd, 258893.883, 139
Trd, 258893.917, 138
Trd, 258894.117, 139
Trd, 258894.217, 139
Trd, 258894.367, 137
Trd, 258894.667, 138
Trd, 258894.800, 135
Trd, 258894.917, 135
Trd, 258895.300, 132
Trd, 258895.450, 136
Trd, 258895.617, 137
Trd, 258895.700, 136
Trd, 258895.733, 131
Trd, 258896.033, 137
Trd, 258896.150, 115
Trd, 258896.567, 137
Trd, 258896.917, 140
Trd, 258897.133, 140
Trd, 258897.350, 140
Trd, 258898.033, 140
Trd, 258898.050, 140
Trd, 258898.333, 140
Trd, 258898.700, 139
Trd, 258898.883, 139
Trd, 258899.483, 135
Trd, 258899.633, 136
Trd, 258899.700, 136
Trd, 258899.733, 135
Trd, 258899.750, 137
Trd, 258899.800, 134
Trd, 258899.817, 133
Trd, 258899.983, 113
Trd, 258900.100, 117
Trd, 258900.167, 138
Trd, 258900.183, 125
Trd, 258900.533, 140
Trd, 258901.367, 140
Trd, 258901.517, 140
Trd, 258901.767, 140
Trd, 258901.933, 140
Trd, 258902.167, 140
Trd, 258902.683, 140
Trd, 258902.767, 140
Trd, 258902.883, 140
Trd, 258903.000, 140
Trd, 258903.100, 140
Trd, 258903.317, 140
Trd, 258903.667, 101
Trd, 258903.967, 137
Trd, 258904.100, 110
Trd, 258904.117, 103
Trd, 258904.183, 103
Trd, 258904.217, 111
Trd, 258904.400, 102
Trd, 258904.583, 101
Trd, 258904.650, 61
Trd, 258905.550, 135
Trd, 258906.133, 129
Trd, 258906.617, 140
Trd, 258907.233, 140
Trd, 258907.350, 140
Trd, 258907.383, 140
Trd, 258907.867, 139
Trd, 258908.217, 140
Trd, 258908.250, 140
Trd, 258908.367, 140
Trd, 258908.617, 140
Trd, 258908.717, 139
Trd, 258908.783, 140
Trd, 258908.950, 140
Trd, 258909.133, 140
Trd, 258909.217, 139
Trd, 258909.250, 139
Trd, 258909.683, 140
Trd, 258909.950, 138
Trd, 258909.983, 130
Trd, 258910.150, 139
Trd, 258910.167, 122
Trd, 258910.683, 139
Trd, 258910.817, 140
Trd, 258911.067, 140
Trd, 258911.133, 139
Trd, 258911.417, 126
Trd, 258911.617, 139
Trd, 258911.783, 123
Trd, 258912.067, 140
Trd, 258912.450, 123
Trd, 258912.533, 122
Trd, 258912.633, 119
Trd, 258912.717, 118
Trd, 258912.983, 134
Trd, 258913.150, 140
Trd, 258913.167, 138
Trd, 258913.200, 123
Trd, 258913.333, 94
Trd, 258913.367, 131
Trd, 258914.033, 140
Trd, 258914.117, 140
Trd, 258914.483, 140
Trd, 258914.967, 140
Trd, 258915.750, 140
Trd, 258916.133, 140
Trd, 258916.150, 140
Trd, 258916.267, 140
Trd, 258916.600, 140
Trd, 258917.050, 140
Trd, 258917.950, 140
Trd, 258917.967, 140
Trd, 258918.133, 140
Trd, 258918.500, 140
Trd, 258918.533, 140
Trd, 258918.617, 140
Trd, 258918.650, 140
Trd, 258918.717, 140
Trd, 258918.750, 140
Trd, 258919.033, 138
Trd, 258919.167, 136
Trd, 258919.233, 107
Trd, 258919.517, 139
Trd, 258919.533, 138
Trd, 258920.300, 140
Trd, 258920.333, 140
Trd, 258920.667, 140
Trd, 258920.767, 139
Trd, 258920.800, 139
Trd, 258921.000, 139
Trd, 258921.050, 139
Trd, 258921.817, 140
Trd, 258921.867, 140
Trd, 258921.917, 139
Trd, 258921.950, 139
Trd, 258922.300, 131
Trd, 258922.583, 133
Trd, 258922.817, 136
Trd, 258923.050, 135
Trd, 258923.217, 137
Trd, 258923.750, 140
Trd, 258923.950, 140
Trd, 258924.467, 140
Trd, 258924.600, 140
Trd, 258924.683, 140
Trd, 258924.983, 140
Trd, 258925.283, 140
Trd, 258925.483, 139
Trd, 258925.500, 138
Trd, 258925.650, 136
Trd, 258925.850, 130
Trd, 258926.100, 125
Trd, 258926.117, 108
Trd, 258926.917, 120
Trd, 258927.267, 133
Trd, 258927.917, 140
Trd, 258929.283, 140
Trd, 258929.617, 140
Trd, 258929.817, 140
Trd, 258929.850, 140
Trd, 258929.883, 140
Trd, 258929.983, 140
Trd, 258930.167, 140
Trd, 258930.200, 140
Trd, 258930.233, 140
Trd, 258930.317, 140
Trd, 258930.367, 140
Trd, 258930.400, 140
Trd, 258930.450, 140
Trd, 258931.233, 140
Trd, 258931.467, 140
Trd, 258931.717, 140
Trd, 258931.833, 140
Trd, 258932.833, 140
Trd, 258933.033, 140
Trd, 258933.100, 140
Trd, 258933.233, 140
Trd, 258933.317, 140
Trd, 258933.417, 140
Trd, 258933.450, 140
Trd, 258933.483, 140
Trd, 258934.067, 140
Trd, 258934.083, 140
Trd, 258934.250, 140
Trd, 258934.883, 140
Trd, 258935.917, 140
Trd, 258936.233, 140
Trd, 258936.250, 140
Trd, 258936.300, 140
Trd, 258936.450, 140
Trd, 258936.517, 140
Trd, 258937.650, 140
Trd, 258937.700, 140
Trd, 258937.733, 140
Trd, 258937.767, 140
Trd, 258938.200, 140
Trd, 258938.383, 140
Trd, 258938.433, 140
Trd, 258938.833, 140
Trd, 258938.967, 140
Trd, 258938.983, 140
Trd, 258939.017, 139
Trd, 258939.300, 139
Trd, 258939.317, 140
Trd, 258939.433, 137
Trd, 258939.683, 138
Trd, 258939.817, 137
Trd, 258939.950, 127
Trd, 258940.233, 122
Trd, 258940.550, 138
Trd, 258940.583, 110
Trd, 258940.733, 106
Trd, 258941.133, 137
Trd, 258941.483, 104
Trd, 258941.533, 103
Trd, 258941.833, 118
Trd, 258941.950, 64
Trd, 258942.233, 65
Trd, 258943.033, 140
Trd, 258943.433, 140
Trd, 258943.700, 140
Trd, 258943.933, 140
Trd, 258944.150, 140
Trd, 258944.317, 140
Trd, 258944.433, 140
Trd, 258944.483, 139
Trd, 258944.667, 138
Trd, 258944.867, 134
Trd, 258944.933, 139
Trd, 258945.050, 133
Trd, 258945.233, 140
Trd, 258946.133, 139
Trd, 258946.150, 139
Trd, 258946.233, 139
Trd, 258946.250, 138
Trd, 258946.750, 138
Trd, 258946.767, 136
Trd, 258946.817, 140
Trd, 258947.150, 128
Trd, 258947.200, 111
Trd, 258947.217, 102
Trd, 258947.417, 129
Trd, 258947.450, 103
Trd, 258948.083, 140
Trd, 258948.150, 140
Trd, 258948.167, 140
Trd, 258948.550, 140
Trd, 258948.733, 140
Trd, 258948.967, 140
Trd, 258949.267, 140
Trd, 258949.317, 140
Trd, 258949.367, 140
Trd, 258949.683, 139
Trd, 258949.700, 134
Trd, 258949.950, 140
Trd, 258950.300, 134
Trd, 258950.633, 133
Trd, 258950.967, 138
Trd, 258951.333, 139
Trd, 258951.883, 132
Trd, 258952.483, 140
Trd, 258952.533, 140
Trd, 258952.717, 140
Trd, 258952.767, 140
Trd, 258952.883, 140
Trd, 258952.917, 138
Trd, 258952.933, 130
Trd, 258953.267, 140
Trd, 258953.717, 135
Trd, 258953.883, 140
Trd, 258954.483, 140
Trd, 258954.583, 140
Trd, 258954.900, 139
Trd, 258955.000, 140
Trd, 258955.317, 140
Trd, 258955.350, 134
Trd, 258955.433, 134
Trd, 258955.467, 134
Trd, 258955.967, 140
Trd, 258956.450, 140
Trd, 258956.733, 140
Trd, 258956.983, 140
Trd, 258957.100, 139
Trd, 258957.900, 140
Trd, 258958.267, 140
Trd, 258958.950, 140
Trd, 258959.100, 140
Trd, 258959.233, 140
Trd, 258959.450, 140
Trd, 258959.483, 140
Trd, 258959.500, 140
Trd, 258959.517, 139
Trd, 258959.617, 139
Trd, 258959.650, 137
Trd, 258959.683, 136
Trd, 258959.900, 135
Trd, 258960.100, 139
Trd, 258960.117, 131
Trd, 258960.150, 139
Trd, 258960.300, 112
Trd, 258960.517, 140
Trd, 258960.617, 139
Trd, 258960.883, 135
Trd, 258961.100, 117
Trd, 258961.200, 140
Trd, 258961.217, 115
Trd, 258961.583, 140
Trd, 258962.017, 140
Trd, 258962.233, 140
Trd, 258962.600, 140
Trd, 258962.850, 140
Trd, 258963.300, 140
Trd, 258963.550, 140
Trd, 258963.667, 140
Trd, 258964.117, 140
Trd, 258964.400, 140
Trd, 258964.617, 140
Trd, 258964.900, 140
Trd, 258965.017, 140
Trd, 258965.217, 140
Trd, 258965.350, 139
Trd, 258966.217, 140
Trd, 258966.267, 140
Trd, 258966.283, 139
Trd, 258966.433, 139
Trd, 258966.967, 131
Trd, 258967.000, 140
Trd, 258967.183, 127
Trd, 258967.400, 136
Trd, 258967.483, 138
Trd, 258967.583, 138
Trd, 258967.633, 92
Trd, 258967.650, 91
Trd, 258967.833, 131
Trd, 258967.900, 138
Trd, 258967.983, 65
Trd, 258968.533, 60
Trd, 258968.567, 70
Trd, 258968.867, 71
Trd, 258969.333, 95
Trd, 258969.367, 103
Trd, 258969.400, 133
Trd, 258969.667, 111
Trd, 258970.683, 140
Trd, 258970.833, 140
Trd, 258970.867, 140
Trd, 258971.333, 140
Trd, 258971.367, 140
Trd, 258971.583, 140
Trd, 258971.617, 140
Trd, 258972.450, 140
Trd, 258972.483, 140
Trd, 258972.517, 140
Trd, 258972.533, 140
Trd, 258972.800, 140
Trd, 258973.167, 140
Trd, 258973.367, 140
Trd, 258973.433, 140
Trd, 258973.700, 140
Trd, 258973.867, 140
Trd, 258973.983, 140
Trd, 258974.283, 140
Trd, 258974.633, 140
Trd, 258975.150, 140
Trd, 258976.367, 140
Trd, 258976.383, 140
Trd, 258976.583, 140
Trd, 258976.850, 140
Trd, 258977.133, 140
Trd, 258977.183, 140
Trd, 258977.200, 140
Trd, 258977.367, 140
Trd, 258977.433, 137
Trd, 258977.617, 140
Trd, 258977.750, 138
Trd, 258977.817, 137
Trd, 258978.000, 137
Trd, 258978.300, 138
Trd, 258978.483, 137
Trd, 258978.567, 136
Trd, 258978.683, 140
Trd, 258978.750, 138
Trd, 258978.900, 113
Trd, 258978.950, 119
Trd, 258979.117, 131
Trd, 258979.683, 139
Trd, 258979.717, 135
Trd, 258979.883, 139
Trd, 258979.917, 109
Trd, 258980.550, 127
Trd, 258981.233, 139
Trd, 258981.600, 139
Trd, 258981.800, 132
Trd, 258982.533, 140
Trd, 258982.550, 139
Trd, 258982.783, 139
Trd, 258982.900, 135
Trd, 258982.950, 134
Trd, 258983.033, 119
Trd, 258983.050, 119
Trd, 258983.167, 139
Trd, 258983.783, 136
Trd, 258984.067, 133
Trd, 258984.100, 133
Trd, 258984.333, 136
Trd, 258984.500, 140
Trd, 258985.217, 140
Trd, 258985.233, 140
Trd, 258985.333, 140
Trd, 258985.417, 140
Trd, 258985.433, 140
Trd, 258985.717, 140
Trd, 258985.883, 140
Trd, 258986.033, 140
Trd, 258986.167, 139
Trd, 258986.250, 139
Trd, 258986.817, 140
Trd, 258987.300, 140
Trd, 258987.433, 139
Trd, 258987.817, 138
Trd, 258988.283, 137
Trd, 258988.683, 140
Trd, 258988.917, 140
Trd, 258989.033, 137
Trd, 258989.300, 140
Trd, 258989.317, 140
Trd, 258989.400, 140
Trd, 258989.683, 140
Trd, 258990.167, 135
Trd, 258990.183, 134
Trd, 258990.233, 134
Trd, 258990.283, 137
Trd, 258990.667, 140
Trd, 258990.683, 138
Trd, 258991.133, 140
Trd, 258991.333, 140
Trd, 258991.550, 140
Trd, 258991.617, 140
Trd, 258991.633, 140
Trd, 258991.750, 139
Trd, 258991.883, 139
Trd, 258992.550, 131
Trd, 258992.617, 138
Trd, 258993.033, 140
Trd, 258993.217, 139
Trd, 258993.233, 139
Trd, 258993.333, 139
Trd, 258993.683, 136
Trd, 258993.883, 137
Trd, 258993.933, 138
Trd, 258994.017, 138
Trd, 258994.083, 138
Trd, 258994.283, 139
Trd, 258994.433, 137
Trd, 258994.800, 140
Trd, 258994.917, 140
Trd, 258995.217, 139
Trd, 258995.450, 140
Trd, 258995.583, 139
Trd, 258996.433, 140
Trd, 258997.150, 140
Trd, 258997.367, 140
Trd, 258997.617, 140
Trd, 258997.933, 140
Trd, 258998.000, 140
Trd, 258998.067, 140
Trd, 258998.200, 140
Trd, 258998.217, 140
Trd, 258998.283, 139
Trd, 258998.600, 140
Trd, 258998.933, 139
Trd, 258999.033, 139
Trd, 258999.183, 139
Trd, 258999.350, 139
Trd, 258999.600, 140
Trd, 259000.200, 140
Trd, 259000.533, 140
Trd, 259000.750, 140
Trd, 259001.283, 140
Trd, 259001.633, 140
Trd, 259001.767, 140
Trd, 259001.867, 140
Trd, 259001.967, 140
Trd, 259002.067, 139
Trd, 259002.233, 139
Trd, 259002.283, 137
Trd, 259002.333, 136
Trd, 259002.450, 140
Trd, 259002.567, 129
Trd, 259002.650, 140
Trd, 259003.200, 140
Trd, 259003.367, 140
Trd, 259003.383, 132
Trd, 259003.750, 127
Trd, 259003.967, 140
Trd, 259004.150, 140
Trd, 259004.233, 140
Trd, 259004.367, 139
Trd, 259004.450, 139
Trd, 259005.083, 128
Trd, 259005.333, 105
Trd, 259005.483, 139
Trd, 259005.683, 137
Trd, 259006.167, 140
Trd, 259006.900, 139
Trd, 259007.083, 138
Trd, 259007.133, 136
Trd, 259007.233, 135
Trd, 259007.833, 140
Trd, 259007.900, 140
Trd, 259008.583, 140
Trd, 259008.983, 140
Trd, 259009.017, 140
Trd, 259009.417, 140
Trd, 259009.567, 140
Trd, 259009.700, 140
Trd, 259009.767, 140
Trd, 259010.000, 140
Trd, 259010.450, 139
Trd, 259010.583, 140
Trd, 259010.683, 137
Trd, 259010.767, 131
Trd, 259010.867, 121
Trd, 259011.217, 138
Trd, 259011.317, 137
Trd, 259011.367, 136
Trd, 259011.567, 140
Trd, 259011.850, 136
Trd, 259012.017, 138
Trd, 259012.383, 136
Trd, 259012.550, 133
Trd, 259012.733, 130
Trd, 259013.017, 139
Trd, 259013.100, 129
Trd, 259013.567, 140
Trd, 259013.667, 131
Trd, 259014.083, 140
Trd, 259014.150, 122
Trd, 259014.617, 140
Trd, 259014.733, 139
Trd, 259015.083, 140
Trd, 259015.117, 140
Trd, 259015.200, 140
Trd, 259015.717, 140
Trd, 259015.883, 139
Trd, 259016.483, 140
Trd, 259017.283, 140
Trd, 259017.467, 140
Trd, 259017.717, 140
Trd, 259017.867, 140
Trd, 259017.950, 140
Trd, 259018.000, 140
Trd, 259018.350, 138
Trd, 259018.867, 139
Trd, 259019.000, 138
Trd, 259019.083, 139
Trd, 259019.367, 138
Trd, 259019.667, 139
Trd, 259019.733, 138
Trd, 259019.750, 137
Trd, 259019.883, 139
Trd, 259019.967, 136
Trd, 259019.983, 140
Trd, 259020.267, 131
Trd, 259020.600, 140
Trd, 259021.100, 139
Trd, 259022.450, 140
Trd, 259022.650, 140
Trd, 259022.683, 140
Trd, 259022.750, 140
Trd, 259023.200, 140
Trd, 259023.283, 139
Trd, 259023.367, 139
Trd, 259023.600, 140
Trd, 259023.650, 139
Trd, 259023.850, 138
Trd, 259023.950, 139
Trd, 259024.283, 139
Trd, 259024.300, 138
Trd, 259024.367, 140
Trd, 259024.967, 140
Trd, 259025.100, 140
Trd, 259025.400, 140
Trd, 259025.600, 140
Trd, 259025.717, 139
Trd, 259026.667, 140
Trd, 259026.833, 140
Trd, 259027.517, 140
Trd, 259027.983, 140
Trd, 259028.033, 140
Trd, 259028.167, 139
Trd, 259028.350, 140
Trd, 259028.400, 140
Trd, 259029.217, 140
Trd, 259029.300, 140
Trd, 259029.433, 140
Trd, 259029.600, 140
Trd, 259029.617, 140
Trd, 259029.700, 137
Trd, 259029.933, 136
Trd, 259029.950, 132
Trd, 259029.983, 140
Trd, 259030.333, 140
Trd, 259030.350, 140
Trd, 259030.500, 127
Trd, 259030.617, 125
Trd, 259030.867, 140
Trd, 259031.467, 138
Trd, 259031.867, 127
Trd, 259032.200, 128
Trd, 259033.233, 140
Trd, 259033.450, 128
Trd, 259033.550, 115
Trd, 259033.733, 139
Trd, 259034.067, 140
Trd, 259034.100, 139
Trd, 259034.283, 140
Trd, 259034.333, 140
Trd, 259034.417, 138
Trd, 259034.633, 140
Trd, 259034.733, 134
Trd, 259034.850, 116
Trd, 259035.100, 89
Trd, 259035.167, 81
Trd, 259035.217, 68
Trd, 259035.283, 67
Trd, 259035.317, 61
Trd, 259035.367, 60
Trd, 259035.633, 69
Trd, 259035.767, 138
Trd, 259035.933, 138
Trd, 259036.733, 62
Trd, 259036.750, 134
Trd, 259036.950, 139
Trd, 259037.683, 140
Trd, 259038.017, 140
Trd, 259038.033, 140
Trd, 259038.250, 140
Trd, 259038.683, 140
Trd, 259038.800, 140
Trd, 259038.850, 140
Trd, 259038.867, 139
Trd, 259039.083, 140
Trd, 259039.167, 139
Trd, 259039.300, 138
Trd, 259039.333, 138
Trd, 259040.617, 140
Trd, 259041.133, 140
Trd, 259041.933, 140
Trd, 259042.100, 139
Trd, 259042.667, 140
Trd, 259042.867, 140
Trd, 259042.967, 140
Trd, 259043.133, 140
Trd, 259043.183, 140
Trd, 259043.267, 140
Trd, 259043.500, 140
Trd, 259044.000, 139
Trd, 259044.133, 139
Trd, 259044.267, 138
Trd, 259044.367, 138
Trd, 259044.567, 137
Trd, 259044.633, 133
Trd, 259044.850, 136
Trd, 259045.017, 135
Trd, 259045.317, 136
Trd, 259045.467, 136
Trd, 259045.750, 136
Trd, 259045.800, 137
Trd, 259045.817, 135
Trd, 259046.100, 132
Trd, 259047.117, 140
Trd, 259047.250, 140
Trd, 259047.450, 140
Trd, 259047.667, 140
Trd, 259047.833, 139
Trd, 259047.917, 139
Trd, 259048.467, 140
Trd, 259048.567, 139
Trd, 259048.700, 137
Trd, 259048.717, 125
Trd, 259048.950, 137
Trd, 259049.050, 138
Trd, 259049.267, 125
Trd, 259049.500, 125
Trd, 259049.517, 91
Trd, 259049.700, 140
Trd, 259049.717, 121
Trd, 259049.917, 140
Trd, 259050.117, 139
Trd, 259050.483, 140
Trd, 259050.583, 95
Trd, 259050.683, 135
Trd, 259050.817, 90
Trd, 259050.833, 136
Trd, 259051.417, 135
Trd, 259051.483, 139
Trd, 259051.683, 132
Trd, 259051.767, 129
Trd, 259051.967, 140
Trd, 259052.183, 140
Trd, 259052.333, 138
Trd, 259052.583, 139
Trd, 259052.967, 140
Trd, 259052.983, 133
Trd, 259053.733, 140
Trd, 259053.933, 140
Trd, 259053.983, 140
Trd, 259054.217, 140
Trd, 259054.317, 138
Trd, 259054.600, 138
Trd, 259054.850, 140
Trd, 259055.617, 140
Trd, 259055.833, 140
Trd, 259056.133, 140
Trd, 259056.383, 133
Trd, 259056.583, 133
Trd, 259056.633, 132
Trd, 259056.883, 136
Trd, 259057.083, 137
Trd, 259057.150, 132
Trd, 259057.350, 124
Trd, 259057.367, 138
Trd, 259057.667, 137
Trd, 259058.000, 124
Trd, 259058.183, 138
Trd, 259058.617, 133
Trd, 259058.650, 134
Trd, 259058.667, 104
Trd, 259059.017, 85
Trd, 259059.067, 135
Trd, 259059.667, 139
Trd, 259059.717, 138
Trd, 259059.983, 136
Trd, 259060.017, 126
Trd, 259061.083, 140
Trd, 259061.117, 140
Trd, 259061.150, 140
Trd, 259061.183, 140
Trd, 259061.833, 140
Trd, 259061.983, 140
Trd, 259062.317, 140
Trd, 259062.517, 140
Trd, 259063.100, 140
Trd, 259063.167, 140
Trd, 259063.450, 140
Trd, 259063.483, 140
Trd, 259063.750, 140
Trd, 259064.133, 140
Trd, 259064.717, 140
Trd, 259065.083, 140
Trd, 259065.350, 140
Trd, 259065.450, 140
Trd, 259065.467, 140
Trd, 259065.517, 140
Trd, 259066.317, 140
Trd, 259066.517, 140
Trd, 259066.700, 140
Trd, 259067.300, 139
Trd, 259067.317, 139
Trd, 259067.583, 136
Trd, 259067.783, 138
Trd, 259067.850, 138
Trd, 259067.917, 137
Trd, 259067.967, 128
Trd, 259068.000, 125
Trd, 259068.100, 140
Trd, 259068.217, 140
Trd, 259068.283, 138
Trd, 259068.733, 137
Trd, 259068.767, 138
Trd, 259068.817, 134
Trd, 259069.383, 137
Trd, 259069.467, 138
Trd, 259069.550, 130
Trd, 259069.883, 139
Trd, 259070.083, 138
Trd, 259070.383, 139
Trd, 259070.683, 138
Trd, 259071.350, 140
Trd, 259071.367, 140
Trd, 259071.867, 140
Trd, 259072.067, 140
Trd, 259072.333, 140
Trd, 259072.533, 140
Trd, 259072.900, 140
Trd, 259073.133, 140
Trd, 259073.183, 140
Trd, 259073.200, 140
Trd, 259073.217, 140
Trd, 259073.333, 125
Trd, 259073.367, 122
Trd, 259073.400, 109
Trd, 259073.450, 138
Trd, 259073.800, 140
Trd, 259073.933, 140
Trd, 259074.400, 140
Trd, 259074.850, 139
Trd, 259075.033, 138
Trd, 259075.100, 137
Trd, 259075.583, 135
Trd, 259075.650, 131
Trd, 259075.983, 120
Trd, 259076.150, 123
Trd, 259076.517, 121
Trd, 259076.567, 120
Trd, 259076.667, 127
Trd, 259076.833, 130
Trd, 259077.317, 121
Trd, 259077.367, 138
Trd, 259077.450, 121
Trd, 259077.500, 139
Trd, 259077.567, 138
Trd, 259077.650, 137
Trd, 259077.933, 97
Trd, 259078.017, 140
Trd, 259078.433, 140
Trd, 259078.850, 140
Trd, 259079.083, 140
Trd, 259079.733, 140
Trd, 259080.633, 140
Trd, 259080.700, 140
Trd, 259081.183, 140
Trd, 259081.617, 140
Trd, 259081.800, 139
Trd, 259081.817, 138
Trd, 259081.833, 136
Trd, 259081.917, 135
Trd, 259082.517, 140
Trd, 259082.550, 140
Trd, 259082.783, 138
Trd, 259082.800, 137
Trd, 259083.567, 140
Trd, 259083.783, 140
Trd, 259083.850, 140
Trd, 259084.017, 140
Trd, 259084.050, 140
Trd, 259084.067, 140
Trd, 259084.283, 139
Trd, 259084.550, 138
Trd, 259084.600, 139
Trd, 259084.717, 138
Trd, 259085.033, 140
Trd, 259085.717, 140
Trd, 259086.183, 140
Trd, 259087.167, 140
Trd, 259087.583, 140
Trd, 259087.600, 140
Trd, 259088.200, 140
Trd, 259088.250, 140
Trd, 259088.617, 140
Trd, 259088.817, 140
Trd, 259088.967, 139
Trd, 259089.050, 139
Trd, 259089.250, 139
Trd, 259089.267, 138
Trd, 259089.317, 133
Trd, 259089.383, 139
Trd, 259089.517, 138
Trd, 259089.700, 120
Trd, 259089.933, 109
Trd, 259090.033, 107
Trd, 259090.483, 134
Trd, 259090.617, 135
Trd, 259090.817, 97
Trd, 259090.867, 98
Trd, 259091.250, 93
Trd, 259091.467, 123
Trd, 259091.533, 122
Trd, 259091.550, 138
Trd, 259091.800, 140
Trd, 259092.183, 140
Trd, 259092.700, 140
Trd, 259092.883, 140
Trd, 259093.050, 140
Trd, 259093.267, 140
Trd, 259093.467, 136
Trd, 259093.883, 140
Trd, 259094.317, 138
Trd, 259094.400, 140
Trd, 259094.617, 140
Trd, 259094.717, 139
Trd, 259094.850, 138
Trd, 259095.083, 137
Trd, 259095.217, 136
Trd, 259095.783, 139
Trd, 259096.183, 132
Trd, 259096.350, 138
Trd, 259096.433, 139
Trd, 259096.483, 137
Trd, 259096.617, 140
Trd, 259097.600, 140
Trd, 259097.767, 140
Trd, 259098.917, 140
Trd, 259098.983, 140
Trd, 259099.283, 140
Trd, 259099.317, 140
Trd, 259099.533, 140
Trd, 259099.750, 140
Trd, 259099.767, 139
Trd, 259100.150, 140
Trd, 259100.533, 140
Trd, 259100.583, 140
Trd, 259100.783, 140
Trd, 259100.950, 140
Trd, 259101.033, 140
Trd, 259101.117, 140
Trd, 259101.267, 139
Trd, 259101.517, 140
Trd, 259101.550, 140
Trd, 259101.700, 139
Trd, 259101.733, 136
Trd, 259101.800, 130
Trd, 259101.883, 140
Trd, 259102.250, 138
Trd, 259102.650, 138
Trd, 259103.617, 140
Trd, 259103.767, 139
Trd, 259103.950, 140
Trd, 259103.983, 135
Trd, 259104.350, 140
Trd, 259104.433, 140
Trd, 259104.500, 129
Trd, 259105.133, 140
Trd, 259105.267, 139
Trd, 259105.383, 136
Trd, 259105.533, 137
Trd, 259105.567, 132
Trd, 259105.750, 126
Trd, 259105.900, 139
Trd, 259105.917, 107
Trd, 259106.367, 140
Trd, 259106.400, 140
Trd, 259106.817, 140
Trd, 259107.200, 140
Trd, 259108.583, 140
Trd, 259108.917, 140
Trd, 259109.133, 140
Trd, 259109.317, 140
Trd, 259109.383, 140
Trd, 259109.500, 140
Trd, 259109.650, 140
Trd, 259109.967, 140
Trd, 259110.050, 140
Trd, 259110.417, 140
Trd, 259110.517, 140
Trd, 259110.617, 140
Trd, 259110.850, 140
Trd, 259111.100, 140
Trd, 259111.333, 139
Trd, 259111.350, 131
Trd, 259112.217, 140
Trd, 259112.333, 140
Trd, 259112.367, 140
Trd, 259112.717, 140
Trd, 259112.767, 140
Trd, 259113.000, 140
Trd, 259113.317, 138
Trd, 259113.417, 138
Trd, 259113.433, 137
Trd, 259113.750, 139
Trd, 259114.000, 138
Trd, 259114.267, 128
Trd, 259114.967, 140
Trd, 259115.067, 139
Trd, 259115.100, 138
Trd, 259115.267, 140
Trd, 259115.400, 140
Trd, 259115.833, 140
Trd, 259116.117, 138
Trd, 259116.183, 138
Trd, 259116.200, 139
Trd, 259116.333, 134
Trd, 259116.467, 133
Trd, 259116.533, 122
Trd, 259116.667, 131
Trd, 259116.783, 121
Trd, 259117.283, 130
Trd, 259117.317, 106
Trd, 259117.533, 120
Trd, 259117.567, 132
Trd, 259117.600, 119
Trd, 259117.683, 139
Trd, 259117.883, 139
Trd, 259118.033, 139
Trd, 259118.300, 118
Trd, 259118.683, 140
Trd, 259119.117, 140
Trd, 259120.750, 140
Trd, 259121.083, 140
Trd, 259121.150, 140
Trd, 259121.217, 140
Trd, 259121.450, 140
Trd, 259121.517, 140
Trd, 259121.917, 140
Trd, 259122.017, 140
Trd, 259122.367, 140
Trd, 259122.500, 140
Trd, 259122.933, 140
Trd, 259123.167, 140
Trd, 259123.483, 140
Trd, 259123.650, 138
Trd, 259124.183, 140
Trd, 259125.050, 140
Trd, 259125.267, 140
Trd, 259125.400, 140
Trd, 259125.433, 140
Trd, 259125.483, 140
Trd, 259125.600, 140
Trd, 259126.050, 140
Trd, 259126.150, 140
Trd, 259126.167, 140
Trd, 259126.200, 139
Trd, 259127.083, 140
Trd, 259127.133, 140
Trd, 259127.267, 140
Trd, 259127.750, 140
Trd, 259128.100, 140
Trd, 259128.133, 140
Trd, 259128.367, 140
Trd, 259129.067, 140
Trd, 259129.167, 140
Trd, 259129.183, 140
Trd, 259129.250, 140
Trd, 259129.317, 140
Trd, 259129.367, 140
Trd, 259129.550, 139
Trd, 259129.733, 139
Trd, 259129.917, 138
Trd, 259129.983, 140
Trd, 259130.500, 138
Trd, 259130.567, 139
Trd, 259130.700, 138
Trd, 259130.900, 135
Trd, 259131.150, 130
Trd, 259131.200, 134
Trd, 259131.400, 136
Trd, 259131.417, 122
Trd, 259132.100, 132
Trd, 259132.117, 137
Trd, 259132.167, 132
Trd, 259132.217, 131
Trd, 259132.833, 140
Trd, 259132.933, 134
Trd, 259133.350, 140
Trd, 259133.467, 140
Trd, 259133.950, 140
Trd, 259134.150, 140
Trd, 259134.417, 140
Trd, 259134.683, 140
Trd, 259134.717, 139
Trd, 259135.183, 140
Trd, 259135.300, 140
Trd, 259135.383, 140
Trd, 259135.833, 140
Trd, 259135.900, 139
Trd, 259135.933, 139
Trd, 259136.017, 139
Trd, 259136.500, 140
Trd, 259136.617, 139
Trd, 259136.733, 138
Trd, 259136.867, 137
Trd, 259136.917, 139
Trd, 259137.033, 138
Trd, 259137.617, 140
Trd, 259137.650, 140
Trd, 259137.833, 140
Trd, 259137.967, 140
Trd, 259138.183, 140
Trd, 259138.500, 140
Trd, 259139.133, 140
Trd, 259139.233, 140
Trd, 259140.000, 140
Trd, 259140.483, 138
Trd, 259140.550, 134
Trd, 259140.667, 132
Trd, 259141.017, 129
Trd, 259141.217, 127
Trd, 259141.267, 138
Trd, 259141.517, 125
Trd, 259141.817, 124
Trd, 259141.883, 139
Trd, 259141.967, 123
Trd, 259142.133, 120
Trd, 259142.683, 119
Trd, 259142.983, 140
Trd, 259143.050, 140
Trd, 259143.183, 140
Trd, 259143.517, 140
Trd, 259143.750, 138
Trd, 259143.800, 135
Trd, 259143.850, 133
Trd, 259144.033, 132
Trd, 259144.167, 137
Trd, 259144.467, 130
Trd, 259144.500, 139
Trd, 259145.200, 137
Trd, 259145.267, 138
Trd, 259145.400, 136
Trd, 259145.933, 139
Trd, 259146.317, 139
Trd, 259146.333, 138
Trd, 259146.617, 140
Trd, 259146.683, 138
Trd, 259146.783, 137
Trd, 259146.883, 133
Trd, 259147.433, 140
Trd, 259147.700, 140
Trd, 259147.833, 140
Trd, 259147.967, 140
Trd, 259148.367, 140
Trd, 259148.383, 139
Trd, 259148.400, 134
Trd, 259149.317, 140
Trd, 259149.450, 140
Trd, 259149.517, 139
Trd, 259149.583, 129
Trd, 259149.600, 110
Trd, 259149.967, 62
Trd, 259150.067, 63
Trd, 259150.850, 140
Trd, 259150.883, 140
Trd, 259151.083, 140
Trd, 259151.167, 140
Trd, 259151.183, 140
Trd, 259151.450, 140
Trd, 259151.717, 140
Trd, 259151.900, 140
Trd, 259151.917, 139
Trd, 259152.267, 139
Trd, 259152.400, 139
Trd, 259152.617, 139
Trd, 259152.633, 140
Trd, 259152.767, 138
Trd, 259152.817, 133
Trd, 259153.067, 125
Trd, 259153.233, 114
Trd, 259153.467, 135
Trd, 259154.067, 140
Trd, 259154.117, 140
Trd, 259154.483, 140
Trd, 259154.717, 140
Trd, 259154.733, 138
Trd, 259154.883, 140
Trd, 259155.033, 140
Trd, 259155.083, 139
Trd, 259155.317, 119
Trd, 259155.567, 140
Trd, 259155.633, 139
Trd, 259156.617, 134
Trd, 259156.767, 134
Trd, 259157.300, 134
Trd, 259158.100, 138
Trd, 259158.467, 140
Trd, 259158.883, 140
Trd, 259159.300, 140
Trd, 259159.567, 140
Trd, 259160.217, 140
Trd, 259160.567, 140
Trd, 259160.617, 140
Trd, 259160.667, 140
Trd, 259160.683, 139
Trd, 259160.717, 140
Trd, 259160.733, 139
Trd, 259160.750, 138
Trd, 259160.883, 138
Trd, 259161.083, 140
Trd, 259161.183, 131
Trd, 259161.233, 125
Trd, 259161.467, 139
Trd, 259161.717, 140
Trd, 259162.317, 140
Trd, 259162.483, 140
Trd, 259162.550, 140
Trd, 259162.667, 140
Trd, 259162.800, 140
Trd, 259162.983, 140
Trd, 259163.000, 140
Trd, 259163.183, 139
Trd, 259163.283, 139
Trd, 259163.467, 138
Trd, 259163.600, 139
Trd, 259163.867, 137
Trd, 259164.017, 129
Trd, 259164.133, 140
Trd, 259164.383, 140
Trd, 259164.567, 140
Trd, 259164.683, 137
Trd, 259165.167, 140
Trd, 259165.433, 140
Trd, 259165.483, 140
Trd, 259165.667, 115
Trd, 259165.967, 111
Trd, 259166.150, 110
Trd, 259166.233, 106
Trd, 259167.050, 140
Trd, 259167.367, 140
Trd, 259167.633, 140
Trd, 259168.283, 140
Trd, 259168.383, 140
Trd, 259168.667, 140
Trd, 259168.700, 139
Trd, 259168.900, 140
Trd, 259169.217, 138
Trd, 259169.433, 140
Trd, 259169.583, 121
Trd, 259170.383, 140
Trd, 259170.483, 140
Trd, 259171.067, 140
Trd, 259171.200, 140
Trd, 259171.467, 140
Trd, 259171.567, 140
Trd, 259171.750, 140
Trd, 259171.767, 139
Trd, 259172.117, 139
Trd, 259172.317, 138
Trd, 259172.600, 125
Trd, 259172.767, 138
Trd, 259172.917, 137
Trd, 259173.233, 121
Trd, 259173.333, 120
Trd, 259173.350, 93
Trd, 259173.367, 93
Trd, 259173.433, 138
Trd, 259173.750, 140
Trd, 259173.817, 140
Trd, 259173.950, 130
Trd, 259174.533, 135
Trd, 259175.617, 140
Trd, 259175.867, 140
Trd, 259175.917, 140
Trd, 259175.967, 140
Trd, 259176.067, 139
Trd, 259176.083, 138
Trd, 259176.200, 139
Trd, 259176.383, 140
Trd, 259176.617, 140
Trd, 259176.900, 139
Trd, 259177.250, 139
Trd, 259178.050, 140
Trd, 259178.083, 140
Trd, 259178.183, 140
Trd, 259178.300, 140
Trd, 259178.417, 139
Trd, 259178.933, 140
Trd, 259179.083, 140
Trd, 259179.233, 140
Trd, 259179.333, 139
Trd, 259179.500, 138
Trd, 259179.900, 140
Trd, 259179.983, 140
Trd, 259180.233, 140
Trd, 259180.417, 139
Trd, 259180.450, 140
Trd, 259180.650, 139
Trd, 259181.083, 138
Trd, 259181.417, 137
Trd, 259181.533, 137
Trd, 259181.600, 138
Trd, 259181.800, 140
Trd, 259181.833, 140
Trd, 259182.033, 137
Trd, 259182.383, 140
Trd, 259182.800, 140
Trd, 259182.967, 137
Trd, 259183.717, 140
Trd, 259183.817, 140
Trd, 259184.150, 140
Trd, 259184.350, 139
Trd, 259184.417, 118
Trd, 259184.600, 128
Trd, 259184.833, 138
Trd, 259184.850, 137
Trd, 259185.150, 137
Trd, 259185.533, 138
Trd, 259185.550, 136
Trd, 259185.633, 140
Trd, 259185.783, 140
Trd, 259186.117, 140
Trd, 259186.233, 140
Trd, 259186.317, 140
Trd, 259187.000, 140
Trd, 259187.033, 140
Trd, 259187.233, 140
Trd, 259187.350, 140
Trd, 259187.550, 140
Trd, 259188.450, 140
Trd, 259188.650, 140
Trd, 259188.717, 140
Trd, 259188.750, 139
Trd, 259189.133, 140
Trd, 259189.267, 140
Trd, 259190.583, 140
Trd, 259190.767, 140
Trd, 259190.867, 140
Trd, 259191.117, 140
Trd, 259191.317, 139
Trd, 259191.417, 139
Trd, 259191.850, 140
Trd, 259191.883, 138
Trd, 259192.117, 138
Trd, 259192.133, 139
Trd, 259192.167, 135
Trd, 259192.317, 140
Trd, 259192.383, 134
Trd, 259192.633, 139
Trd, 259192.900, 132
Trd, 259193.033, 131
Trd, 259193.367, 137
Trd, 259193.500, 113
Trd, 259193.733, 140
Trd, 259193.767, 126
Trd, 259194.200, 140
Trd, 259194.450, 140
Trd, 259194.717, 140
Trd, 259194.817, 139
Trd, 259195.150, 140
Trd, 259195.633, 140
Trd, 259195.667, 139
Trd, 259196.133, 140
Trd, 259196.217, 140
Trd, 259196.500, 140
Trd, 259196.667, 139
Trd, 259196.683, 139
Trd, 259196.867, 139
Trd, 259196.983, 139
Trd, 259197.433, 136
Trd, 259197.933, 140
Trd, 259198.317, 140
Trd, 259198.467, 140
Trd, 259198.667, 140
Trd, 259198.767, 140
Trd, 259199.117, 140
Trd, 259199.517, 140
