Trd, 258598.150, 140
Trd, 258598.300, 140
Trd, 258598.450, 140
Trd, 258598.467, 140
Trd, 258599.067, 140
Trd, 258599.267, 140
Trd, 258599.500, 136
Trd, 258599.667, 136
Trd, 258599.683, 136
Trd, 258599.700, 131
Trd, 258599.917, 116
Trd, 258600.317, 88
Trd, 258600.600, 129
Trd, 258600.717, 100
Trd, 258600.783, 130
Trd, 258601.217, 104
Trd, 258601.617, 109
Trd, 258601.633, 124
Trd, 258602.233, 117
Trd, 258602.350, 117
Trd, 258602.433, 120
Trd, 258602.617, 118
Trd, 258602.767, 118
Trd, 258603.033, 118
Trd, 258603.200, 118
Trd, 258603.383, 117
Trd, 258603.800, 114
Trd, 258604.000, 111
Trd, 258604.033, 101
Trd, 258604.200, 116
Trd, 258604.533, 115
Trd, 258604.667, 115
Trd, 258604.717, 113
Trd, 258604.867, 116
Trd, 258604.900, 118
Trd, 258605.083, 140
Trd, 258605.133, 140
Trd, 258605.300, 139
Trd, 258605.333, 138
Trd, 258605.733, 138
Trd, 258605.983, 137
Trd, 258606.117, 118
Trd, 258606.250, 137
Trd, 258606.300, 116
Trd, 258606.417, 139
Trd, 258606.883, 134
Trd, 258607.417, 133
Trd, 258607.600, 108
Trd, 258607.883, 132
Trd, 258607.950, 115
Trd, 258608.150, 100
Trd, 258608.783, 131
Trd, 258608.950, 119
Trd, 258609.167, 97
Trd, 258609.183, 98
Trd, 258609.517, 130
Trd, 258609.700, 118
Trd, 258609.717, 117
Trd, 258609.750, 128
Trd, 258610.000, 102
Trd, 258610.067, 80
Trd, 258610.650, 99
Trd, 258610.767, 100
Trd, 258610.967, 82
Trd, 258611.333, 82
Trd, 258611.367, 97
Trd, 258611.400, 97
Trd, 258611.533, 98
Trd, 258611.783, 79
Trd, 258611.833, 97
Trd, 258612.467, 90
Trd, 258612.733, 92
Trd, 258612.800, 92
Trd, 258612.850, 85
Trd, 258613.167, 92
Trd, 258613.367, 83
Trd, 258613.733, 91
Trd, 258613.783, 82
Trd, 258614.050, 91
Trd, 258614.183, 82
Trd, 258614.533, 89
Trd, 258614.633, 90
Trd, 258614.650, 92
Trd, 258614.900, 101
Trd, 258615.250, 66
Trd, 258615.350, 107
Trd, 258615.683, 108
Trd, 258615.700, 105
Trd, 258615.867, 104
Trd, 258616.167, 64
Trd, 258616.400, 108
Trd, 258616.817, 109
Trd, 258616.867, 123
Trd, 258616.883, 138
Trd, 258617.067, 136
Trd, 258617.083, 102
Trd, 258617.483, 136
Trd, 258617.750, 133
Trd, 258618.367, 124
Trd, 258618.467, 95
Trd, 258618.683, 97
Trd, 258618.800, 94
Trd, 258618.850, 115
Trd, 258618.983, 117
Trd, 258619.083, 117
Trd, 258619.100, 96
Trd, 258619.183, 98
Trd, 258619.800, 100
Trd, 258620.267, 104
Trd, 258620.350, 102
Trd, 258620.417, 104
Trd, 258620.533, 104
Trd, 258620.617, 103
Trd, 258621.033, 102
Trd, 258621.500, 103
Trd, 258621.517, 90
Trd, 258621.700, 75
Trd, 258621.800, 68
Trd, 258621.950, 62
Trd, 258622.067, 87
Trd, 258622.133, 104
Trd, 258622.617, 100
Trd, 258622.683, 75
Trd, 258622.950, 90
Trd, 258623.067, 87
Trd, 258623.150, 92
Trd, 258623.517, 104
Trd, 258623.833, 127
Trd, 258624.333, 128
Trd, 258624.933, 137
Trd, 258625.533, 140
Trd, 258625.800, 140
Trd, 258625.850, 129
Trd, 258626.117, 124
Trd, 258626.300, 123
Trd, 258626.367, 138
Trd, 258626.517, 76
Trd, 258626.633, 138
Trd, 258626.683, 140
Trd, 258626.767, 140
Trd, 258626.800, 139
Trd, 258627.067, 122
Trd, 258627.467, 139
Trd, 258627.800, 139
Trd, 258627.933, 137
Trd, 258628.383, 135
Trd, 258628.733, 137
Trd, 258628.767, 126
Trd, 258628.817, 123
Trd, 258628.933, 86
Trd, 258629.150, 136
Trd, 258629.283, 136
Trd, 258629.333, 137
Trd, 258629.550, 112
Trd, 258629.817, 112
Trd, 258629.933, 127
Trd, 258630.383, 118
Trd, 258630.750, 117
Trd, 258630.983, 117
Trd, 258631.150, 115
Trd, 258631.333, 117
Trd, 258631.433, 115
Trd, 258631.483, 112
Trd, 258631.500, 115
Trd, 258631.517, 116
Trd, 258631.683, 118
Trd, 258631.850, 109
Trd, 258631.983, 95
Trd, 258632.300, 125
Trd, 258632.517, 108
Trd, 258632.667, 122
Trd, 258632.933, 105
Trd, 258633.717, 108
Trd, 258633.967, 91
Trd, 258634.267, 92
Trd, 258634.283, 90
Trd, 258634.417, 105
Trd, 258634.733, 107
Trd, 258635.033, 107
Trd, 258635.050, 106
Trd, 258635.150, 108
Trd, 258635.200, 108
Trd, 258636.067, 140
Trd, 258636.133, 140
Trd, 258636.400, 140
Trd, 258636.733, 140
Trd, 258636.883, 130
Trd, 258637.000, 138
Trd, 258637.017, 129
Trd, 258637.033, 128
Trd, 258637.417, 134
Trd, 258637.433, 135
Trd, 258637.517, 126
Trd, 258637.983, 120
Trd, 258638.017, 114
Trd, 258638.033, 111
Trd, 258638.083, 97
Trd, 258638.117, 81
Trd, 258638.150, 133
Trd, 258638.233, 134
Trd, 258638.417, 134
Trd, 258638.483, 86
Trd, 258639.333, 130
Trd, 258639.750, 131
Trd, 258639.850, 129
Trd, 258640.033, 127
Trd, 258640.083, 117
Trd, 258640.367, 77
Trd, 258640.400, 108
Trd, 258640.833, 121
Trd, 258641.050, 109
Trd, 258641.067, 121
Trd, 258641.367, 96
Trd, 258641.483, 63
Trd, 258641.633, 87
Trd, 258641.717, 89
Trd, 258641.917, 115
Trd, 258641.950, 112
Trd, 258642.100, 117
Trd, 258642.233, 127
Trd, 258642.250, 86
Trd, 258643.033, 94
Trd, 258643.133, 95
Trd, 258643.217, 96
Trd, 258643.817, 95
Trd, 258643.867, 98
Trd, 258643.983, 119
Trd, 258644.017, 87
Trd, 258644.233, 86
Trd, 258644.283, 85
Trd, 258644.767, 77
Trd, 258644.817, 125
Trd, 258645.217, 83
Trd, 258645.350, 124
Trd, 258645.600, 70
Trd, 258645.933, 67
Trd, 258646.083, 96
Trd, 258646.800, 82
Trd, 258646.933, 116
Trd, 258646.983, 79
Trd, 258647.283, 111
Trd, 258647.583, 60
Trd, 258647.600, 60
Trd, 258647.800, 60
Trd, 258647.900, 60
Trd, 258648.033, 61
Trd, 258648.167, 64
Trd, 258648.267, 116
Trd, 258648.950, 60
Trd, 258649.017, 60
Trd, 258649.183, 60
Trd, 258649.283, 61
Trd, 258649.433, 61
Trd, 258649.533, 62
Trd, 258649.567, 87
Trd, 258649.867, 87
Trd, 258649.900, 120
Trd, 258650.283, 116
Trd, 258650.483, 94
Trd, 258650.550, 119
Trd, 258650.667, 108
Trd, 258650.700, 107
Trd, 258650.717, 77
Trd, 258651.250, 140
Trd, 258651.717, 140
Trd, 258652.050, 140
Trd, 258652.450, 140
Trd, 258652.700, 140
Trd, 258653.100, 140
Trd, 258653.117, 140
Trd, 258653.533, 140
Trd, 258654.233, 140
Trd, 258654.283, 140
Trd, 258654.383, 140
Trd, 258654.467, 133
Trd, 258654.600, 132
Trd, 258655.100, 140
Trd, 258655.117, 139
Trd, 258655.483, 96
Trd, 258655.550, 135
Trd, 258655.683, 134
Trd, 258655.750, 102
Trd, 258656.067, 136
Trd, 258656.133, 123
Trd, 258656.367, 114
Trd, 258656.400, 85
Trd, 258656.633, 118
Trd, 258656.767, 62
Trd, 258657.133, 98
Trd, 258657.250, 60
Trd, 258657.383, 124
Trd, 258657.450, 125
Trd, 258658.167, 60
Trd, 258658.300, 60
Trd, 258658.317, 60
Trd, 258658.333, 61
Trd, 258658.433, 60
Trd, 258658.700, 60
Trd, 258659.133, 60
Trd, 258659.250, 60
Trd, 258659.267, 61
Trd, 258659.317, 61
Trd, 258659.400, 60
Trd, 258659.517, 62
Trd, 258659.783, 61
Trd, 258660.200, 64
Trd, 258660.233, 65
Trd, 258660.700, 64
Trd, 258661.083, 66
Trd, 258661.183, 65
Trd, 258661.250, 66
Trd, 258661.750, 66
Trd, 258661.867, 60
Trd, 258661.917, 72
Trd, 258662.083, 73
Trd, 258662.567, 133
Trd, 258662.900, 131
Trd, 258663.250, 108
Trd, 258663.367, 129
Trd, 258663.400, 130
Trd, 258663.500, 109
Trd, 258663.683, 109
Trd, 258663.783, 108
Trd, 258664.083, 107
Trd, 258664.483, 131
Trd, 258664.667, 132
Trd, 258664.700, 128
Trd, 258664.833, 104
Trd, 258664.900, 74
Trd, 258665.250, 133
Trd, 258665.333, 99
Trd, 258665.550, 76
Trd, 258665.950, 73
Trd, 258666.200, 129
Trd, 258666.867, 132
Trd, 258667.150, 134
Trd, 258667.200, 131
Trd, 258667.233, 130
Trd, 258667.283, 127
Trd, 258667.500, 105
Trd, 258667.633, 130
Trd, 258667.950, 131
Trd, 258668.117, 131
Trd, 258668.300, 101
Trd, 258668.633, 100
Trd, 258669.167, 99
Trd, 258669.217, 90
Trd, 258669.400, 121
Trd, 258669.433, 83
Trd, 258669.700, 122
Trd, 258670.100, 111
Trd, 258670.200, 117
Trd, 258670.233, 123
Trd, 258670.500, 124
Trd, 258670.900, 140
Trd, 258671.083, 140
Trd, 258671.533, 140
Trd, 258671.767, 140
Trd, 258672.000, 139
Trd, 258672.717, 140
Trd, 258672.883, 140
Trd, 258673.167, 140
Trd, 258673.267, 140
Trd, 258673.317, 138
Trd, 258673.533, 139
Trd, 258673.617, 138
Trd, 258673.717, 136
Trd, 258673.917, 136
Trd, 258674.083, 126
Trd, 258674.383, 136
Trd, 258674.400, 135
Trd, 258674.450, 134
Trd, 258674.517, 133
Trd, 258674.600, 124
Trd, 258674.783, 136
Trd, 258674.850, 137
Trd, 258674.900, 104
Trd, 258675.033, 140
Trd, 258675.067, 104
Trd, 258676.017, 140
Trd, 258676.033, 140
Trd, 258676.367, 140
Trd, 258676.383, 130
Trd, 258676.467, 125
Trd, 258676.650, 140
Trd, 258676.767, 137
Trd, 258676.850, 108
Trd, 258676.917, 137
Trd, 258676.967, 138
Trd, 258677.033, 102
Trd, 258677.767, 96
Trd, 258678.100, 101
Trd, 258678.233, 100
Trd, 258678.267, 97
Trd, 258678.683, 99
Trd, 258679.050, 102
Trd, 258679.300, 93
Trd, 258679.633, 135
Trd, 258679.683, 108
Trd, 258679.867, 98
Trd, 258680.217, 61
Trd, 258680.383, 75
Trd, 258680.517, 131
Trd, 258680.533, 112
Trd, 258680.600, 134
Trd, 258681.167, 61
Trd, 258681.183, 66
Trd, 258681.283, 67
Trd, 258681.667, 60
Trd, 258681.917, 60
Trd, 258682.133, 60
Trd, 258682.467, 60
Trd, 258682.633, 60
Trd, 258682.717, 63
Trd, 258682.850, 66
Trd, 258683.017, 69
Trd, 258683.133, 140
Trd, 258683.667, 140
Trd, 258684.217, 140
Trd, 258684.450, 140
Trd, 258684.600, 140
Trd, 258684.883, 140
Trd, 258684.983, 140
Trd, 258685.267, 140
Trd, 258685.350, 140
Trd, 258685.783, 139
Trd, 258686.283, 138
Trd, 258686.350, 139
Trd, 258686.417, 140
Trd, 258687.050, 138
Trd, 258687.350, 138
Trd, 258687.517, 138
Trd, 258687.533, 139
Trd, 258687.683, 133
Trd, 258687.717, 124
Trd, 258687.783, 91
Trd, 258688.017, 87
Trd, 258688.383, 134
Trd, 258688.583, 102
Trd, 258688.633, 136
Trd, 258688.750, 99
Trd, 258688.983, 99
Trd, 258689.250, 99
Trd, 258689.533, 99
Trd, 258689.583, 85
Trd, 258689.650, 99
Trd, 258690.017, 98
Trd, 258690.300, 116
Trd, 258690.467, 95
Trd, 258690.583, 139
Trd, 258690.817, 140
Trd, 258691.350, 139
Trd, 258691.517, 129
Trd, 258691.917, 126
Trd, 258692.183, 132
Trd, 258692.300, 131
Trd, 258692.450, 132
Trd, 258692.467, 125
Trd, 258692.600, 125
Trd, 258693.033, 96
Trd, 258693.283, 100
Trd, 258693.333, 99
Trd, 258693.633, 115
Trd, 258693.833, 115
Trd, 258694.350, 102
Trd, 258694.367, 116
Trd, 258694.467, 124
Trd, 258694.600, 133
Trd, 258694.967, 133
Trd, 258695.017, 126
Trd, 258695.050, 109
Trd, 258695.333, 139
Trd, 258695.683, 140
Trd, 258696.317, 140
Trd, 258696.567, 140
Trd, 258697.733, 140
Trd, 258697.983, 140
Trd, 258698.133, 140
Trd, 258698.367, 140
Trd, 258698.383, 140
Trd, 258698.417, 140
Trd, 258698.483, 140
Trd, 258698.533, 140
Trd, 258698.700, 139
Trd, 258698.750, 139
Trd, 258698.767, 105
Trd, 258698.900, 129
Trd, 258699.017, 139
Trd, 258699.083, 123
Trd, 258699.217, 137
Trd, 258699.233, 138
Trd, 258699.283, 134
Trd, 258699.317, 102
Trd, 258699.533, 75
Trd, 258699.750, 139
Trd, 258700.267, 138
Trd, 258700.667, 117
Trd, 258700.767, 65
Trd, 258700.950, 105
Trd, 258701.000, 64
Trd, 258701.900, 68
Trd, 258701.917, 69
Trd, 258702.183, 88
Trd, 258702.250, 116
Trd, 258702.983, 135
Trd, 258703.150, 134
Trd, 258703.183, 135
Trd, 258703.200, 118
Trd, 258703.217, 104
Trd, 258703.300, 135
Trd, 258703.583, 133
Trd, 258703.667, 103
Trd, 258703.833, 134
Trd, 258703.917, 104
Trd, 258704.500, 120
Trd, 258704.617, 106
Trd, 258704.983, 124
Trd, 258705.067, 118
Trd, 258705.517, 117
Trd, 258705.667, 120
Trd, 258705.800, 104
Trd, 258706.083, 120
Trd, 258706.217, 122
Trd, 258706.333, 119
Trd, 258706.367, 104
Trd, 258706.550, 120
Trd, 258706.783, 83
Trd, 258706.983, 114
Trd, 258707.467, 137
Trd, 258707.783, 137
Trd, 258707.867, 136
Trd, 258708.000, 87
Trd, 258708.300, 126
Trd, 258708.583, 140
Trd, 258709.400, 140
Trd, 258709.617, 140
Trd, 258709.967, 140
Trd, 258710.383, 140
Trd, 258710.517, 140
Trd, 258710.700, 140
Trd, 258710.767, 139
Trd, 258710.867, 138
Trd, 258710.917, 138
Trd, 258711.217, 116
Trd, 258711.267, 135
Trd, 258711.333, 138
Trd, 258711.883, 136
Trd, 258711.967, 136
Trd, 258712.783, 110
Trd, 258712.933, 129
Trd, 258713.083, 107
Trd, 258713.300, 93
Trd, 258713.383, 92
Trd, 258713.517, 94
Trd, 258713.650, 91
Trd, 258713.817, 95
Trd, 258714.100, 75
Trd, 258714.383, 73
Trd, 258714.467, 71
Trd, 258714.483, 119
Trd, 258714.817, 116
Trd, 258714.867, 106
Trd, 258714.983, 97
Trd, 258715.033, 118
Trd, 258715.417, 118
Trd, 258715.683, 111
Trd, 258715.933, 60
Trd, 258716.267, 60
Trd, 258716.317, 64
Trd, 258716.433, 77
Trd, 258716.883, 115
Trd, 258717.150, 110
Trd, 258717.417, 107
Trd, 258717.500, 108
Trd, 258717.783, 107
Trd, 258717.833, 107
Trd, 258717.967, 108
Trd, 258718.017, 107
Trd, 258718.083, 109
Trd, 258718.167, 112
Trd, 258718.217, 121
Trd, 258718.417, 107
Trd, 258719.050, 140
Trd, 258719.083, 140
Trd, 258719.233, 140
Trd, 258719.367, 140
Trd, 258719.417, 140
Trd, 258719.467, 139
Trd, 258719.567, 139
Trd, 258719.683, 137
Trd, 258719.950, 139
Trd, 258720.017, 130
Trd, 258720.050, 117
Trd, 258720.333, 128
Trd, 258720.417, 115
Trd, 258720.617, 95
Trd, 258720.867, 140
Trd, 258721.133, 101
Trd, 258721.317, 96
Trd, 258721.767, 96
Trd, 258722.400, 133
Trd, 258722.517, 135
Trd, 258722.583, 137
Trd, 258723.150, 131
Trd, 258723.400, 111
Trd, 258723.417, 135
Trd, 258724.317, 131
Trd, 258724.733, 133
Trd, 258724.800, 133
Trd, 258725.033, 134
Trd, 258725.050, 132
Trd, 258725.217, 113
Trd, 258725.283, 131
Trd, 258725.467, 133
Trd, 258725.700, 136
Trd, 258725.733, 116
Trd, 258725.900, 138
Trd, 258726.267, 138
Trd, 258726.283, 115
Trd, 258726.433, 114
Trd, 258727.050, 140
Trd, 258727.067, 140
Trd, 258727.183, 140
Trd, 258727.683, 121
Trd, 258727.783, 121
Trd, 258727.850, 123
Trd, 258727.933, 124
Trd, 258728.017, 125
Trd, 258728.033, 118
Trd, 258728.333, 124
Trd, 258728.867, 139
Trd, 258729.050, 112
Trd, 258729.067, 99
Trd, 258729.267, 133
Trd, 258729.283, 114
Trd, 258729.650, 136
Trd, 258729.700, 137
Trd, 258730.200, 89
Trd, 258730.517, 106
Trd, 258730.667, 104
Trd, 258730.833, 104
Trd, 258730.867, 132
Trd, 258731.433, 128
Trd, 258731.900, 110
Trd, 258731.983, 109
Trd, 258732.050, 127
Trd, 258732.667, 107
Trd, 258732.700, 106
Trd, 258733.050, 109
Trd, 258733.183, 118
Trd, 258733.583, 118
Trd, 258733.633, 119
Trd, 258733.917, 118
Trd, 258734.450, 107
Trd, 258734.517, 117
Trd, 258734.567, 106
Trd, 258734.600, 118
Trd, 258734.617, 104
Trd, 258734.700, 99
Trd, 258735.183, 116
Trd, 258735.333, 119
Trd, 258735.550, 77
Trd, 258735.733, 129
Trd, 258735.800, 126
Trd, 258735.850, 131
Trd, 258735.867, 84
Trd, 258736.367, 87
Trd, 258736.517, 75
Trd, 258736.667, 60
Trd, 258736.883, 60
Trd, 258737.017, 61
Trd, 258737.383, 67
Trd, 258737.650, 80
Trd, 258737.983, 76
Trd, 258738.067, 79
Trd, 258738.517, 80
Trd, 258738.700, 79
Trd, 258739.017, 77
Trd, 258739.100, 79
Trd, 258739.150, 80
Trd, 258739.350, 81
Trd, 258739.667, 101
Trd, 258739.900, 85
Trd, 258739.933, 84
Trd, 258739.967, 101
Trd, 258740.217, 82
Trd, 258740.383, 80
Trd, 258740.650, 98
Trd, 258740.817, 101
Trd, 258740.967, 128
Trd, 258741.250, 109
Trd, 258741.300, 128
Trd, 258741.550, 140
Trd, 258741.583, 108
Trd, 258742.067, 112
Trd, 258742.317, 111
Trd, 258742.383, 109
Trd, 258743.117, 140
Trd, 258743.483, 140
Trd, 258743.617, 140
Trd, 258743.783, 139
Trd, 258744.117, 131
Trd, 258744.700, 138
Trd, 258744.767, 140
Trd, 258744.800, 123
Trd, 258745.167, 134
Trd, 258745.300, 123
Trd, 258745.617, 129
Trd, 258746.067, 124
Trd, 258746.117, 124
Trd, 258746.167, 123
Trd, 258746.333, 122
Trd, 258746.417, 124
Trd, 258746.533, 125
Trd, 258746.567, 107
Trd, 258747.033, 107
Trd, 258747.267, 125
Trd, 258747.600, 140
Trd, 258748.017, 139
Trd, 258748.133, 140
Trd, 258748.167, 138
Trd, 258748.517, 125
Trd, 258749.117, 132
Trd, 258749.133, 133
Trd, 258749.317, 131
Trd, 258749.417, 131
Trd, 258749.517, 130
Trd, 258749.700, 117
Trd, 258750.250, 128
Trd, 258750.300, 96
Trd, 258750.600, 123
Trd, 258750.633, 94
Trd, 258750.700, 94
Trd, 258750.767, 121
Trd, 258751.150, 99
Trd, 258751.367, 126
Trd, 258751.450, 125
Trd, 258751.950, 103
Trd, 258752.800, 140
Trd, 258752.817, 129
Trd, 258753.000, 139
Trd, 258753.283, 126
Trd, 258753.467, 134
Trd, 258753.517, 136
Trd, 258753.533, 133
Trd, 258754.017, 130
Trd, 258754.033, 113
Trd, 258754.050, 133
Trd, 258754.117, 137
Trd, 258754.200, 111
Trd, 258754.567, 108
Trd, 258754.767, 95
Trd, 258754.983, 66
Trd, 258755.183, 71
Trd, 258755.817, 64
Trd, 258755.867, 69
Trd, 258756.217, 64
Trd, 258756.267, 69
Trd, 258756.417, 68
Trd, 258756.667, 67
Trd, 258756.717, 70
Trd, 258756.817, 69
Trd, 258756.883, 65
Trd, 258756.983, 65
Trd, 258757.017, 72
Trd, 258757.033, 63
Trd, 258757.217, 125
Trd, 258757.250, 120
Trd, 258758.233, 140
Trd, 258758.583, 140
Trd, 258759.167, 140
Trd, 258759.267, 140
Trd, 258759.367, 140
Trd, 258759.550, 139
Trd, 258759.633, 140
Trd, 258759.983, 138
Trd, 258760.317, 137
Trd, 258760.800, 116
Trd, 258761.117, 85
Trd, 258761.533, 120
Trd, 258761.617, 119
Trd, 258761.950, 102
Trd, 258762.200, 104
Trd, 258762.283, 103
Trd, 258762.333, 105
Trd, 258762.350, 107
Trd, 258762.400, 101
Trd, 258762.467, 108
Trd, 258762.550, 126
Trd, 258762.850, 103
Trd, 258763.033, 126
Trd, 258763.283, 125
Trd, 258763.317, 92
Trd, 258763.533, 87
Trd, 258764.050, 117
Trd, 258764.083, 112
Trd, 258764.400, 106
Trd, 258764.617, 116
Trd, 258764.683, 108
Trd, 258764.717, 122
Trd, 258764.883, 125
Trd, 258765.217, 74
Trd, 258766.133, 103
Trd, 258766.150, 104
Trd, 258766.267, 106
Trd, 258766.333, 108
Trd, 258766.867, 69
Trd, 258767.100, 98
Trd, 258768.000, 140
Trd, 258768.083, 140
Trd, 258768.267, 140
Trd, 258768.450, 140
Trd, 258768.583, 140
Trd, 258768.950, 140
Trd, 258769.350, 140
Trd, 258769.517, 140
Trd, 258769.533, 138
Trd, 258769.683, 140
Trd, 258769.883, 139
Trd, 258769.917, 132
Trd, 258770.133, 122
Trd, 258770.417, 133
Trd, 258770.483, 134
Trd, 258771.133, 132
Trd, 258771.150, 131
Trd, 258771.417, 132
Trd, 258771.817, 135
Trd, 258771.967, 131
Trd, 258772.183, 126
Trd, 258772.200, 130
Trd, 258772.800, 131
Trd, 258772.917, 128
Trd, 258773.117, 127
Trd, 258773.200, 126
Trd, 258773.300, 96
Trd, 258773.617, 110
Trd, 258774.000, 115
Trd, 258774.350, 90
Trd, 258774.367, 85
Trd, 258774.383, 114
Trd, 258774.617, 99
Trd, 258774.883, 108
Trd, 258775.017, 111
Trd, 258775.100, 99
Trd, 258775.150, 113
Trd, 258775.333, 114
Trd, 258775.417, 118
Trd, 258775.567, 124
Trd, 258775.917, 127
Trd, 258776.517, 121
Trd, 258776.767, 122
Trd, 258777.217, 106
Trd, 258777.333, 133
Trd, 258777.650, 109
Trd, 258778.017, 116
Trd, 258778.750, 139
Trd, 258778.783, 137
Trd, 258779.017, 137
Trd, 258779.083, 136
Trd, 258780.033, 140
Trd, 258780.067, 140
Trd, 258780.200, 140
Trd, 258780.317, 140
Trd, 258780.417, 139
Trd, 258780.900, 140
Trd, 258781.233, 140
Trd, 258781.350, 140
Trd, 258781.417, 140
Trd, 258781.450, 138
Trd, 258781.583, 137
Trd, 258781.633, 128
Trd, 258781.900, 127
Trd, 258782.167, 127
Trd, 258782.283, 126
Trd, 258782.467, 133
Trd, 258782.617, 133
Trd, 258783.300, 140
Trd, 258784.033, 140
Trd, 258784.100, 140
Trd, 258784.150, 139
Trd, 258784.483, 140
Trd, 258784.667, 139
Trd, 258784.917, 139
Trd, 258784.933, 139
Trd, 258785.133, 139
Trd, 258785.150, 132
Trd, 258785.533, 133
Trd, 258785.617, 125
Trd, 258785.717, 134
Trd, 258785.817, 124
Trd, 258786.217, 125
Trd, 258786.233, 131
Trd, 258786.300, 124
Trd, 258786.483, 135
Trd, 258786.917, 104
Trd, 258787.217, 131
Trd, 258787.500, 104
Trd, 258787.567, 103
Trd, 258787.600, 121
Trd, 258788.000, 134
Trd, 258788.117, 136
Trd, 258788.250, 139
Trd, 258788.450, 139
Trd, 258788.817, 140
Trd, 258789.867, 140
Trd, 258789.900, 140
Trd, 258790.350, 140
Trd, 258790.383, 140
Trd, 258790.950, 140
Trd, 258790.967, 140
Trd, 258791.617, 140
Trd, 258791.733, 140
Trd, 258791.900, 140
Trd, 258792.000, 139
Trd, 258792.033, 138
Trd, 258792.117, 138
Trd, 258792.483, 135
Trd, 258792.633, 135
Trd, 258792.717, 134
Trd, 258793.250, 127
Trd, 258793.317, 128
Trd, 258793.383, 131
Trd, 258793.467, 125
Trd, 258793.683, 117
Trd, 258793.867, 127
Trd, 258793.983, 107
Trd, 258794.050, 103
Trd, 258794.333, 127
Trd, 258794.600, 80
Trd, 258794.900, 121
Trd, 258795.383, 114
Trd, 258795.433, 118
Trd, 258795.450, 81
Trd, 258795.800, 113
Trd, 258795.833, 62
Trd, 258796.050, 68
Trd, 258796.333, 66
Trd, 258796.633, 66
Trd, 258796.683, 67
Trd, 258796.933, 63
Trd, 258797.000, 63
Trd, 258797.017, 67
Trd, 258797.233, 66
Trd, 258797.300, 64
Trd, 258797.633, 64
Trd, 258797.667, 64
Trd, 258797.917, 65
Trd, 258797.967, 68
Trd, 258798.017, 92
Trd, 258798.583, 140
Trd, 258798.617, 140
Trd, 258799.317, 140
Trd, 258799.450, 140
Trd, 258799.783, 140
Trd, 258800.350, 140
Trd, 258800.600, 140
Trd, 258800.650, 140
Trd, 258800.683, 140
Trd, 258800.983, 140
Trd, 258801.100, 140
Trd, 258801.433, 140
Trd, 258801.600, 140
Trd, 258801.750, 139
Trd, 258801.800, 139
Trd, 258801.883, 140
Trd, 258803.350, 140
Trd, 258803.367, 140
Trd, 258803.383, 140
Trd, 258803.433, 140
Trd, 258803.733, 140
Trd, 258804.500, 140
Trd, 258804.517, 140
Trd, 258804.783, 140
Trd, 258804.933, 140
Trd, 258805.350, 140
Trd, 258805.450, 140
Trd, 258805.517, 139
Trd, 258805.583, 139
Trd, 258806.033, 139
Trd, 258806.050, 138
Trd, 258806.317, 128
Trd, 258806.383, 125
Trd, 258806.550, 139
Trd, 258806.583, 138
Trd, 258806.717, 122
Trd, 258806.833, 114
Trd, 258806.883, 107
Trd, 258806.950, 100
Trd, 258807.250, 129
Trd, 258807.700, 104
Trd, 258808.033, 102
Trd, 258808.417, 125
Trd, 258808.600, 124
Trd, 258808.850, 122
Trd, 258808.867, 120
Trd, 258808.917, 124
Trd, 258809.050, 120
Trd, 258809.400, 128
Trd, 258809.433, 121
Trd, 258809.900, 128
Trd, 258810.183, 121
Trd, 258810.200, 120
Trd, 258810.233, 127
Trd, 258810.467, 106
Trd, 258811.167, 99
Trd, 258811.217, 97
Trd, 258811.633, 140
Trd, 258811.867, 140
Trd, 258812.167, 140
Trd, 258812.300, 140
Trd, 258812.383, 140
Trd, 258812.433, 140
Trd, 258812.567, 139
Trd, 258812.733, 140
Trd, 258813.250, 127
Trd, 258813.367, 139
Trd, 258813.533, 124
Trd, 258813.633, 116
Trd, 258813.917, 105
Trd, 258814.183, 131
Trd, 258814.333, 132
Trd, 258814.367, 100
Trd, 258814.600, 85
Trd, 258815.300, 86
Trd, 258815.483, 85
Trd, 258815.567, 85
Trd, 258815.617, 86
Trd, 258815.983, 85
Trd, 258816.083, 84
Trd, 258816.133, 86
Trd, 258816.150, 87
Trd, 258816.250, 140
Trd, 258816.450, 61
Trd, 258816.533, 61
Trd, 258816.617, 62
Trd, 258816.633, 62
Trd, 258816.967, 88
Trd, 258817.200, 122
Trd, 258817.433, 104
Trd, 258818.100, 139
Trd, 258818.583, 140
Trd, 258818.600, 140
Trd, 258819.417, 140
Trd, 258819.567, 139
Trd, 258819.617, 138
Trd, 258819.933, 139
Trd, 258820.500, 140
Trd, 258820.700, 139
Trd, 258820.800, 127
Trd, 258820.833, 117
Trd, 258820.900, 138
Trd, 258821.283, 104
Trd, 258821.350, 97
Trd, 258821.950, 93
Trd, 258822.133, 93
Trd, 258822.333, 94
Trd, 258822.467, 100
Trd, 258822.567, 101
Trd, 258823.017, 102
Trd, 258823.033, 98
Trd, 258823.450, 102
Trd, 258823.650, 101
Trd, 258823.767, 100
Trd, 258823.850, 102
Trd, 258824.033, 103
Trd, 258824.067, 80
Trd, 258824.150, 104
Trd, 258824.167, 77
Trd, 258824.450, 140
Trd, 258824.633, 140
Trd, 258824.817, 139
Trd, 258825.217, 113
Trd, 258825.400, 132
Trd, 258826.300, 127
Trd, 258826.400, 125
Trd, 258826.533, 126
Trd, 258826.767, 137
Trd, 258826.867, 136
Trd, 258826.950, 138
Trd, 258827.517, 134
Trd, 258827.733, 118
Trd, 258827.900, 86
Trd, 258828.167, 127
Trd, 258828.200, 107
Trd, 258828.400, 73
Trd, 258828.717, 62
Trd, 258828.800, 63
Trd, 258829.050, 62
Trd, 258829.067, 63
Trd, 258829.150, 63
Trd, 258829.167, 64
Trd, 258829.350, 104
Trd, 258829.450, 62
Trd, 258829.533, 127
Trd, 258829.567, 110
Trd, 258829.700, 130
Trd, 258830.033, 86
Trd, 258830.750, 101
Trd, 258830.983, 128
Trd, 258831.183, 119
Trd, 258831.233, 126
Trd, 258831.333, 127
Trd, 258831.383, 128
Trd, 258831.433, 125
Trd, 258832.150, 104
Trd, 258832.233, 103
Trd, 258832.450, 101
Trd, 258832.533, 100
Trd, 258832.567, 117
Trd, 258832.850, 117
Trd, 258832.950, 121
Trd, 258833.017, 100
Trd, 258833.067, 127
Trd, 258833.533, 127
Trd, 258833.817, 121
Trd, 258834.150, 104
Trd, 258834.517, 102
Trd, 258834.533, 104
Trd, 258834.633, 105
Trd, 258834.750, 101
Trd, 258834.783, 100
Trd, 258835.167, 120
Trd, 258835.300, 111
Trd, 258835.633, 125
Trd, 258835.933, 125
Trd, 258836.050, 126
Trd, 258836.183, 104
Trd, 258836.267, 103
Trd, 258836.467, 80
Trd, 258836.650, 123
Trd, 258837.067, 139
Trd, 258837.617, 140
Trd, 258837.633, 139
Trd, 258837.867, 140
Trd, 258838.017, 140
Trd, 258838.550, 140
Trd, 258839.017, 140
Trd, 258840.100, 140
Trd, 258840.300, 140
Trd, 258841.250, 140
Trd, 258841.450, 140
Trd, 258841.600, 140
Trd, 258841.633, 140
Trd, 258841.800, 139
Trd, 258841.883, 139
Trd, 258841.967, 137
Trd, 258842.450, 136
Trd, 258842.733, 135
Trd, 258842.800, 115
Trd, 258842.833, 136
Trd, 258843.117, 123
Trd, 258843.467, 131
Trd, 258843.750, 124
Trd, 258843.767, 121
Trd, 258843.783, 130
Trd, 258844.017, 129
Trd, 258844.100, 128
Trd, 258844.167, 131
Trd, 258844.350, 109
Trd, 258844.700, 108
Trd, 258844.733, 107
Trd, 258845.017, 99
Trd, 258845.233, 110
Trd, 258845.367, 104
Trd, 258845.450, 109
Trd, 258845.650, 110
Trd, 258845.883, 110
Trd, 258846.450, 84
Trd, 258846.533, 79
Trd, 258846.717, 85
Trd, 258846.967, 85
Trd, 258846.983, 69
Trd, 258847.033, 111
Trd, 258847.117, 130
Trd, 258847.283, 69
Trd, 258848.167, 140
Trd, 258848.450, 140
Trd, 258848.517, 140
Trd, 258848.833, 136
Trd, 258848.933, 131
Trd, 258848.983, 130
Trd, 258849.117, 140
Trd, 258849.417, 107
Trd, 258849.550, 106
Trd, 258849.700, 106
Trd, 258849.833, 114
Trd, 258849.850, 97
Trd, 258849.900, 137
Trd, 258849.950, 138
Trd, 258850.183, 140
Trd, 258850.217, 70
Trd, 258850.383, 137
Trd, 258850.483, 69
Trd, 258850.617, 136
Trd, 258850.867, 137
Trd, 258851.267, 136
Trd, 258851.483, 137
Trd, 258851.567, 120
Trd, 258851.650, 91
Trd, 258852.317, 138
Trd, 258852.600, 131
Trd, 258852.900, 132
Trd, 258852.933, 136
Trd, 258853.000, 137
Trd, 258853.983, 132
Trd, 258854.083, 132
Trd, 258854.250, 131
Trd, 258854.500, 132
Trd, 258854.617, 132
Trd, 258854.883, 128
Trd, 258854.900, 110
Trd, 258855.267, 127
Trd, 258855.450, 128
Trd, 258855.533, 129
Trd, 258855.933, 133
Trd, 258856.117, 126
Trd, 258856.583, 125
Trd, 258856.650, 124
Trd, 258858.000, 140
Trd, 258858.017, 140
Trd, 258858.450, 140
Trd, 258858.500, 140
Trd, 258858.533, 140
Trd, 258858.933, 140
Trd, 258859.183, 140
Trd, 258859.400, 139
Trd, 258859.533, 136
Trd, 258859.867, 130
Trd, 258860.283, 131
Trd, 258860.567, 135
Trd, 258860.733, 131
Trd, 258860.900, 133
Trd, 258860.967, 131
Trd, 258861.133, 135
Trd, 258861.200, 136
Trd, 258861.550, 130
Trd, 258861.700, 129
Trd, 258861.783, 109
Trd, 258862.033, 133
Trd, 258862.167, 114
Trd, 258862.417, 114
Trd, 258862.550, 101
Trd, 258862.700, 114
Trd, 258862.767, 115
Trd, 258862.950, 133
Trd, 258863.417, 133
Trd, 258863.850, 137
Trd, 258864.383, 115
Trd, 258864.483, 106
Trd, 258864.600, 122
Trd, 258864.683, 98
Trd, 258864.700, 97
Trd, 258865.083, 96
Trd, 258865.117, 124
Trd, 258865.283, 122
Trd, 258865.383, 99
Trd, 258865.633, 105
Trd, 258865.883, 130
Trd, 258865.917, 139
Trd, 258866.100, 134
Trd, 258866.300, 99
Trd, 258866.650, 100
Trd, 258868.167, 140
Trd, 258869.533, 140
Trd, 258869.667, 140
Trd, 258869.733, 140
Trd, 258869.800, 140
Trd, 258869.850, 140
Trd, 258869.933, 140
Trd, 258870.017, 140
Trd, 258870.183, 139
Trd, 258870.267, 138
Trd, 258870.333, 140
Trd, 258870.683, 120
Trd, 258870.817, 114
Trd, 258871.167, 126
Trd, 258871.183, 137
Trd, 258871.633, 138
Trd, 258871.933, 132
Trd, 258872.400, 132
Trd, 258872.567, 126
Trd, 258872.633, 133
Trd, 258872.783, 127
Trd, 258872.867, 126
Trd, 258872.900, 125
Trd, 258873.083, 133
Trd, 258873.433, 122
Trd, 258873.867, 117
Trd, 258874.283, 133
Trd, 258874.400, 123
Trd, 258874.750, 128
Trd, 258874.933, 127
Trd, 258875.033, 118
Trd, 258875.733, 119
Trd, 258875.933, 119
Trd, 258876.017, 118
Trd, 258876.083, 110
Trd, 258876.117, 119
Trd, 258876.300, 120
Trd, 258876.517, 118
Trd, 258876.883, 116
Trd, 258877.017, 99
Trd, 258877.033, 116
Trd, 258877.433, 78
Trd, 258877.517, 74
Trd, 258877.633, 74
Trd, 258877.767, 78
Trd, 258878.117, 76
Trd, 258878.167, 71
Trd, 258878.250, 78
Trd, 258878.300, 65
Trd, 258878.400, 77
Trd, 258878.567, 77
Trd, 258878.900, 77
Trd, 258879.150, 78
Trd, 258879.267, 79
Trd, 258879.433, 75
Trd, 258879.833, 79
Trd, 258879.900, 75
Trd, 258879.967, 80
Trd, 258880.033, 74
Trd, 258880.283, 137
Trd, 258880.467, 139
Trd, 258880.750, 139
Trd, 258881.100, 140
Trd, 258881.117, 140
Trd, 258881.267, 139
Trd, 258881.350, 139
Trd, 258881.633, 135
Trd, 258881.700, 106
Trd, 258881.950, 139
Trd, 258881.983, 138
Trd, 258882.683, 129
Trd, 258882.817, 111
Trd, 258882.917, 130
Trd, 258882.933, 109
Trd, 258882.950, 108
Trd, 258883.367, 118
Trd, 258883.483, 108
Trd, 258883.650, 107
Trd, 258883.700, 126
Trd, 258883.867, 127
Trd, 258883.883, 97
Trd, 258884.300, 98
Trd, 258884.467, 120
Trd, 258884.517, 122
Trd, 258884.833, 125
Trd, 258884.867, 110
Trd, 258884.933, 97
Trd, 258885.233, 125
Trd, 258885.467, 73
Trd, 258885.500, 72
Trd, 258886.017, 73
Trd, 258887.000, 60
Trd, 258887.133, 60
Trd, 258887.300, 60
Trd, 258887.433, 61
Trd, 258887.783, 63
Trd, 258887.817, 63
Trd, 258887.867, 62
Trd, 258887.933, 63
Trd, 258888.017, 63
Trd, 258888.150, 63
Trd, 258888.350, 64
Trd, 258888.467, 64
Trd, 258888.483, 74
Trd, 258889.033, 83
Trd, 258889.133, 137
Trd, 258889.267, 140
Trd, 258890.050, 140
Trd, 258890.083, 140
Trd, 258890.400, 110
Trd, 258890.917, 139
Trd, 258890.983, 138
Trd, 258891.000, 118
Trd, 258891.183, 139
Trd, 258891.317, 139
Trd, 258891.383, 139
Trd, 258891.433, 138
Trd, 258891.633, 108
Trd, 258891.683, 107
Trd, 258892.000, 106
Trd, 258892.150, 99
Trd, 258892.250, 100
Trd, 258892.283, 101
Trd, 258892.417, 138
Trd, 258892.433, 90
Trd, 258892.517, 140
Trd, 258893.300, 140
Trd, 258893.817, 120
Trd, 258893.900, 102
Trd, 258894.433, 139
Trd, 258894.833, 140
Trd, 258895.383, 138
Trd, 258895.533, 101
Trd, 258895.550, 96
Trd, 258895.700, 139
Trd, 258895.850, 139
Trd, 258896.217, 138
Trd, 258896.450, 140
Trd, 258896.550, 138
Trd, 258896.783, 138
Trd, 258896.933, 137
Trd, 258897.017, 109
Trd, 258897.133, 106
Trd, 258897.217, 107
Trd, 258897.400, 129
Trd, 258897.517, 137
Trd, 258897.600, 138
Trd, 258897.667, 105
Trd, 258897.933, 110
Trd, 258898.017, 139
Trd, 258898.050, 109
Trd, 258898.633, 137
Trd, 258898.767, 136
Trd, 258899.517, 132
Trd, 258899.700, 131
Trd, 258899.717, 133
Trd, 258899.767, 115
Trd, 258899.850, 111
Trd, 258900.067, 87
Trd, 258900.183, 135
Trd, 258900.400, 84
Trd, 258901.050, 85
Trd, 258901.767, 115
Trd, 258901.867, 138
Trd, 258902.250, 139
Trd, 258902.367, 140
Trd, 258903.150, 140
Trd, 258903.383, 140
Trd, 258903.433, 140
Trd, 258903.483, 140
Trd, 258903.517, 139
Trd, 258903.583, 138
Trd, 258903.717, 137
Trd, 258903.767, 138
Trd, 258903.883, 136
Trd, 258904.317, 130
Trd, 258904.400, 128
Trd, 258904.683, 128
Trd, 258904.983, 121
Trd, 258905.167, 124
Trd, 258905.317, 102
Trd, 258905.467, 120
Trd, 258905.550, 123
Trd, 258906.183, 118
Trd, 258906.267, 120
Trd, 258906.350, 120
Trd, 258906.783, 114
Trd, 258906.817, 116
Trd, 258906.983, 101
Trd, 258907.050, 116
Trd, 258907.233, 116
Trd, 258907.400, 100
Trd, 258907.433, 77
Trd, 258908.517, 140
Trd, 258908.583, 140
Trd, 258908.683, 140
Trd, 258908.783, 140
Trd, 258908.883, 140
Trd, 258909.600, 137
Trd, 258910.100, 136
Trd, 258910.533, 135
Trd, 258911.100, 134
Trd, 258912.100, 140
Trd, 258912.200, 140
Trd, 258912.600, 140
Trd, 258912.667, 140
Trd, 258912.750, 140
Trd, 258912.767, 140
Trd, 258912.967, 140
Trd, 258913.183, 140
Trd, 258913.283, 140
Trd, 258913.300, 140
Trd, 258913.400, 140
Trd, 258913.517, 140
Trd, 258913.567, 139
Trd, 258913.633, 139
Trd, 258913.767, 107
Trd, 258914.450, 94
Trd, 258914.517, 100
Trd, 258914.550, 88
Trd, 258915.133, 93
Trd, 258915.350, 77
Trd, 258915.533, 76
Trd, 258915.567, 91
Trd, 258915.700, 90
Trd, 258915.850, 89
Trd, 258916.000, 71
Trd, 258916.200, 87
Trd, 258916.350, 103
Trd, 258916.717, 70
Trd, 258916.733, 77
Trd, 258916.750, 69
Trd, 258917.233, 140
Trd, 258917.283, 140
Trd, 258917.333, 139
Trd, 258917.467, 132
Trd, 258917.967, 62
Trd, 258918.050, 66
Trd, 258918.083, 67
Trd, 258918.350, 127
Trd, 258918.417, 131
Trd, 258918.983, 121
Trd, 258919.017, 119
Trd, 258919.217, 123
Trd, 258919.333, 128
Trd, 258919.350, 129
Trd, 258919.367, 130
Trd, 258919.533, 138
Trd, 258920.467, 140
Trd, 258921.033, 140
Trd, 258921.600, 140
Trd, 258921.767, 139
Trd, 258922.033, 136
Trd, 258922.050, 119
Trd, 258922.200, 137
Trd, 258922.250, 118
Trd, 258922.317, 114
Trd, 258922.450, 98
Trd, 258922.867, 130
Trd, 258923.450, 126
Trd, 258923.717, 126
Trd, 258923.883, 96
Trd, 258924.300, 117
Trd, 258924.333, 116
Trd, 258924.567, 117
Trd, 258924.917, 120
Trd, 258924.933, 121
Trd, 258924.950, 116
Trd, 258925.017, 99
Trd, 258925.583, 118
Trd, 258925.917, 116
Trd, 258926.100, 115
Trd, 258926.300, 110
Trd, 258926.317, 109
Trd, 258926.900, 114
Trd, 258927.100, 115
Trd, 258927.200, 115
Trd, 258927.433, 74
Trd, 258927.633, 63
Trd, 258927.850, 89
Trd, 258927.917, 115
Trd, 258927.933, 116
Trd, 258928.050, 120
Trd, 258928.133, 121
Trd, 258928.200, 92
Trd, 258928.300, 70
Trd, 258929.000, 114
Trd, 258929.317, 112
Trd, 258929.433, 113
Trd, 258929.833, 106
Trd, 258929.867, 101
Trd, 258930.133, 115
Trd, 258930.150, 73
Trd, 258930.233, 76
Trd, 258930.467, 64
Trd, 258930.517, 64
Trd, 258930.650, 64
Trd, 258930.950, 60
Trd, 258931.167, 63
Trd, 258931.250, 64
Trd, 258931.300, 121
Trd, 258931.733, 87
Trd, 258931.750, 92
Trd, 258931.833, 68
Trd, 258932.383, 71
Trd, 258932.433, 74
Trd, 258932.983, 136
Trd, 258933.283, 140
Trd, 258933.717, 140
Trd, 258933.767, 140
Trd, 258934.217, 140
Trd, 258934.267, 140
Trd, 258934.400, 140
Trd, 258934.633, 139
Trd, 258934.650, 132
Trd, 258934.983, 98
Trd, 258935.150, 119
Trd, 258935.933, 126
Trd, 258935.950, 127
Trd, 258936.067, 126
Trd, 258936.083, 127
Trd, 258936.117, 135
Trd, 258936.150, 124
Trd, 258936.167, 121
Trd, 258936.650, 61
Trd, 258936.700, 61
Trd, 258936.783, 60
Trd, 258936.850, 60
Trd, 258937.150, 60
Trd, 258937.300, 60
Trd, 258937.417, 60
Trd, 258937.967, 60
Trd, 258938.117, 60
Trd, 258938.717, 60
Trd, 258939.017, 60
Trd, 258939.383, 60
Trd, 258939.633, 60
Trd, 258940.000, 60
Trd, 258940.017, 61
Trd, 258940.117, 63
Trd, 258940.167, 63
Trd, 258940.317, 63
Trd, 258940.617, 67
Trd, 258940.850, 67
Trd, 258940.867, 68
Trd, 258941.050, 85
Trd, 258941.117, 92
Trd, 258941.233, 66
Trd, 258941.400, 72
Trd, 258941.783, 73
Trd, 258942.500, 140
Trd, 258942.583, 75
Trd, 258942.650, 75
Trd, 258942.833, 137
Trd, 258943.233, 132
Trd, 258943.567, 114
Trd, 258943.617, 113
Trd, 258943.650, 115
Trd, 258943.967, 114
Trd, 258944.117, 102
Trd, 258944.417, 113
Trd, 258944.583, 114
Trd, 258944.767, 105
Trd, 258945.133, 117
Trd, 258945.250, 121
Trd, 258945.517, 140
Trd, 258946.167, 137
Trd, 258946.467, 140
Trd, 258946.900, 140
Trd, 258947.133, 140
Trd, 258947.350, 139
Trd, 258947.433, 136
Trd, 258947.483, 134
Trd, 258948.317, 140
Trd, 258948.417, 140
Trd, 258948.817, 140
Trd, 258949.067, 140
Trd, 258949.717, 140
Trd, 258949.817, 140
Trd, 258949.950, 140
Trd, 258950.050, 139
Trd, 258950.283, 138
Trd, 258950.533, 134
Trd, 258950.633, 131
Trd, 258950.650, 132
Trd, 258950.833, 131
Trd, 258950.933, 133
Trd, 258951.017, 134
Trd, 258951.117, 135
Trd, 258951.817, 140
Trd, 258952.017, 122
Trd, 258952.183, 121
Trd, 258952.283, 117
Trd, 258952.300, 96
Trd, 258952.917, 140
Trd, 258953.000, 139
Trd, 258953.483, 139
Trd, 258953.650, 136
Trd, 258953.683, 137
Trd, 258953.800, 139
Trd, 258954.883, 105
Trd, 258955.233, 103
Trd, 258955.250, 102
Trd, 258955.633, 80
Trd, 258955.733, 79
Trd, 258955.817, 119
Trd, 258955.917, 120
Trd, 258956.033, 118
Trd, 258956.567, 102
Trd, 258956.667, 101
Trd, 258956.733, 113
Trd, 258957.200, 109
Trd, 258957.383, 108
Trd, 258957.500, 108
Trd, 258957.600, 110
Trd, 258957.800, 109
Trd, 258958.133, 109
Trd, 258958.183, 109
Trd, 258958.317, 108
Trd, 258958.450, 105
Trd, 258958.483, 113
Trd, 258958.900, 100
Trd, 258959.233, 87
Trd, 258959.317, 109
Trd, 258959.367, 93
Trd, 258959.450, 110
Trd, 258959.733, 110
Trd, 258959.883, 110
Trd, 258960.117, 110
Trd, 258960.167, 107
Trd, 258960.450, 85
Trd, 258960.500, 109
Trd, 258960.633, 84
Trd, 258960.817, 73
Trd, 258961.183, 108
Trd, 258961.367, 107
Trd, 258961.717, 63
Trd, 258961.867, 64
Trd, 258962.100, 66
Trd, 258962.233, 109
Trd, 258963.317, 140
Trd, 258963.667, 140
Trd, 258963.800, 140
Trd, 258963.833, 140
Trd, 258963.883, 140
Trd, 258964.067, 140
Trd, 258964.133, 139
Trd, 258964.467, 139
Trd, 258964.483, 133
Trd, 258964.717, 104
Trd, 258964.850, 99
Trd, 258964.983, 102
Trd, 258965.017, 135
Trd, 258965.100, 91
Trd, 258965.300, 136
Trd, 258965.350, 128
Trd, 258965.733, 135
Trd, 258965.933, 106
Trd, 258966.067, 103
Trd, 258966.167, 82
Trd, 258966.583, 132
Trd, 258966.767, 134
Trd, 258967.317, 132
Trd, 258967.483, 131
Trd, 258967.583, 130
Trd, 258968.183, 136
Trd, 258968.483, 140
Trd, 258969.050, 140
Trd, 258969.133, 139
Trd, 258969.367, 139
Trd, 258969.450, 138
Trd, 258969.483, 137
Trd, 258969.583, 137
Trd, 258969.767, 136
Trd, 258970.367, 121
Trd, 258970.700, 125
Trd, 258970.750, 126
Trd, 258970.867, 100
Trd, 258970.883, 91
Trd, 258971.217, 88
Trd, 258971.633, 91
Trd, 258972.017, 82
Trd, 258972.133, 110
Trd, 258972.217, 78
Trd, 258972.317, 77
Trd, 258972.667, 109
Trd, 258972.750, 86
Trd, 258972.900, 109
Trd, 258973.267, 88
Trd, 258973.350, 110
Trd, 258973.883, 112
Trd, 258974.333, 110
Trd, 258974.467, 111
Trd, 258974.583, 112
Trd, 258974.817, 107
Trd, 258975.050, 95
Trd, 258975.100, 109
Trd, 258975.183, 110
Trd, 258975.300, 94
Trd, 258975.317, 111
Trd, 258975.417, 94
Trd, 258975.467, 93
Trd, 258975.683, 108
Trd, 258976.367, 116
Trd, 258976.383, 116
Trd, 258976.517, 125
Trd, 258976.583, 127
Trd, 258976.867, 91
Trd, 258977.300, 132
Trd, 258977.583, 67
Trd, 258977.700, 65
Trd, 258977.933, 62
Trd, 258978.167, 73
Trd, 258978.350, 89
Trd, 258978.433, 89
Trd, 258978.633, 89
Trd, 258978.800, 90
Trd, 258979.283, 90
Trd, 258979.317, 135
Trd, 258979.400, 77
Trd, 258979.650, 66
Trd, 258979.883, 130
Trd, 258979.950, 131
Trd, 258980.300, 140
Trd, 258980.383, 138
Trd, 258980.433, 138
Trd, 258980.483, 75
Trd, 258980.600, 75
Trd, 258981.483, 122
Trd, 258981.617, 121
Trd, 258982.367, 140
Trd, 258982.383, 140
Trd, 258982.567, 140
Trd, 258982.667, 140
Trd, 258982.933, 140
Trd, 258983.033, 140
Trd, 258983.550, 140
Trd, 258983.617, 140
Trd, 258984.017, 140
Trd, 258984.067, 140
Trd, 258984.250, 139
Trd, 258984.500, 139
Trd, 258984.783, 140
Trd, 258984.850, 139
Trd, 258985.017, 132
Trd, 258985.367, 118
Trd, 258985.600, 135
Trd, 258985.733, 136
Trd, 258985.900, 116
Trd, 258985.917, 115
Trd, 258985.983, 115
Trd, 258986.067, 100
Trd, 258986.183, 81
Trd, 258986.217, 113
Trd, 258986.250, 98
Trd, 258986.367, 78
Trd, 258986.500, 124
Trd, 258986.850, 99
Trd, 258986.933, 101
Trd, 258987.033, 129
Trd, 258987.300, 92
Trd, 258987.450, 85
Trd, 258987.633, 73
Trd, 258987.883, 62
Trd, 258987.933, 63
Trd, 258988.400, 80
Trd, 258988.833, 74
Trd, 258989.333, 66
Trd, 258989.633, 68
Trd, 258989.650, 69
Trd, 258989.700, 70
Trd, 258989.767, 67
Trd, 258989.850, 71
Trd, 258989.883, 72
Trd, 258990.017, 81
Trd, 258990.467, 94
Trd, 258990.717, 121
Trd, 258991.200, 139
Trd, 258991.317, 137
Trd, 258991.833, 130
Trd, 258992.250, 116
Trd, 258992.567, 132
Trd, 258992.933, 115
Trd, 258992.950, 129
Trd, 258993.050, 95
Trd, 258993.183, 130
Trd, 258993.283, 131
Trd, 258994.067, 101
Trd, 258994.083, 99
Trd, 258994.217, 127
Trd, 258994.350, 130
Trd, 258994.517, 130
Trd, 258994.700, 93
Trd, 258994.767, 130
Trd, 258994.783, 91
Trd, 258995.017, 132
Trd, 258995.150, 120
Trd, 258995.517, 137
Trd, 258995.633, 136
Trd, 258995.800, 95
Trd, 258996.433, 112
Trd, 258997.450, 140
Trd, 258997.533, 140
Trd, 258998.000, 140
Trd, 258998.033, 140
Trd, 258998.233, 140
Trd, 258998.283, 140
Trd, 258998.367, 139
Trd, 258998.383, 134
Trd, 258998.683, 112
Trd, 258998.750, 111
Trd, 258998.833, 109
Trd, 258998.950, 93
Trd, 258999.550, 125
Trd, 258999.733, 123
Trd, 258999.817, 124
Trd, 259000.017, 125
Trd, 259000.150, 125
Trd, 259000.233, 127
Trd, 259000.617, 127
Trd, 259000.750, 127
Trd, 259000.783, 124
Trd, 259000.950, 129
Trd, 259001.100, 131
Trd, 259001.150, 118
Trd, 259001.433, 134
Trd, 259001.550, 109
Trd, 259002.367, 139
Trd, 259002.783, 140
Trd, 259003.067, 140
Trd, 259003.217, 140
Trd, 259003.650, 140
Trd, 259004.317, 140
Trd, 259004.467, 140
Trd, 259004.483, 140
Trd, 259004.650, 140
Trd, 259004.667, 140
Trd, 259004.683, 140
Trd, 259004.850, 140
Trd, 259005.100, 140
Trd, 259005.150, 140
Trd, 259005.217, 138
Trd, 259005.267, 111
Trd, 259005.450, 136
Trd, 259006.083, 139
Trd, 259006.167, 112
Trd, 259006.183, 140
Trd, 259006.317, 140
Trd, 259006.817, 114
Trd, 259007.033, 113
Trd, 259007.917, 140
Trd, 259008.183, 140
Trd, 259008.250, 140
Trd, 259008.467, 140
Trd, 259008.550, 140
Trd, 259009.067, 140
Trd, 259009.133, 140
Trd, 259009.517, 139
Trd, 259009.550, 137
Trd, 259010.083, 123
Trd, 259010.100, 122
Trd, 259010.300, 129
Trd, 259010.333, 136
Trd, 259010.467, 120
Trd, 259010.517, 120
Trd, 259010.833, 119
Trd, 259011.000, 112
Trd, 259011.417, 121
Trd, 259011.967, 113
Trd, 259012.083, 112
Trd, 259012.217, 113
Trd, 259012.433, 112
Trd, 259012.617, 117
Trd, 259012.650, 118
Trd, 259012.700, 108
Trd, 259012.767, 121
Trd, 259013.033, 117
Trd, 259013.167, 127
Trd, 259013.267, 127
Trd, 259013.667, 138
Trd, 259013.900, 120
Trd, 259014.133, 140
Trd, 259014.400, 135
Trd, 259014.467, 120
Trd, 259014.967, 134
Trd, 259015.100, 123
Trd, 259015.317, 132
Trd, 259015.750, 120
Trd, 259016.000, 130
Trd, 259016.083, 113
Trd, 259016.383, 129
Trd, 259016.417, 97
Trd, 259016.517, 81
Trd, 259016.883, 101
Trd, 259017.283, 99
Trd, 259017.683, 120
Trd, 259017.883, 119
Trd, 259018.000, 118
Trd, 259018.083, 119
Trd, 259018.150, 120
Trd, 259018.483, 96
Trd, 259018.650, 119
Trd, 259018.700, 120
Trd, 259018.767, 121
Trd, 259019.067, 100
Trd, 259019.117, 122
Trd, 259019.167, 97
Trd, 259019.233, 96
Trd, 259020.017, 118
Trd, 259020.800, 138
Trd, 259020.867, 134
Trd, 259021.017, 140
Trd, 259021.183, 140
Trd, 259021.650, 140
Trd, 259021.683, 140
Trd, 259021.700, 140
Trd, 259021.767, 139
Trd, 259021.783, 138
Trd, 259022.167, 139
Trd, 259022.217, 138
Trd, 259023.033, 138
Trd, 259023.433, 130
Trd, 259023.533, 126
Trd, 259023.783, 110
Trd, 259024.350, 122
Trd, 259024.367, 126
Trd, 259024.500, 125
Trd, 259024.617, 111
Trd, 259024.783, 124
Trd, 259025.383, 117
Trd, 259025.400, 118
Trd, 259025.433, 119
Trd, 259025.550, 97
Trd, 259025.567, 126
Trd, 259025.633, 127
Trd, 259026.017, 96
Trd, 259026.250, 95
Trd, 259026.283, 96
Trd, 259026.367, 96
Trd, 259026.433, 93
Trd, 259026.533, 99
Trd, 259027.383, 97
Trd, 259027.533, 99
Trd, 259027.683, 92
Trd, 259027.850, 99
Trd, 259028.000, 99
Trd, 259028.167, 99
Trd, 259028.383, 99
Trd, 259028.567, 91
Trd, 259028.600, 100
Trd, 259028.633, 86
Trd, 259028.717, 97
Trd, 259028.833, 81
Trd, 259028.917, 107
Trd, 259029.050, 111
Trd, 259029.067, 113
Trd, 259029.233, 124
Trd, 259029.367, 109
Trd, 259029.417, 124
Trd, 259030.250, 126
Trd, 259030.333, 109
Trd, 259030.350, 93
Trd, 259031.150, 118
Trd, 259031.850, 98
Trd, 259031.900, 113
Trd, 259032.017, 114
Trd, 259032.100, 115
Trd, 259032.367, 115
Trd, 259032.483, 92
Trd, 259032.500, 81
Trd, 259032.717, 116
Trd, 259033.067, 83
Trd, 259033.217, 118
Trd, 259033.317, 119
Trd, 259033.400, 139
Trd, 259033.700, 138
Trd, 259033.717, 119
Trd, 259034.267, 121
Trd, 259034.317, 120
Trd, 259034.450, 119
Trd, 259034.800, 118
Trd, 259035.183, 126
Trd, 259036.317, 140
Trd, 259036.567, 140
Trd, 259036.667, 140
Trd, 259036.783, 140
Trd, 259037.017, 140
Trd, 259037.350, 140
Trd, 259037.650, 140
Trd, 259037.967, 140
Trd, 259038.000, 140
Trd, 259038.083, 140
Trd, 259038.300, 139
Trd, 259038.333, 138
Trd, 259038.467, 139
Trd, 259038.617, 138
Trd, 259038.917, 138
Trd, 259038.950, 137
Trd, 259039.067, 139
Trd, 259039.267, 136
Trd, 259039.933, 112
Trd, 259040.367, 122
Trd, 259040.700, 99
Trd, 259040.833, 124
Trd, 259040.900, 125
Trd, 259041.433, 99
Trd, 259041.517, 124
Trd, 259041.700, 104
Trd, 259041.750, 122
Trd, 259041.767, 98
Trd, 259042.433, 122
Trd, 259042.583, 123
Trd, 259042.600, 124
Trd, 259042.983, 111
Trd, 259043.267, 116
Trd, 259043.583, 119
Trd, 259043.883, 115
Trd, 259043.983, 115
Trd, 259044.033, 113
Trd, 259044.217, 115
Trd, 259044.517, 115
Trd, 259044.533, 114
Trd, 259044.850, 114
Trd, 259044.933, 113
Trd, 259045.200, 112
Trd, 259045.350, 99
Trd, 259045.400, 98
Trd, 259045.617, 66
Trd, 259045.633, 111
Trd, 259045.767, 112
Trd, 259045.850, 122
Trd, 259046.283, 86
Trd, 259046.750, 133
Trd, 259046.800, 83
Trd, 259046.833, 135
Trd, 259047.300, 130
Trd, 259047.683, 99
Trd, 259048.650, 104
Trd, 259048.733, 133
Trd, 259048.933, 104
Trd, 259049.233, 128
Trd, 259049.433, 129
Trd, 259049.533, 130
Trd, 259049.600, 131
Trd, 259049.833, 105
Trd, 259049.983, 86
Trd, 259050.133, 127
Trd, 259050.200, 128
Trd, 259050.317, 103
Trd, 259050.483, 97
Trd, 259050.750, 124
Trd, 259050.917, 123
Trd, 259051.150, 102
Trd, 259051.217, 124
Trd, 259051.400, 96
Trd, 259051.567, 119
Trd, 259051.983, 84
Trd, 259052.033, 120
Trd, 259052.367, 83
Trd, 259052.467, 91
Trd, 259052.500, 124
Trd, 259052.700, 106
Trd, 259053.000, 139
Trd, 259053.367, 127
Trd, 259054.033, 131
Trd, 259054.150, 131
Trd, 259055.233, 140
Trd, 259055.317, 140
Trd, 259055.333, 140
Trd, 259055.383, 140
Trd, 259055.433, 140
Trd, 259055.567, 136
Trd, 259055.917, 115
Trd, 259055.983, 138
Trd, 259056.450, 134
Trd, 259056.517, 135
Trd, 259056.783, 139
Trd, 259057.283, 133
Trd, 259057.400, 134
Trd, 259057.633, 132
Trd, 259057.683, 127
Trd, 259058.550, 131
Trd, 259058.600, 130
Trd, 259058.717, 130
Trd, 259058.783, 134
Trd, 259058.850, 128
Trd, 259059.017, 127
Trd, 259059.117, 128
Trd, 259059.233, 127
Trd, 259059.500, 128
Trd, 259059.717, 123
Trd, 259059.783, 127
Trd, 259059.800, 130
Trd, 259060.667, 120
Trd, 259060.833, 122
Trd, 259060.917, 117
Trd, 259061.050, 113
Trd, 259061.133, 112
Trd, 259061.150, 120
Trd, 259061.250, 121
Trd, 259061.417, 123
Trd, 259061.450, 87
Trd, 259061.800, 63
Trd, 259061.883, 64
Trd, 259062.217, 112
Trd, 259062.433, 121
Trd, 259062.500, 123
Trd, 259062.683, 124
Trd, 259062.700, 87
Trd, 259063.000, 109
Trd, 259063.133, 107
Trd, 259063.583, 140
Trd, 259063.717, 120
Trd, 259063.850, 90
Trd, 259063.967, 88
Trd, 259064.183, 140
Trd, 259064.600, 83
Trd, 259064.650, 96
Trd, 259065.283, 84
Trd, 259065.367, 82
Trd, 259065.383, 87
Trd, 259065.450, 88
Trd, 259065.967, 87
Trd, 259066.000, 88
Trd, 259066.133, 81
Trd, 259066.917, 84
Trd, 259067.133, 85
Trd, 259067.267, 86
Trd, 259067.367, 75
Trd, 259067.650, 76
Trd, 259067.683, 86
Trd, 259067.800, 86
Trd, 259067.900, 75
Trd, 259068.100, 109
Trd, 259068.150, 110
Trd, 259068.450, 140
Trd, 259068.867, 140
Trd, 259069.117, 140
Trd, 259069.483, 140
Trd, 259069.617, 140
Trd, 259069.783, 140
Trd, 259069.800, 139
Trd, 259070.050, 133
Trd, 259070.417, 133
Trd, 259070.617, 129
Trd, 259070.633, 128
Trd, 259070.717, 130
Trd, 259070.900, 128
Trd, 259071.033, 129
Trd, 259071.783, 62
Trd, 259071.850, 63
Trd, 259071.883, 67
Trd, 259071.917, 128
Trd, 259072.383, 65
Trd, 259072.833, 121
Trd, 259072.933, 117
Trd, 259073.300, 83
Trd, 259073.367, 73
Trd, 259073.583, 111
Trd, 259073.650, 113
Trd, 259073.683, 110
Trd, 259073.917, 110
Trd, 259074.067, 107
Trd, 259074.450, 104
Trd, 259074.583, 99
Trd, 259074.717, 92
Trd, 259074.817, 104
Trd, 259074.850, 91
Trd, 259075.050, 103
Trd, 259075.367, 97
Trd, 259075.567, 100
Trd, 259075.667, 105
Trd, 259075.933, 105
Trd, 259076.217, 104
Trd, 259076.233, 73
Trd, 259076.300, 105
Trd, 259076.767, 65
Trd, 259077.050, 63
Trd, 259077.083, 64
Trd, 259077.200, 66
Trd, 259077.700, 61
Trd, 259077.983, 71
Trd, 259078.083, 79
Trd, 259078.250, 83
Trd, 259078.267, 81
Trd, 259078.417, 89
Trd, 259078.650, 140
Trd, 259078.833, 140
Trd, 259078.967, 138
Trd, 259079.367, 140
Trd, 259079.983, 139
Trd, 259080.300, 136
Trd, 259080.317, 127
Trd, 259080.550, 136
Trd, 259081.000, 135
Trd, 259081.250, 125
Trd, 259081.317, 124
Trd, 259081.517, 110
Trd, 259081.700, 133
Trd, 259081.983, 107
Trd, 259082.183, 136
Trd, 259082.200, 103
Trd, 259082.217, 101
Trd, 259082.633, 100
Trd, 259083.133, 133
Trd, 259083.150, 121
Trd, 259083.817, 132
Trd, 259084.083, 132
Trd, 259084.233, 114
Trd, 259084.267, 113
Trd, 259084.317, 102
Trd, 259084.717, 130
Trd, 259084.833, 131
Trd, 259085.400, 109
Trd, 259085.533, 124
Trd, 259085.583, 124
Trd, 259085.617, 106
Trd, 259085.733, 123
Trd, 259086.383, 103
Trd, 259086.417, 102
Trd, 259086.433, 124
Trd, 259086.517, 128
Trd, 259086.833, 100
Trd, 259086.950, 102
Trd, 259087.917, 140
Trd, 259088.083, 140
Trd, 259088.200, 140
Trd, 259088.233, 140
Trd, 259088.250, 139
Trd, 259088.533, 140
Trd, 259088.683, 139
Trd, 259088.767, 127
Trd, 259088.900, 124
Trd, 259088.933, 119
Trd, 259089.167, 118
Trd, 259089.217, 137
Trd, 259089.533, 138
Trd, 259089.950, 95
Trd, 259090.333, 121
Trd, 259090.617, 130
Trd, 259090.633, 119
Trd, 259090.717, 88
Trd, 259090.783, 131
Trd, 259091.017, 132
Trd, 259091.100, 82
Trd, 259091.333, 130
Trd, 259091.800, 102
Trd, 259091.817, 75
Trd, 259092.000, 103
Trd, 259092.400, 81
Trd, 259092.517, 71
Trd, 259092.533, 82
Trd, 259092.600, 70
Trd, 259092.783, 83
Trd, 259092.850, 85
Trd, 259093.417, 140
Trd, 259093.733, 138
Trd, 259093.767, 137
Trd, 259093.967, 140
Trd, 259094.550, 138
Trd, 259094.583, 137
Trd, 259095.267, 140
Trd, 259095.483, 140
Trd, 259095.833, 140
Trd, 259096.467, 140
Trd, 259096.533, 140
Trd, 259096.750, 140
Trd, 259097.333, 140
Trd, 259097.417, 140
Trd, 259097.450, 140
Trd, 259097.667, 138
Trd, 259097.767, 138
Trd, 259097.900, 137
Trd, 259097.967, 109
Trd, 259098.067, 138
Trd, 259098.117, 137
Trd, 259098.733, 135
Trd, 259099.417, 131
Trd, 259099.450, 130
Trd, 259099.500, 131
Trd, 259099.667, 125
Trd, 259099.867, 124
Trd, 259099.967, 130
Trd, 259100.550, 126
Trd, 259100.667, 126
Trd, 259100.717, 127
Trd, 259100.750, 129
Trd, 259100.900, 84
Trd, 259101.383, 127
Trd, 259101.567, 127
Trd, 259101.783, 132
Trd, 259102.167, 127
Trd, 259102.200, 97
Trd, 259102.267, 136
Trd, 259102.333, 83
Trd, 259102.417, 137
Trd, 259102.467, 140
Trd, 259102.833, 140
Trd, 259102.967, 140
Trd, 259103.850, 140
Trd, 259104.017, 104
Trd, 259104.683, 129
Trd, 259104.700, 128
Trd, 259104.850, 127
Trd, 259104.900, 127
Trd, 259105.000, 114
Trd, 259105.367, 128
Trd, 259105.683, 128
Trd, 259106.017, 126
Trd, 259106.383, 122
Trd, 259106.450, 114
Trd, 259107.183, 121
Trd, 259107.217, 118
Trd, 259107.300, 119
Trd, 259107.400, 115
Trd, 259107.833, 114
Trd, 259108.267, 114
Trd, 259108.350, 112
Trd, 259108.433, 115
Trd, 259108.550, 110
Trd, 259108.650, 100
Trd, 259108.800, 114
Trd, 259108.850, 115
Trd, 259108.867, 116
Trd, 259108.967, 114
Trd, 259109.233, 98
Trd, 259109.250, 74
Trd, 259109.450, 61
Trd, 259109.567, 61
Trd, 259109.983, 60
Trd, 259110.133, 60
Trd, 259110.183, 60
Trd, 259110.367, 61
Trd, 259110.433, 62
Trd, 259110.733, 63
Trd, 259110.783, 66
Trd, 259110.800, 75
Trd, 259111.183, 64
Trd, 259111.483, 91
Trd, 259111.967, 92
Trd, 259112.367, 104
Trd, 259112.400, 103
Trd, 259112.500, 102
Trd, 259112.533, 88
Trd, 259112.700, 92
Trd, 259112.733, 118
Trd, 259113.533, 140
Trd, 259113.717, 140
Trd, 259113.733, 140
Trd, 259113.983, 140
Trd, 259114.333, 140
Trd, 259114.433, 140
Trd, 259114.767, 140
Trd, 259114.900, 140
Trd, 259114.933, 140
Trd, 259115.133, 140
Trd, 259115.167, 140
Trd, 259115.250, 139
Trd, 259115.333, 139
Trd, 259115.350, 140
Trd, 259115.867, 140
Trd, 259116.083, 139
Trd, 259116.217, 138
Trd, 259116.250, 132
Trd, 259116.583, 140
Trd, 259116.817, 140
Trd, 259117.233, 140
Trd, 259117.300, 138
Trd, 259117.567, 137
Trd, 259117.617, 140
Trd, 259117.867, 137
Trd, 259118.017, 111
Trd, 259118.033, 73
Trd, 259118.517, 100
Trd, 259118.683, 74
Trd, 259118.967, 136
Trd, 259119.417, 63
Trd, 259119.467, 66
Trd, 259119.483, 67
Trd, 259119.867, 135
Trd, 259120.117, 130
Trd, 259120.500, 131
Trd, 259120.633, 130
Trd, 259120.667, 134
Trd, 259120.833, 134
Trd, 259121.017, 133
Trd, 259121.083, 132
Trd, 259121.150, 135
Trd, 259121.800, 121
Trd, 259121.983, 125
Trd, 259122.050, 122
Trd, 259122.133, 126
Trd, 259122.267, 121
Trd, 259122.350, 97
Trd, 259122.450, 70
Trd, 259122.967, 112
Trd, 259123.017, 111
Trd, 259123.100, 125
Trd, 259123.450, 107
Trd, 259123.550, 126
Trd, 259124.017, 115
Trd, 259124.283, 88
Trd, 259124.367, 127
Trd, 259124.417, 128
Trd, 259124.733, 107
Trd, 259125.650, 140
Trd, 259125.800, 140
Trd, 259126.283, 140
Trd, 259126.333, 139
Trd, 259126.767, 140
Trd, 259126.950, 139
Trd, 259127.350, 140
Trd, 259127.383, 140
Trd, 259127.400, 140
Trd, 259127.433, 138
Trd, 259128.017, 139
Trd, 259128.217, 137
Trd, 259128.333, 137
Trd, 259128.583, 116
Trd, 259128.767, 136
Trd, 259129.033, 105
Trd, 259129.100, 90
Trd, 259129.300, 132
Trd, 259129.500, 74
Trd, 259129.550, 75
Trd, 259129.783, 73
Trd, 259129.917, 123
Trd, 259130.117, 73
Trd, 259130.167, 72
Trd, 259130.333, 73
Trd, 259130.517, 73
Trd, 259131.067, 71
Trd, 259131.200, 72
Trd, 259131.283, 73
Trd, 259131.367, 74
Trd, 259131.767, 85
Trd, 259132.100, 61
Trd, 259132.117, 62
Trd, 259132.150, 79
Trd, 259132.433, 62
Trd, 259132.467, 99
Trd, 259133.367, 123
Trd, 259133.633, 133
Trd, 259133.667, 125
Trd, 259134.100, 132
Trd, 259134.367, 137
Trd, 259134.450, 138
Trd, 259134.700, 140
Trd, 259134.733, 138
Trd, 259135.033, 133
Trd, 259135.367, 134
Trd, 259135.400, 136
Trd, 259135.567, 139
Trd, 259135.717, 133
Trd, 259135.917, 131
Trd, 259136.017, 130
Trd, 259136.033, 136
Trd, 259136.117, 112
Trd, 259136.217, 137
Trd, 259136.650, 138
Trd, 259136.783, 111
Trd, 259138.033, 140
Trd, 259138.200, 140
Trd, 259138.517, 132
Trd, 259138.550, 128
Trd, 259138.767, 127
Trd, 259139.433, 109
Trd, 259140.083, 140
Trd, 259140.250, 140
Trd, 259140.283, 140
Trd, 259140.417, 139
Trd, 259140.467, 135
Trd, 259140.700, 121
Trd, 259141.150, 140
Trd, 259141.717, 140
Trd, 259141.783, 138
Trd, 259141.917, 127
Trd, 259141.950, 136
Trd, 259142.100, 135
Trd, 259142.200, 134
Trd, 259142.517, 133
Trd, 259142.567, 132
Trd, 259142.600, 126
Trd, 259142.783, 128
Trd, 259143.150, 125
Trd, 259143.217, 123
Trd, 259143.417, 124
Trd, 259143.583, 124
Trd, 259143.700, 122
Trd, 259143.800, 126
Trd, 259144.450, 98
Trd, 259144.517, 97
Trd, 259144.533, 112
Trd, 259144.567, 96
Trd, 259145.083, 114
Trd, 259145.117, 112
Trd, 259145.150, 98
Trd, 259145.200, 115
Trd, 259145.433, 123
Trd, 259145.683, 124
Trd, 259146.217, 122
Trd, 259146.500, 129
Trd, 259146.550, 101
Trd, 259146.683, 89
Trd, 259147.283, 139
Trd, 259147.417, 138
Trd, 259148.217, 119
Trd, 259148.333, 118
Trd, 259148.700, 140
Trd, 259148.783, 140
Trd, 259148.883, 140
Trd, 259148.900, 140
Trd, 259149.033, 117
Trd, 259149.533, 124
Trd, 259149.583, 133
Trd, 259149.633, 134
Trd, 259149.933, 133
Trd, 259150.033, 110
Trd, 259150.350, 129
Trd, 259150.650, 130
Trd, 259150.817, 128
Trd, 259150.917, 127
Trd, 259151.233, 131
Trd, 259151.250, 119
Trd, 259151.333, 119
Trd, 259151.450, 132
Trd, 259151.567, 136
Trd, 259152.017, 124
Trd, 259152.400, 133
Trd, 259152.450, 136
Trd, 259153.283, 119
Trd, 259154.200, 127
Trd, 259154.233, 126
Trd, 259154.500, 125
Trd, 259154.567, 123
Trd, 259155.033, 139
Trd, 259155.217, 140
Trd, 259155.283, 139
Trd, 259155.533, 134
Trd, 259155.733, 138
Trd, 259155.933, 138
Trd, 259156.033, 129
Trd, 259156.300, 130
Trd, 259156.383, 129
Trd, 259156.400, 130
Trd, 259156.533, 127
Trd, 259156.650, 129
Trd, 259156.800, 127
Trd, 259157.233, 62
Trd, 259157.433, 61
Trd, 259157.550, 60
Trd, 259157.617, 62
Trd, 259157.850, 63
Trd, 259158.150, 70
Trd, 259158.317, 65
Trd, 259158.417, 73
Trd, 259158.517, 85
Trd, 259158.767, 63
Trd, 259158.800, 62
Trd, 259158.833, 84
Trd, 259158.900, 85
Trd, 259158.917, 92
Trd, 259159.417, 83
Trd, 259159.517, 125
Trd, 259159.683, 119
Trd, 259160.283, 96
Trd, 259160.467, 104
Trd, 259160.750, 104
Trd, 259161.217, 105
Trd, 259161.350, 97
Trd, 259161.683, 99
Trd, 259161.717, 102
Trd, 259161.833, 106
Trd, 259162.050, 107
Trd, 259162.733, 107
Trd, 259163.000, 126
Trd, 259163.317, 102
Trd, 259163.383, 98
Trd, 259163.700, 97
Trd, 259164.183, 111
Trd, 259164.217, 109
Trd, 259164.250, 111
Trd, 259164.300, 111
Trd, 259164.433, 112
Trd, 259164.467, 116
Trd, 259164.517, 94
Trd, 259164.550, 117
Trd, 259164.667, 87
Trd, 259164.733, 119
Trd, 259165.000, 140
Trd, 259165.600, 140
Trd, 259165.617, 139
Trd, 259165.650, 140
Trd, 259165.783, 123
Trd, 259167.150, 139
Trd, 259167.233, 138
Trd, 259167.283, 95
Trd, 259168.517, 140
Trd, 259168.600, 140
Trd, 259168.650, 140
Trd, 259168.733, 140
Trd, 259168.817, 140
Trd, 259168.900, 139
Trd, 259169.100, 140
Trd, 259169.350, 139
Trd, 259169.433, 139
Trd, 259169.500, 138
Trd, 259169.517, 128
Trd, 259169.633, 139
Trd, 259169.683, 138
Trd, 259169.700, 121
Trd, 259169.717, 112
Trd, 259170.183, 131
Trd, 259170.200, 136
Trd, 259170.450, 137
Trd, 259170.633, 134
Trd, 259170.950, 134
Trd, 259171.283, 136
Trd, 259171.350, 136
Trd, 259171.567, 133
Trd, 259171.733, 135
Trd, 259171.883, 135
Trd, 259172.150, 135
Trd, 259172.167, 117
Trd, 259172.400, 137
Trd, 259172.650, 139
Trd, 259173.017, 125
Trd, 259173.067, 124
Trd, 259173.083, 117
Trd, 259173.450, 138
Trd, 259174.100, 106
Trd, 259174.883, 136
Trd, 259175.200, 125
Trd, 259175.533, 126
Trd, 259175.767, 138
Trd, 259176.267, 126
Trd, 259176.333, 131
Trd, 259176.633, 126
Trd, 259176.817, 128
Trd, 259176.850, 125
Trd, 259176.933, 124
Trd, 259177.067, 115
Trd, 259177.183, 125
Trd, 259177.217, 126
Trd, 259177.500, 112
Trd, 259178.183, 126
Trd, 259178.350, 126
Trd, 259178.483, 125
Trd, 259178.517, 122
Trd, 259178.750, 127
Trd, 259178.833, 114
Trd, 259178.917, 114
Trd, 259179.000, 120
Trd, 259179.133, 122
Trd, 259179.183, 123
Trd, 259179.817, 118
Trd, 259179.967, 117
Trd, 259180.033, 114
Trd, 259180.317, 113
Trd, 259180.433, 109
Trd, 259180.533, 103
Trd, 259181.183, 109
Trd, 259181.217, 111
Trd, 259181.317, 89
Trd, 259181.433, 111
Trd, 259181.667, 111
Trd, 259181.783, 111
Trd, 259182.150, 110
Trd, 259182.183, 111
Trd, 259182.417, 112
Trd, 259182.483, 100
Trd, 259182.700, 118
Trd, 259182.850, 136
Trd, 259183.100, 102
Trd, 259183.283, 101
Trd, 259183.417, 101
Trd, 259184.633, 102
Trd, 259184.733, 135
Trd, 259185.017, 116
Trd, 259185.067, 123
Trd, 259185.167, 117
Trd, 259185.533, 133
Trd, 259185.650, 116
Trd, 259185.733, 131
Trd, 259186.183, 126
Trd, 259186.367, 112
Trd, 259186.433, 104
Trd, 259186.467, 96
Trd, 259186.850, 91
Trd, 259186.933, 125
Trd, 259187.633, 119
Trd, 259187.733, 118
Trd, 259187.917, 115
Trd, 259187.983, 118
Trd, 259188.267, 94
Trd, 259188.700, 111
Trd, 259188.950, 95
Trd, 259189.000, 111
Trd, 259189.167, 109
Trd, 259189.583, 109
Trd, 259189.733, 110
Trd, 259189.833, 110
Trd, 259190.100, 100
Trd, 259190.167, 110
Trd, 259190.367, 99
Trd, 259190.383, 98
Trd, 259190.400, 84
Trd, 259190.567, 95
Trd, 259190.767, 110
Trd, 259191.017, 139
Trd, 259191.200, 94
Trd, 259191.300, 76
Trd, 259191.683, 92
Trd, 259191.967, 92
Trd, 259192.067, 83
Trd, 259192.117, 93
Trd, 259192.450, 85
Trd, 259192.617, 90
Trd, 259192.817, 91
Trd, 259192.917, 95
Trd, 259193.067, 126
Trd, 259193.683, 109
Trd, 259193.733, 112
Trd, 259193.867, 123
Trd, 259194.150, 108
Trd, 259194.600, 120
Trd, 259194.850, 103
Trd, 259194.917, 102
Trd, 259194.983, 123
Trd, 259195.000, 75
Trd, 259195.283, 64
Trd, 259195.317, 122
Trd, 259196.217, 60
Trd, 259196.450, 60
Trd, 259196.550, 60
Trd, 259196.650, 60
Trd, 259196.700, 60
Trd, 259196.850, 60
Trd, 259196.900, 61
Trd, 259197.017, 62
Trd, 259197.067, 87
Trd, 259197.350, 69
Trd, 259197.400, 62
Trd, 259197.900, 89
Trd, 259197.967, 81
Trd, 259198.317, 88
Trd, 259198.367, 90
Trd, 259198.800, 84
Trd, 259198.917, 88
Trd, 259199.067, 88
Trd, 259199.133, 105
Trd, 259199.450, 133
Trd, 259199.583, 138
