Trd, 258594.300, 116
Trd, 258594.433, 109
Trd, 258594.500, 108
Trd, 258594.617, 107
Trd, 258594.700, 116
Trd, 258595.117, 114
Trd, 258595.267, 115
Trd, 258595.350, 98
Trd, 258596.150, 140
Trd, 258596.250, 140
Trd, 258596.617, 140
Trd, 258597.150, 140
Trd, 258597.467, 140
Trd, 258597.583, 140
Trd, 258597.833, 140
Trd, 258597.967, 140
Trd, 258598.033, 140
Trd, 258598.100, 140
Trd, 258598.150, 140
Trd, 258598.183, 140
Trd, 258598.200, 140
Trd, 258598.283, 140
Trd, 258598.350, 140
Trd, 258598.367, 140
Trd, 258598.917, 140
Trd, 258599.200, 140
Trd, 258599.583, 140
Trd, 258599.667, 140
Trd, 258599.867, 140
Trd, 258599.900, 139
Trd, 258600.200, 137
Trd, 258600.283, 139
Trd, 258600.783, 140
Trd, 258602.250, 140
Trd, 258602.333, 140
Trd, 258602.550, 140
Trd, 258602.717, 140
Trd, 258603.017, 140
Trd, 258603.650, 140
Trd, 258603.783, 140
Trd, 258603.917, 140
Trd, 258604.017, 140
Trd, 258604.183, 105
Trd, 258604.267, 79
Trd, 258604.400, 132
Trd, 258604.550, 127
Trd, 258604.600, 128
Trd, 258604.617, 115
Trd, 258604.833, 129
Trd, 258605.767, 117
Trd, 258605.833, 116
Trd, 258605.933, 120
Trd, 258606.017, 120
Trd, 258606.283, 116
Trd, 258606.567, 113
Trd, 258606.933, 114
Trd, 258607.000, 113
Trd, 258607.150, 114
Trd, 258607.167, 100
Trd, 258607.300, 92
Trd, 258607.800, 90
Trd, 258608.217, 87
Trd, 258608.250, 78
Trd, 258608.567, 88
Trd, 258608.733, 87
Trd, 258608.850, 75
Trd, 258609.267, 89
Trd, 258609.350, 76
Trd, 258609.500, 90
Trd, 258609.883, 124
Trd, 258610.100, 124
Trd, 258610.167, 123
Trd, 258610.333, 140
Trd, 258610.533, 140
Trd, 258610.683, 140
Trd, 258610.767, 140
Trd, 258610.917, 62
Trd, 258611.767, 60
Trd, 258611.850, 60
Trd, 258611.967, 60
Trd, 258612.083, 60
Trd, 258612.183, 60
Trd, 258612.400, 62
Trd, 258612.517, 67
Trd, 258612.933, 119
Trd, 258613.183, 140
Trd, 258613.683, 140
Trd, 258613.833, 139
Trd, 258613.917, 139
Trd, 258614.150, 139
Trd, 258614.233, 139
Trd, 258614.550, 140
Trd, 258614.917, 140
Trd, 258615.667, 140
Trd, 258615.750, 140
Trd, 258615.800, 140
Trd, 258616.583, 140
Trd, 258616.617, 140
Trd, 258616.717, 140
Trd, 258616.917, 140
Trd, 258616.950, 140
Trd, 258616.983, 140
Trd, 258617.183, 140
Trd, 258617.517, 140
Trd, 258617.533, 140
Trd, 258617.600, 139
Trd, 258617.850, 124
Trd, 258618.117, 137
Trd, 258618.317, 132
Trd, 258618.817, 134
Trd, 258619.017, 134
Trd, 258619.350, 134
Trd, 258619.383, 135
Trd, 258619.450, 133
Trd, 258619.717, 134
Trd, 258620.167, 128
Trd, 258620.317, 133
Trd, 258620.633, 128
Trd, 258620.867, 127
Trd, 258621.000, 124
Trd, 258621.250, 113
Trd, 258621.417, 129
Trd, 258621.667, 131
Trd, 258621.767, 133
Trd, 258621.917, 118
Trd, 258621.967, 137
Trd, 258622.250, 138
Trd, 258622.300, 118
Trd, 258622.317, 117
Trd, 258623.083, 133
Trd, 258623.633, 136
Trd, 258623.700, 136
Trd, 258623.983, 111
Trd, 258624.400, 112
Trd, 258624.500, 111
Trd, 258624.900, 111
Trd, 258625.250, 114
Trd, 258625.283, 114
Trd, 258625.350, 115
Trd, 258625.817, 140
Trd, 258626.100, 140
Trd, 258626.200, 139
Trd, 258626.267, 114
Trd, 258626.317, 112
Trd, 258626.467, 110
Trd, 258626.567, 139
Trd, 258626.917, 136
Trd, 258626.933, 115
Trd, 258627.233, 117
Trd, 258627.417, 133
Trd, 258627.517, 116
Trd, 258627.967, 117
Trd, 258628.083, 122
Trd, 258628.250, 119
Trd, 258628.317, 116
Trd, 258628.333, 121
Trd, 258628.667, 118
Trd, 258628.800, 116
Trd, 258628.933, 116
Trd, 258629.183, 117
Trd, 258629.333, 118
Trd, 258629.417, 119
Trd, 258629.883, 92
Trd, 258629.917, 91
Trd, 258630.000, 114
Trd, 258630.383, 112
Trd, 258630.567, 92
Trd, 258630.600, 90
Trd, 258630.650, 114
Trd, 258630.783, 89
Trd, 258631.117, 111
Trd, 258631.183, 91
Trd, 258631.333, 112
Trd, 258632.100, 100
Trd, 258632.333, 90
Trd, 258632.933, 103
Trd, 258633.417, 80
Trd, 258633.667, 81
Trd, 258633.817, 104
Trd, 258633.850, 82
Trd, 258633.883, 106
Trd, 258633.967, 99
Trd, 258634.250, 82
Trd, 258634.433, 98
Trd, 258634.967, 140
Trd, 258635.917, 140
Trd, 258636.033, 140
Trd, 258636.083, 140
Trd, 258636.200, 140
Trd, 258636.283, 140
Trd, 258636.333, 140
Trd, 258636.400, 140
Trd, 258636.567, 140
Trd, 258636.733, 140
Trd, 258637.083, 140
Trd, 258637.150, 140
Trd, 258637.183, 132
Trd, 258637.317, 84
Trd, 258637.683, 139
Trd, 258637.867, 138
Trd, 258637.883, 77
Trd, 258637.917, 139
Trd, 258638.167, 137
Trd, 258638.333, 136
Trd, 258638.650, 135
Trd, 258639.000, 121
Trd, 258639.317, 121
Trd, 258639.433, 119
Trd, 258639.633, 120
Trd, 258639.750, 123
Trd, 258640.067, 115
Trd, 258640.167, 128
Trd, 258640.433, 116
Trd, 258640.583, 126
Trd, 258640.867, 127
Trd, 258641.283, 119
Trd, 258641.300, 127
Trd, 258641.567, 119
Trd, 258641.850, 126
Trd, 258641.983, 123
Trd, 258642.083, 123
Trd, 258642.533, 140
Trd, 258642.600, 140
Trd, 258642.750, 136
Trd, 258644.367, 140
Trd, 258644.750, 140
Trd, 258645.433, 140
Trd, 258645.650, 140
Trd, 258646.150, 140
Trd, 258646.200, 140
Trd, 258646.283, 140
Trd, 258646.367, 140
Trd, 258646.383, 140
Trd, 258646.433, 140
Trd, 258646.483, 140
Trd, 258646.650, 140
Trd, 258646.833, 140
Trd, 258647.133, 140
Trd, 258647.217, 140
Trd, 258647.250, 140
Trd, 258647.433, 139
Trd, 258647.517, 139
Trd, 258647.600, 139
Trd, 258647.667, 140
Trd, 258647.783, 139
Trd, 258647.933, 139
Trd, 258648.050, 131
Trd, 258648.600, 138
Trd, 258648.867, 108
Trd, 258648.900, 107
Trd, 258649.183, 121
Trd, 258649.200, 122
Trd, 258649.333, 108
Trd, 258649.550, 133
Trd, 258649.600, 109
Trd, 258649.750, 134
Trd, 258650.083, 111
Trd, 258650.767, 131
Trd, 258651.217, 121
Trd, 258651.350, 121
Trd, 258651.383, 122
Trd, 258651.533, 134
Trd, 258652.233, 131
Trd, 258652.383, 131
Trd, 258652.567, 130
Trd, 258652.633, 130
Trd, 258652.700, 132
Trd, 258652.883, 135
Trd, 258653.167, 140
Trd, 258653.300, 140
Trd, 258653.783, 140
Trd, 258653.967, 140
Trd, 258654.683, 140
Trd, 258654.750, 140
Trd, 258654.783, 140
Trd, 258654.883, 140
Trd, 258654.983, 140
Trd, 258655.083, 139
Trd, 258655.233, 138
Trd, 258655.267, 138
Trd, 258655.283, 137
Trd, 258655.700, 135
Trd, 258655.717, 134
Trd, 258656.100, 131
Trd, 258656.150, 132
Trd, 258656.333, 131
Trd, 258656.433, 133
Trd, 258656.667, 132
Trd, 258657.017, 128
Trd, 258657.750, 131
Trd, 258657.917, 131
Trd, 258658.233, 138
Trd, 258658.550, 140
Trd, 258658.817, 140
Trd, 258658.833, 140
Trd, 258659.667, 140
Trd, 258659.800, 140
Trd, 258660.017, 140
Trd, 258660.100, 140
Trd, 258660.450, 140
Trd, 258660.567, 140
Trd, 258660.600, 140
Trd, 258660.633, 139
Trd, 258660.683, 138
Trd, 258660.833, 137
Trd, 258661.250, 135
Trd, 258661.533, 133
Trd, 258661.817, 132
Trd, 258662.167, 131
Trd, 258662.200, 132
Trd, 258662.300, 131
Trd, 258662.433, 130
Trd, 258663.000, 133
Trd, 258663.033, 124
Trd, 258663.100, 123
Trd, 258663.117, 122
Trd, 258663.267, 135
Trd, 258664.000, 123
Trd, 258664.400, 124
Trd, 258664.433, 117
Trd, 258664.567, 115
Trd, 258664.817, 123
Trd, 258664.833, 115
Trd, 258665.000, 114
Trd, 258665.033, 95
Trd, 258665.550, 123
Trd, 258665.850, 123
Trd, 258666.083, 122
Trd, 258666.217, 86
Trd, 258666.333, 124
Trd, 258666.550, 123
Trd, 258667.533, 140
Trd, 258667.950, 111
Trd, 258668.083, 140
Trd, 258668.117, 140
Trd, 258668.133, 112
Trd, 258668.417, 135
Trd, 258668.733, 130
Trd, 258668.950, 129
Trd, 258669.233, 129
Trd, 258669.367, 133
Trd, 258669.733, 133
Trd, 258669.867, 132
Trd, 258670.117, 136
Trd, 258670.167, 129
Trd, 258670.350, 132
Trd, 258670.783, 130
Trd, 258670.850, 129
Trd, 258671.033, 133
Trd, 258671.150, 129
Trd, 258671.233, 133
Trd, 258671.600, 131
Trd, 258671.700, 140
Trd, 258672.483, 140
Trd, 258673.167, 140
Trd, 258673.583, 140
Trd, 258673.617, 140
Trd, 258674.300, 140
Trd, 258674.500, 140
Trd, 258674.583, 140
Trd, 258674.650, 140
Trd, 258674.683, 140
Trd, 258674.950, 140
Trd, 258675.733, 140
Trd, 258675.933, 140
Trd, 258676.450, 140
Trd, 258677.150, 140
Trd, 258677.300, 140
Trd, 258677.417, 140
Trd, 258677.500, 140
Trd, 258677.567, 140
Trd, 258677.583, 140
Trd, 258677.633, 140
Trd, 258677.900, 140
Trd, 258678.117, 140
Trd, 258678.500, 140
Trd, 258678.550, 140
Trd, 258678.700, 140
Trd, 258678.783, 139
Trd, 258678.833, 139
Trd, 258678.850, 138
Trd, 258679.583, 90
Trd, 258680.267, 101
Trd, 258680.600, 103
Trd, 258680.717, 102
Trd, 258680.983, 103
Trd, 258681.033, 100
Trd, 258681.450, 100
Trd, 258681.467, 101
Trd, 258681.567, 103
Trd, 258681.700, 106
Trd, 258681.850, 110
Trd, 258681.967, 107
Trd, 258682.117, 109
Trd, 258682.167, 112
Trd, 258682.250, 129
Trd, 258682.283, 132
Trd, 258682.700, 120
Trd, 258682.783, 119
Trd, 258683.683, 140
Trd, 258683.867, 140
Trd, 258684.167, 140
Trd, 258684.200, 140
Trd, 258684.500, 140
Trd, 258684.767, 140
Trd, 258684.867, 140
Trd, 258685.683, 140
Trd, 258685.850, 140
Trd, 258685.933, 140
Trd, 258686.033, 140
Trd, 258686.100, 140
Trd, 258686.200, 139
Trd, 258686.417, 140
Trd, 258686.583, 139
Trd, 258686.650, 139
Trd, 258686.883, 139
Trd, 258687.117, 140
Trd, 258687.417, 140
Trd, 258688.183, 140
Trd, 258688.567, 140
Trd, 258689.000, 140
Trd, 258689.617, 140
Trd, 258690.100, 140
Trd, 258690.950, 140
Trd, 258691.267, 140
Trd, 258691.317, 140
Trd, 258691.450, 140
Trd, 258691.533, 140
Trd, 258691.733, 140
Trd, 258691.833, 140
Trd, 258692.050, 140
Trd, 258692.117, 139
Trd, 258692.133, 140
Trd, 258692.250, 139
Trd, 258692.350, 135
Trd, 258692.650, 136
Trd, 258692.700, 135
Trd, 258692.817, 135
Trd, 258693.000, 136
Trd, 258693.033, 136
Trd, 258693.133, 135
Trd, 258693.283, 140
Trd, 258693.733, 139
Trd, 258693.800, 140
Trd, 258693.917, 140
Trd, 258694.033, 138
Trd, 258694.200, 137
Trd, 258694.267, 136
Trd, 258694.317, 135
Trd, 258694.450, 132
Trd, 258694.850, 67
Trd, 258695.167, 80
Trd, 258695.267, 116
Trd, 258695.567, 119
Trd, 258695.617, 132
Trd, 258695.950, 122
Trd, 258696.317, 122
Trd, 258696.383, 120
Trd, 258696.667, 129
Trd, 258696.967, 122
Trd, 258697.500, 125
Trd, 258697.633, 125
Trd, 258697.750, 126
Trd, 258698.083, 126
Trd, 258698.133, 127
Trd, 258698.183, 130
Trd, 258698.300, 125
Trd, 258698.467, 130
Trd, 258698.517, 130
Trd, 258698.733, 130
Trd, 258698.833, 129
Trd, 258699.083, 128
Trd, 258699.583, 128
Trd, 258699.633, 129
Trd, 258699.683, 130
Trd, 258700.250, 140
Trd, 258700.583, 140
Trd, 258700.717, 140
Trd, 258700.867, 140
Trd, 258701.133, 140
Trd, 258701.250, 140
Trd, 258701.633, 140
Trd, 258701.717, 140
Trd, 258702.333, 140
Trd, 258702.417, 140
Trd, 258702.517, 140
Trd, 258702.567, 140
Trd, 258702.617, 140
Trd, 258702.633, 140
Trd, 258702.783, 140
Trd, 258702.883, 139
Trd, 258703.050, 140
Trd, 258704.217, 140
Trd, 258704.450, 140
Trd, 258705.183, 140
Trd, 258705.567, 140
Trd, 258705.650, 140
Trd, 258705.667, 140
Trd, 258705.783, 140
Trd, 258705.800, 140
Trd, 258705.817, 140
Trd, 258705.900, 140
Trd, 258706.100, 139
Trd, 258706.200, 139
Trd, 258706.283, 119
Trd, 258706.583, 139
Trd, 258706.767, 140
Trd, 258707.133, 140
Trd, 258707.233, 140
Trd, 258707.317, 140
Trd, 258707.333, 137
Trd, 258707.350, 134
Trd, 258707.717, 137
Trd, 258708.883, 100
Trd, 258709.050, 101
Trd, 258709.183, 103
Trd, 258709.450, 103
Trd, 258709.467, 102
Trd, 258709.617, 100
Trd, 258709.633, 127
Trd, 258709.750, 128
Trd, 258709.850, 129
Trd, 258709.883, 131
Trd, 258710.417, 126
Trd, 258710.900, 101
Trd, 258711.000, 125
Trd, 258711.350, 127
Trd, 258711.633, 128
Trd, 258711.667, 122
Trd, 258712.667, 131
Trd, 258712.967, 140
Trd, 258713.000, 140
Trd, 258713.267, 140
Trd, 258713.667, 140
Trd, 258713.750, 140
Trd, 258714.233, 140
Trd, 258714.317, 140
Trd, 258714.400, 140
Trd, 258714.500, 140
Trd, 258714.567, 139
Trd, 258714.683, 140
Trd, 258714.750, 139
Trd, 258714.767, 137
Trd, 258715.117, 137
Trd, 258715.567, 137
Trd, 258715.933, 135
Trd, 258715.967, 136
Trd, 258716.217, 137
Trd, 258716.317, 136
Trd, 258716.333, 135
Trd, 258716.567, 138
Trd, 258717.583, 140
Trd, 258717.717, 140
Trd, 258717.917, 140
Trd, 258717.967, 140
Trd, 258718.017, 140
Trd, 258718.083, 140
Trd, 258718.317, 140
Trd, 258718.350, 140
Trd, 258718.700, 140
Trd, 258718.817, 140
Trd, 258718.917, 140
Trd, 258718.950, 140
Trd, 258718.983, 140
Trd, 258719.100, 140
Trd, 258719.283, 140
Trd, 258719.450, 139
Trd, 258720.367, 130
Trd, 258720.417, 130
Trd, 258720.667, 130
Trd, 258720.767, 131
Trd, 258720.800, 130
Trd, 258721.117, 130
Trd, 258721.250, 132
Trd, 258721.300, 129
Trd, 258721.383, 119
Trd, 258721.583, 129
Trd, 258722.250, 139
Trd, 258722.417, 137
Trd, 258722.467, 94
Trd, 258722.900, 81
Trd, 258723.033, 79
Trd, 258723.117, 68
Trd, 258723.217, 69
Trd, 258723.433, 82
Trd, 258723.933, 63
Trd, 258724.617, 66
Trd, 258724.700, 67
Trd, 258724.783, 67
Trd, 258725.050, 66
Trd, 258725.133, 66
Trd, 258725.350, 66
Trd, 258725.433, 65
Trd, 258725.550, 69
Trd, 258725.717, 69
Trd, 258725.833, 70
Trd, 258726.033, 98
Trd, 258726.183, 112
Trd, 258726.433, 115
Trd, 258726.767, 140
Trd, 258727.233, 140
Trd, 258727.717, 140
Trd, 258727.833, 140
Trd, 258728.117, 140
Trd, 258728.367, 140
Trd, 258728.567, 140
Trd, 258729.033, 140
Trd, 258729.100, 140
Trd, 258729.267, 140
Trd, 258729.550, 140
Trd, 258729.600, 140
Trd, 258729.683, 140
Trd, 258729.783, 138
Trd, 258730.017, 140
Trd, 258730.483, 140
Trd, 258730.500, 140
Trd, 258730.550, 140
Trd, 258730.800, 140
Trd, 258730.850, 140
Trd, 258730.883, 139
Trd, 258730.950, 107
Trd, 258732.017, 101
Trd, 258732.200, 134
Trd, 258732.317, 134
Trd, 258732.417, 133
Trd, 258732.517, 126
Trd, 258732.633, 125
Trd, 258732.683, 133
Trd, 258733.000, 100
Trd, 258733.083, 78
Trd, 258733.267, 77
Trd, 258733.583, 129
Trd, 258734.100, 60
Trd, 258734.300, 60
Trd, 258734.367, 60
Trd, 258734.617, 61
Trd, 258734.800, 60
Trd, 258734.883, 61
Trd, 258735.067, 62
Trd, 258735.783, 73
Trd, 258735.817, 74
Trd, 258735.850, 78
Trd, 258735.867, 62
Trd, 258735.983, 61
Trd, 258736.233, 128
Trd, 258736.400, 131
Trd, 258737.250, 138
Trd, 258737.700, 116
Trd, 258737.733, 113
Trd, 258738.283, 140
Trd, 258738.317, 140
Trd, 258738.400, 140
Trd, 258738.500, 139
Trd, 258739.183, 135
Trd, 258739.217, 126
Trd, 258739.483, 126
Trd, 258739.600, 124
Trd, 258739.700, 128
Trd, 258739.733, 118
Trd, 258740.000, 119
Trd, 258740.033, 127
Trd, 258740.233, 127
Trd, 258740.283, 128
Trd, 258740.517, 133
Trd, 258741.267, 122
Trd, 258741.300, 121
Trd, 258741.450, 123
Trd, 258741.567, 125
Trd, 258741.700, 124
Trd, 258741.783, 125
Trd, 258741.817, 118
Trd, 258742.083, 115
Trd, 258742.717, 119
Trd, 258742.800, 118
Trd, 258743.000, 120
Trd, 258743.167, 120
Trd, 258743.883, 98
Trd, 258743.967, 118
Trd, 258744.133, 118
Trd, 258744.333, 118
Trd, 258744.733, 117
Trd, 258744.933, 117
Trd, 258745.233, 117
Trd, 258745.533, 113
Trd, 258745.567, 108
Trd, 258745.817, 113
Trd, 258745.967, 110
Trd, 258746.183, 113
Trd, 258746.267, 113
Trd, 258746.467, 113
Trd, 258746.600, 115
Trd, 258746.700, 117
Trd, 258747.133, 140
Trd, 258747.750, 140
Trd, 258748.000, 140
Trd, 258748.183, 140
Trd, 258748.283, 140
Trd, 258748.300, 140
Trd, 258748.567, 140
Trd, 258748.583, 140
Trd, 258748.617, 140
Trd, 258748.750, 139
Trd, 258748.867, 131
Trd, 258749.033, 116
Trd, 258749.300, 86
Trd, 258749.617, 128
Trd, 258750.133, 124
Trd, 258750.433, 125
Trd, 258750.450, 126
Trd, 258751.467, 102
Trd, 258751.550, 101
Trd, 258751.600, 101
Trd, 258751.683, 103
Trd, 258751.767, 115
Trd, 258751.850, 117
Trd, 258752.100, 108
Trd, 258752.317, 114
Trd, 258752.333, 115
Trd, 258752.633, 116
Trd, 258752.650, 115
Trd, 258752.900, 117
Trd, 258752.950, 116
Trd, 258753.067, 120
Trd, 258753.167, 130
Trd, 258753.467, 117
Trd, 258753.550, 116
Trd, 258753.733, 113
Trd, 258754.350, 140
Trd, 258754.467, 140
Trd, 258754.967, 140
Trd, 258755.483, 140
Trd, 258755.600, 140
Trd, 258755.783, 140
Trd, 258756.067, 140
Trd, 258756.217, 137
Trd, 258756.450, 138
Trd, 258756.500, 139
Trd, 258756.817, 139
Trd, 258757.033, 139
Trd, 258757.300, 139
Trd, 258757.383, 138
Trd, 258757.550, 137
Trd, 258758.050, 140
Trd, 258758.283, 140
Trd, 258758.483, 140
Trd, 258758.500, 140
Trd, 258758.667, 140
Trd, 258758.700, 139
Trd, 258758.850, 137
Trd, 258758.900, 129
Trd, 258758.917, 138
Trd, 258759.483, 130
Trd, 258759.517, 128
Trd, 258760.283, 120
Trd, 258760.333, 125
Trd, 258760.467, 127
Trd, 258760.517, 129
Trd, 258760.767, 127
Trd, 258760.983, 129
Trd, 258761.567, 127
Trd, 258761.583, 122
Trd, 258761.600, 128
Trd, 258761.633, 108
Trd, 258761.767, 106
Trd, 258762.267, 105
Trd, 258762.367, 127
Trd, 258762.900, 125
Trd, 258763.233, 140
Trd, 258763.467, 126
Trd, 258763.633, 128
Trd, 258763.917, 131
Trd, 258763.933, 130
Trd, 258764.517, 140
Trd, 258764.583, 140
Trd, 258764.750, 140
Trd, 258764.850, 139
Trd, 258764.900, 114
Trd, 258764.967, 94
Trd, 258765.167, 83
Trd, 258765.417, 119
Trd, 258766.067, 137
Trd, 258766.633, 125
Trd, 258766.750, 124
Trd, 258766.833, 125
Trd, 258767.083, 126
Trd, 258767.150, 126
Trd, 258767.267, 125
Trd, 258767.333, 125
Trd, 258767.517, 124
Trd, 258767.600, 117
Trd, 258767.683, 115
Trd, 258767.900, 124
Trd, 258768.150, 126
Trd, 258768.533, 124
Trd, 258768.867, 132
Trd, 258769.400, 139
Trd, 258769.867, 139
Trd, 258769.933, 138
Trd, 258770.133, 138
Trd, 258770.433, 138
Trd, 258770.567, 140
Trd, 258770.717, 132
Trd, 258770.917, 131
Trd, 258771.017, 131
Trd, 258771.200, 138
Trd, 258771.483, 134
Trd, 258771.533, 132
Trd, 258772.200, 138
Trd, 258772.550, 140
Trd, 258772.733, 140
Trd, 258772.750, 139
Trd, 258772.783, 138
Trd, 258772.883, 133
Trd, 258772.933, 110
Trd, 258773.017, 84
Trd, 258773.183, 83
Trd, 258773.750, 80
Trd, 258773.833, 138
Trd, 258774.017, 132
Trd, 258774.517, 131
Trd, 258774.533, 77
Trd, 258774.850, 134
Trd, 258774.900, 84
Trd, 258775.383, 129
Trd, 258775.417, 130
Trd, 258775.733, 76
Trd, 258775.767, 75
Trd, 258776.117, 77
Trd, 258776.133, 126
Trd, 258776.150, 127
Trd, 258776.350, 89
Trd, 258777.267, 99
Trd, 258777.367, 98
Trd, 258777.550, 99
Trd, 258777.583, 115
Trd, 258778.200, 113
Trd, 258778.333, 104
Trd, 258778.517, 107
Trd, 258778.917, 110
Trd, 258779.117, 109
Trd, 258779.250, 112
Trd, 258779.383, 114
Trd, 258779.817, 110
Trd, 258779.933, 111
Trd, 258780.017, 110
Trd, 258780.117, 111
Trd, 258780.250, 110
Trd, 258780.717, 110
Trd, 258780.767, 110
Trd, 258780.967, 111
Trd, 258781.017, 111
Trd, 258781.067, 112
Trd, 258781.083, 113
Trd, 258781.383, 140
Trd, 258781.533, 140
Trd, 258781.633, 138
Trd, 258781.850, 112
Trd, 258782.200, 140
Trd, 258782.450, 112
Trd, 258782.750, 123
Trd, 258783.117, 138
Trd, 258783.433, 140
Trd, 258783.700, 139
Trd, 258784.600, 132
Trd, 258784.683, 131
Trd, 258785.533, 140
Trd, 258785.783, 137
Trd, 258785.950, 136
Trd, 258785.967, 137
Trd, 258786.133, 138
Trd, 258786.250, 139
Trd, 258786.450, 138
Trd, 258786.483, 137
Trd, 258786.717, 136
Trd, 258786.733, 137
Trd, 258786.817, 135
Trd, 258786.983, 138
Trd, 258787.033, 133
Trd, 258787.400, 136
Trd, 258787.850, 135
Trd, 258788.167, 132
Trd, 258788.350, 129
Trd, 258788.550, 130
Trd, 258788.617, 131
Trd, 258788.717, 130
Trd, 258788.867, 129
Trd, 258789.150, 131
Trd, 258789.233, 127
Trd, 258789.867, 118
Trd, 258790.017, 119
Trd, 258790.183, 120
Trd, 258790.833, 140
Trd, 258791.283, 140
Trd, 258792.067, 140
Trd, 258792.083, 140
Trd, 258792.117, 140
Trd, 258792.217, 139
Trd, 258792.383, 139
Trd, 258792.733, 138
Trd, 258793.383, 140
Trd, 258793.750, 140
Trd, 258794.017, 140
Trd, 258794.050, 140
Trd, 258794.083, 140
Trd, 258794.417, 140
Trd, 258794.467, 140
Trd, 258794.500, 140
Trd, 258794.550, 140
Trd, 258794.567, 140
Trd, 258795.133, 140
Trd, 258795.217, 140
Trd, 258795.383, 140
Trd, 258795.517, 140
Trd, 258795.783, 140
Trd, 258796.000, 140
Trd, 258796.150, 140
Trd, 258796.467, 140
Trd, 258796.517, 140
Trd, 258796.650, 140
Trd, 258797.083, 140
Trd, 258797.117, 140
Trd, 258797.367, 140
Trd, 258797.517, 138
Trd, 258797.983, 106
Trd, 258798.117, 132
Trd, 258798.583, 106
Trd, 258798.633, 102
Trd, 258798.683, 102
Trd, 258799.000, 102
Trd, 258799.050, 124
Trd, 258799.450, 119
Trd, 258799.783, 108
Trd, 258799.867, 116
Trd, 258799.983, 110
Trd, 258800.050, 109
Trd, 258800.167, 108
Trd, 258800.250, 116
Trd, 258800.983, 108
Trd, 258801.000, 106
Trd, 258801.267, 107
Trd, 258801.283, 105
Trd, 258801.467, 65
Trd, 258802.300, 93
Trd, 258802.550, 82
Trd, 258802.917, 61
Trd, 258802.967, 62
Trd, 258803.050, 62
Trd, 258803.133, 63
Trd, 258803.383, 63
Trd, 258803.717, 62
Trd, 258804.033, 60
Trd, 258804.367, 60
Trd, 258804.417, 60
Trd, 258804.483, 61
Trd, 258804.850, 60
Trd, 258804.967, 60
Trd, 258805.150, 60
Trd, 258805.300, 61
Trd, 258805.567, 61
Trd, 258805.650, 60
Trd, 258805.883, 61
Trd, 258806.100, 62
Trd, 258806.667, 65
Trd, 258806.783, 66
Trd, 258806.800, 68
Trd, 258806.867, 64
Trd, 258807.000, 69
Trd, 258807.217, 71
Trd, 258807.350, 72
Trd, 258807.700, 65
Trd, 258807.800, 71
Trd, 258807.833, 92
Trd, 258807.900, 93
Trd, 258807.967, 94
Trd, 258808.267, 68
Trd, 258808.317, 94
Trd, 258808.567, 66
Trd, 258808.600, 65
Trd, 258808.800, 93
Trd, 258809.550, 91
Trd, 258809.617, 78
Trd, 258809.833, 92
Trd, 258809.883, 81
Trd, 258810.067, 82
Trd, 258810.133, 93
Trd, 258810.483, 140
Trd, 258811.067, 140
Trd, 258811.350, 140
Trd, 258811.400, 140
Trd, 258812.717, 140
Trd, 258813.017, 140
Trd, 258814.117, 140
Trd, 258814.333, 140
Trd, 258814.367, 140
Trd, 258814.383, 140
Trd, 258814.883, 140
Trd, 258814.950, 140
Trd, 258815.017, 140
Trd, 258815.033, 140
Trd, 258815.100, 140
Trd, 258815.233, 140
Trd, 258815.283, 140
Trd, 258815.367, 140
Trd, 258815.500, 139
Trd, 258815.633, 133
Trd, 258816.300, 118
Trd, 258816.417, 118
Trd, 258816.450, 117
Trd, 258817.017, 121
Trd, 258817.300, 118
Trd, 258817.400, 117
Trd, 258817.533, 117
Trd, 258817.550, 119
Trd, 258817.817, 116
Trd, 258817.833, 114
Trd, 258817.950, 117
Trd, 258818.067, 117
Trd, 258818.283, 117
Trd, 258818.367, 118
Trd, 258818.550, 115
Trd, 258818.767, 120
Trd, 258819.350, 133
Trd, 258819.650, 132
Trd, 258819.767, 133
Trd, 258819.850, 118
Trd, 258819.900, 117
Trd, 258820.200, 118
Trd, 258820.483, 132
Trd, 258820.717, 119
Trd, 258820.750, 118
Trd, 258821.083, 71
Trd, 258821.117, 129
Trd, 258821.233, 131
Trd, 258821.267, 121
Trd, 258821.283, 70
Trd, 258821.517, 60
Trd, 258821.617, 124
Trd, 258821.683, 123
Trd, 258821.717, 109
Trd, 258821.800, 127
Trd, 258821.933, 135
Trd, 258822.333, 111
Trd, 258823.100, 140
Trd, 258823.333, 139
Trd, 258823.533, 139
Trd, 258823.967, 138
Trd, 258824.033, 139
Trd, 258824.167, 138
Trd, 258824.383, 104
Trd, 258824.500, 70
Trd, 258825.233, 92
Trd, 258825.267, 91
Trd, 258825.450, 97
Trd, 258825.517, 130
Trd, 258825.700, 131
Trd, 258825.800, 133
Trd, 258826.333, 107
Trd, 258826.383, 109
Trd, 258826.550, 91
Trd, 258826.633, 90
Trd, 258827.250, 129
Trd, 258827.417, 129
Trd, 258827.750, 123
Trd, 258828.433, 117
Trd, 258828.533, 117
Trd, 258828.733, 116
Trd, 258828.767, 116
Trd, 258828.833, 116
Trd, 258829.083, 117
Trd, 258829.183, 118
Trd, 258829.200, 117
Trd, 258829.300, 119
Trd, 258829.350, 116
Trd, 258829.450, 115
Trd, 258829.467, 132
Trd, 258829.533, 114
Trd, 258829.583, 113
Trd, 258830.000, 114
Trd, 258830.083, 135
Trd, 258830.233, 140
Trd, 258830.283, 114
Trd, 258830.317, 113
Trd, 258831.250, 140
Trd, 258831.800, 140
Trd, 258831.883, 140
Trd, 258832.717, 140
Trd, 258833.050, 140
Trd, 258833.400, 140
Trd, 258833.500, 140
Trd, 258833.567, 140
Trd, 258833.583, 140
Trd, 258833.767, 140
Trd, 258834.167, 140
Trd, 258834.267, 140
Trd, 258834.433, 140
Trd, 258834.467, 140
Trd, 258834.650, 139
Trd, 258835.133, 134
Trd, 258835.217, 135
Trd, 258835.250, 133
Trd, 258835.300, 134
Trd, 258835.533, 138
Trd, 258835.633, 137
Trd, 258835.667, 132
Trd, 258836.417, 118
Trd, 258837.067, 132
Trd, 258837.083, 123
Trd, 258837.283, 129
Trd, 258837.367, 130
Trd, 258837.500, 131
Trd, 258837.550, 130
Trd, 258837.800, 133
Trd, 258838.267, 133
Trd, 258838.950, 140
Trd, 258839.417, 140
Trd, 258839.967, 140
Trd, 258840.033, 140
Trd, 258840.467, 140
Trd, 258840.783, 140
Trd, 258840.967, 140
Trd, 258841.033, 140
Trd, 258841.150, 140
Trd, 258841.167, 140
Trd, 258841.250, 140
Trd, 258841.350, 140
Trd, 258841.650, 140
Trd, 258841.767, 140
Trd, 258841.950, 140
Trd, 258842.500, 140
Trd, 258842.533, 140
Trd, 258842.850, 140
Trd, 258843.017, 140
Trd, 258843.033, 140
Trd, 258843.350, 140
Trd, 258843.367, 139
Trd, 258844.600, 140
Trd, 258845.317, 140
Trd, 258845.717, 140
Trd, 258845.750, 140
Trd, 258846.117, 140
Trd, 258846.267, 140
Trd, 258846.367, 140
Trd, 258846.400, 135
Trd, 258846.617, 133
Trd, 258846.633, 132
Trd, 258847.350, 133
Trd, 258847.383, 133
Trd, 258847.467, 134
Trd, 258847.617, 132
Trd, 258847.783, 129
Trd, 258847.833, 130
Trd, 258847.983, 128
Trd, 258848.167, 128
Trd, 258848.200, 127
Trd, 258848.350, 125
Trd, 258848.450, 130
Trd, 258848.517, 85
Trd, 258848.883, 128
Trd, 258848.917, 129
Trd, 258849.100, 130
Trd, 258849.267, 73
Trd, 258849.467, 131
Trd, 258849.517, 60
Trd, 258849.650, 93
Trd, 258849.933, 137
Trd, 258849.950, 138
Trd, 258850.067, 134
Trd, 258850.750, 67
Trd, 258851.183, 60
Trd, 258851.417, 60
Trd, 258851.700, 60
Trd, 258851.817, 60
Trd, 258851.850, 60
Trd, 258851.950, 60
Trd, 258851.983, 60
Trd, 258852.117, 60
Trd, 258852.367, 60
Trd, 258852.417, 61
Trd, 258852.950, 63
Trd, 258853.033, 62
Trd, 258853.450, 63
Trd, 258853.700, 66
Trd, 258853.817, 66
Trd, 258853.917, 66
Trd, 258853.950, 69
Trd, 258854.017, 113
Trd, 258854.067, 63
Trd, 258854.350, 115
Trd, 258854.733, 104
Trd, 258855.367, 105
Trd, 258855.567, 103
Trd, 258855.600, 106
Trd, 258855.700, 80
Trd, 258855.850, 78
Trd, 258856.483, 140
Trd, 258856.600, 81
Trd, 258856.933, 131
Trd, 258857.033, 130
Trd, 258857.317, 131
Trd, 258857.400, 132
Trd, 258857.550, 133
Trd, 258857.617, 134
Trd, 258857.850, 135
Trd, 258857.967, 135
Trd, 258858.050, 136
Trd, 258858.367, 140
Trd, 258858.583, 138
Trd, 258858.617, 137
Trd, 258858.667, 136
Trd, 258858.683, 134
Trd, 258859.200, 112
Trd, 258859.383, 140
Trd, 258859.450, 105
Trd, 258859.467, 104
Trd, 258859.833, 139
Trd, 258860.450, 140
Trd, 258860.933, 140
Trd, 258861.067, 139
Trd, 258861.583, 140
Trd, 258861.817, 140
Trd, 258862.150, 140
Trd, 258862.217, 140
Trd, 258862.433, 140
Trd, 258862.483, 140
Trd, 258862.583, 140
Trd, 258862.617, 140
Trd, 258862.717, 139
Trd, 258862.817, 138
Trd, 258863.167, 137
Trd, 258863.267, 136
Trd, 258863.300, 110
Trd, 258863.650, 95
Trd, 258863.933, 133
Trd, 258864.017, 134
Trd, 258864.583, 123
Trd, 258864.767, 103
Trd, 258864.950, 123
Trd, 258865.083, 113
Trd, 258865.433, 121
Trd, 258865.583, 104
Trd, 258865.800, 121
Trd, 258865.900, 122
Trd, 258865.917, 106
Trd, 258866.417, 106
Trd, 258866.517, 124
Trd, 258866.817, 125
Trd, 258867.217, 140
Trd, 258867.417, 125
Trd, 258868.483, 140
Trd, 258868.583, 140
Trd, 258869.033, 140
Trd, 258869.467, 140
Trd, 258869.667, 140
Trd, 258869.767, 140
Trd, 258869.817, 140
Trd, 258869.917, 140
Trd, 258869.983, 140
Trd, 258870.050, 140
Trd, 258870.183, 140
Trd, 258870.667, 140
Trd, 258870.900, 140
Trd, 258871.050, 140
Trd, 258871.100, 140
Trd, 258871.133, 140
Trd, 258871.183, 140
Trd, 258871.283, 140
Trd, 258872.850, 140
Trd, 258873.083, 140
Trd, 258873.500, 140
Trd, 258873.583, 140
Trd, 258873.600, 140
Trd, 258873.717, 140
Trd, 258873.867, 140
Trd, 258874.117, 140
Trd, 258874.150, 140
Trd, 258874.300, 140
Trd, 258874.317, 140
Trd, 258874.567, 140
Trd, 258874.617, 140
Trd, 258874.800, 139
Trd, 258874.917, 139
Trd, 258875.100, 139
Trd, 258875.150, 138
Trd, 258875.650, 92
Trd, 258875.983, 139
Trd, 258876.000, 140
Trd, 258876.083, 136
Trd, 258876.167, 80
Trd, 258876.517, 140
Trd, 258877.333, 140
Trd, 258878.300, 140
Trd, 258878.900, 140
Trd, 258879.133, 140
Trd, 258879.400, 140
Trd, 258879.517, 140
Trd, 258879.617, 140
Trd, 258879.650, 140
Trd, 258879.700, 140
Trd, 258879.717, 140
Trd, 258879.817, 140
Trd, 258879.850, 140
Trd, 258880.017, 140
Trd, 258880.117, 140
Trd, 258880.200, 140
Trd, 258880.400, 140
Trd, 258880.450, 140
Trd, 258880.533, 140
Trd, 258880.717, 140
Trd, 258880.750, 140
Trd, 258880.983, 140
Trd, 258881.167, 140
Trd, 258881.483, 140
Trd, 258881.750, 140
Trd, 258881.783, 140
Trd, 258882.317, 140
Trd, 258882.550, 140
Trd, 258883.000, 140
Trd, 258883.233, 140
Trd, 258883.533, 140
Trd, 258884.567, 140
Trd, 258884.733, 140
Trd, 258885.317, 140
Trd, 258885.467, 140
Trd, 258885.517, 140
Trd, 258885.567, 140
Trd, 258885.800, 139
Trd, 258885.900, 138
Trd, 258886.050, 138
Trd, 258886.067, 137
Trd, 258886.217, 137
Trd, 258886.283, 137
Trd, 258886.383, 139
Trd, 258886.500, 138
Trd, 258886.900, 137
Trd, 258887.000, 138
Trd, 258887.017, 136
Trd, 258887.033, 133
Trd, 258887.050, 140
Trd, 258887.450, 138
Trd, 258887.883, 120
Trd, 258887.950, 119
Trd, 258888.050, 140
Trd, 258888.183, 139
Trd, 258888.400, 135
Trd, 258888.500, 129
Trd, 258889.617, 133
Trd, 258890.333, 122
Trd, 258890.433, 121
Trd, 258890.450, 118
Trd, 258890.667, 97
Trd, 258890.833, 93
Trd, 258891.133, 124
Trd, 258891.167, 95
Trd, 258891.617, 121
Trd, 258891.733, 120
Trd, 258892.167, 118
Trd, 258892.283, 120
Trd, 258892.933, 119
Trd, 258893.150, 123
Trd, 258893.200, 124
Trd, 258893.333, 121
Trd, 258893.433, 121
Trd, 258893.650, 120
Trd, 258893.933, 139
Trd, 258894.033, 140
Trd, 258894.617, 140
Trd, 258894.700, 140
Trd, 258894.717, 140
Trd, 258894.967, 140
Trd, 258895.017, 140
Trd, 258895.217, 140
Trd, 258895.250, 140
Trd, 258895.317, 140
Trd, 258895.400, 140
Trd, 258895.433, 140
Trd, 258895.450, 140
Trd, 258895.600, 131
Trd, 258895.833, 140
Trd, 258896.117, 139
Trd, 258896.533, 132
Trd, 258896.667, 131
Trd, 258896.783, 140
Trd, 258896.933, 138
Trd, 258897.400, 139
Trd, 258897.583, 139
Trd, 258897.650, 139
Trd, 258897.833, 138
Trd, 258899.117, 140
Trd, 258899.183, 140
Trd, 258899.617, 140
Trd, 258900.300, 140
Trd, 258900.450, 140
Trd, 258900.850, 140
Trd, 258901.217, 140
Trd, 258901.717, 140
Trd, 258901.817, 140
Trd, 258901.900, 140
Trd, 258901.933, 140
Trd, 258902.000, 140
Trd, 258902.383, 140
Trd, 258902.650, 140
Trd, 258902.683, 140
Trd, 258902.767, 140
Trd, 258903.050, 140
Trd, 258903.583, 140
Trd, 258903.867, 140
Trd, 258904.000, 140
Trd, 258904.083, 140
Trd, 258904.283, 140
Trd, 258905.033, 140
Trd, 258905.217, 140
Trd, 258905.283, 140
Trd, 258905.550, 140
Trd, 258905.883, 140
Trd, 258906.083, 140
Trd, 258906.117, 140
Trd, 258907.100, 140
Trd, 258907.350, 140
Trd, 258907.533, 140
Trd, 258907.700, 140
Trd, 258907.733, 140
Trd, 258907.950, 140
Trd, 258908.283, 140
Trd, 258908.500, 140
Trd, 258908.850, 140
Trd, 258909.033, 140
Trd, 258909.350, 140
Trd, 258909.400, 140
Trd, 258909.583, 140
Trd, 258909.700, 140
Trd, 258909.950, 140
Trd, 258910.017, 140
Trd, 258910.033, 140
Trd, 258910.200, 139
Trd, 258910.250, 139
Trd, 258910.267, 138
Trd, 258910.583, 138
Trd, 258910.750, 137
Trd, 258910.950, 137
Trd, 258910.983, 97
Trd, 258911.483, 135
Trd, 258911.683, 135
Trd, 258912.033, 119
Trd, 258912.350, 121
Trd, 258912.500, 130
Trd, 258912.650, 123
Trd, 258912.900, 124
Trd, 258912.967, 123
Trd, 258913.150, 122
Trd, 258913.350, 123
Trd, 258913.517, 122
Trd, 258913.800, 124
Trd, 258913.917, 124
Trd, 258913.950, 125
Trd, 258914.050, 125
Trd, 258914.167, 124
Trd, 258914.517, 125
Trd, 258914.650, 126
Trd, 258915.017, 129
Trd, 258915.100, 128
Trd, 258915.250, 130
Trd, 258915.750, 140
Trd, 258916.350, 140
Trd, 258916.483, 140
Trd, 258917.217, 140
Trd, 258917.283, 139
Trd, 258917.450, 140
Trd, 258918.483, 140
Trd, 258918.683, 140
Trd, 258919.217, 140
Trd, 258919.250, 140
Trd, 258919.317, 140
Trd, 258919.517, 140
Trd, 258919.633, 140
Trd, 258919.683, 140
Trd, 258920.750, 140
Trd, 258920.967, 140
Trd, 258921.333, 140
Trd, 258921.550, 140
Trd, 258921.567, 140
Trd, 258921.650, 140
Trd, 258921.733, 140
Trd, 258921.817, 140
Trd, 258921.833, 140
Trd, 258921.850, 140
Trd, 258922.067, 140
Trd, 258922.117, 140
Trd, 258922.417, 140
Trd, 258922.617, 140
Trd, 258922.633, 140
Trd, 258923.183, 139
Trd, 258923.250, 139
Trd, 258923.283, 136
Trd, 258923.583, 125
Trd, 258923.667, 127
Trd, 258923.717, 128
Trd, 258924.450, 134
Trd, 258924.500, 128
Trd, 258924.850, 113
Trd, 258925.000, 133
Trd, 258925.083, 133
Trd, 258925.167, 106
Trd, 258925.350, 132
Trd, 258925.650, 124
Trd, 258925.800, 105
Trd, 258925.917, 94
Trd, 258926.133, 128
Trd, 258926.333, 89
Trd, 258926.850, 140
Trd, 258927.217, 139
Trd, 258927.517, 140
Trd, 258928.117, 140
Trd, 258928.233, 140
Trd, 258928.317, 140
Trd, 258928.417, 140
Trd, 258928.500, 140
Trd, 258928.917, 140
Trd, 258928.983, 140
Trd, 258929.250, 140
Trd, 258929.550, 140
Trd, 258929.583, 138
Trd, 258929.783, 124
Trd, 258929.917, 138
Trd, 258930.117, 137
Trd, 258930.800, 131
Trd, 258931.117, 130
Trd, 258931.217, 121
Trd, 258931.350, 131
Trd, 258931.650, 123
Trd, 258931.967, 122
Trd, 258932.083, 125
Trd, 258932.200, 122
Trd, 258932.500, 126
Trd, 258932.600, 123
Trd, 258932.650, 126
Trd, 258932.700, 127
Trd, 258932.717, 122
Trd, 258932.833, 87
Trd, 258933.383, 107
Trd, 258933.450, 120
Trd, 258933.833, 116
Trd, 258933.950, 115
Trd, 258934.100, 116
Trd, 258934.483, 112
Trd, 258935.017, 111
Trd, 258935.200, 110
Trd, 258935.283, 109
Trd, 258935.333, 112
Trd, 258935.500, 107
Trd, 258935.600, 106
Trd, 258935.733, 98
Trd, 258935.767, 113
Trd, 258936.183, 77
Trd, 258936.567, 61
Trd, 258936.683, 60
Trd, 258936.817, 60
Trd, 258936.850, 60
Trd, 258936.917, 61
Trd, 258937.000, 62
Trd, 258937.250, 79
Trd, 258937.567, 62
Trd, 258937.600, 61
Trd, 258937.850, 100
Trd, 258938.600, 140
Trd, 258938.900, 140
Trd, 258939.050, 140
Trd, 258939.317, 140
Trd, 258939.333, 140
Trd, 258939.517, 140
Trd, 258939.600, 140
Trd, 258939.867, 140
Trd, 258940.350, 140
Trd, 258940.500, 140
Trd, 258940.583, 140
Trd, 258940.717, 140
Trd, 258940.783, 139
Trd, 258941.267, 140
Trd, 258941.450, 140
Trd, 258941.667, 140
Trd, 258941.883, 140
Trd, 258941.933, 140
Trd, 258942.017, 140
Trd, 258942.333, 140
Trd, 258942.683, 139
Trd, 258942.917, 140
Trd, 258943.033, 140
Trd, 258943.333, 140
Trd, 258943.717, 140
Trd, 258944.017, 139
Trd, 258944.033, 139
Trd, 258944.217, 121
Trd, 258944.417, 139
Trd, 258944.483, 139
Trd, 258944.600, 140
Trd, 258944.900, 138
Trd, 258944.983, 139
Trd, 258945.350, 138
Trd, 258945.567, 125
Trd, 258945.600, 86
Trd, 258945.750, 135
Trd, 258946.650, 135
Trd, 258946.850, 136
Trd, 258947.367, 120
Trd, 258947.467, 127
Trd, 258947.483, 130
Trd, 258947.650, 122
Trd, 258947.700, 133
Trd, 258948.500, 133
Trd, 258948.800, 134
Trd, 258948.933, 135
Trd, 258948.967, 134
Trd, 258949.067, 134
Trd, 258949.267, 133
Trd, 258949.367, 130
Trd, 258949.750, 135
Trd, 258949.800, 134
Trd, 258949.867, 133
Trd, 258949.883, 131
Trd, 258950.183, 133
Trd, 258950.250, 132
Trd, 258950.267, 131
Trd, 258950.533, 134
Trd, 258950.550, 129
Trd, 258950.583, 122
Trd, 258951.050, 104
Trd, 258951.383, 127
Trd, 258951.917, 131
Trd, 258952.350, 131
Trd, 258953.450, 140
Trd, 258954.017, 140
Trd, 258954.083, 140
Trd, 258954.183, 140
Trd, 258954.217, 140
Trd, 258954.800, 140
Trd, 258954.817, 140
Trd, 258954.950, 140
Trd, 258955.250, 140
Trd, 258955.450, 140
Trd, 258955.483, 140
Trd, 258955.617, 140
Trd, 258955.717, 140
Trd, 258955.950, 139
Trd, 258956.050, 138
Trd, 258956.100, 113
Trd, 258956.133, 101
Trd, 258956.733, 129
Trd, 258956.867, 127
Trd, 258957.133, 132
Trd, 258957.233, 135
Trd, 258957.700, 140
Trd, 258957.917, 140
Trd, 258957.967, 140
Trd, 258958.250, 140
Trd, 258958.433, 140
Trd, 258958.550, 140
Trd, 258958.617, 140
Trd, 258958.717, 140
Trd, 258959.033, 140
Trd, 258959.233, 140
Trd, 258959.333, 140
Trd, 258959.433, 140
Trd, 258959.533, 140
Trd, 258959.567, 118
Trd, 258959.783, 139
Trd, 258959.850, 120
Trd, 258959.967, 119
Trd, 258960.267, 139
Trd, 258961.300, 137
Trd, 258961.683, 129
Trd, 258962.167, 130
Trd, 258962.283, 131
Trd, 258962.417, 130
Trd, 258962.517, 129
Trd, 258962.633, 130
Trd, 258962.650, 129
Trd, 258962.700, 128
Trd, 258962.817, 87
Trd, 258963.033, 126
Trd, 258963.817, 124
Trd, 258964.150, 91
Trd, 258964.200, 87
Trd, 258964.283, 88
Trd, 258964.317, 86
Trd, 258964.500, 121
Trd, 258964.633, 121
Trd, 258964.700, 120
Trd, 258964.717, 86
Trd, 258964.733, 122
Trd, 258964.750, 123
Trd, 258964.967, 124
Trd, 258965.133, 125
Trd, 258965.350, 82
Trd, 258965.883, 140
Trd, 258965.900, 140
Trd, 258966.783, 140
Trd, 258966.800, 140
Trd, 258967.000, 138
Trd, 258967.317, 135
Trd, 258968.700, 140
Trd, 258968.833, 140
Trd, 258969.400, 140
Trd, 258969.517, 140
Trd, 258969.733, 140
Trd, 258969.850, 140
Trd, 258969.867, 140
Trd, 258969.883, 140
Trd, 258969.933, 140
Trd, 258970.000, 140
Trd, 258970.450, 140
Trd, 258970.650, 140
Trd, 258970.750, 140
Trd, 258970.783, 140
Trd, 258970.983, 140
Trd, 258971.067, 140
Trd, 258971.133, 140
Trd, 258971.217, 140
Trd, 258971.267, 139
Trd, 258971.533, 140
Trd, 258971.617, 139
Trd, 258971.683, 139
Trd, 258971.833, 140
Trd, 258972.000, 139
Trd, 258972.350, 139
Trd, 258972.483, 138
Trd, 258972.500, 137
Trd, 258972.733, 115
Trd, 258973.250, 105
Trd, 258973.350, 86
Trd, 258973.367, 105
Trd, 258973.883, 105
Trd, 258974.050, 105
Trd, 258974.150, 104
Trd, 258974.250, 105
Trd, 258974.300, 106
Trd, 258974.700, 81
Trd, 258974.850, 65
Trd, 258974.917, 92
Trd, 258975.300, 105
Trd, 258975.333, 69
Trd, 258975.800, 72
Trd, 258976.100, 77
Trd, 258976.117, 101
Trd, 258976.150, 107
Trd, 258976.533, 140
Trd, 258977.683, 140
Trd, 258977.783, 140
Trd, 258978.983, 140
Trd, 258980.100, 140
Trd, 258980.567, 140
Trd, 258980.867, 140
Trd, 258980.950, 140
Trd, 258981.050, 140
Trd, 258981.367, 140
Trd, 258981.417, 140
Trd, 258981.567, 140
Trd, 258981.750, 140
Trd, 258981.783, 140
Trd, 258981.833, 140
Trd, 258981.867, 140
Trd, 258981.900, 140
Trd, 258982.083, 140
Trd, 258982.617, 140
Trd, 258982.750, 140
Trd, 258982.933, 140
Trd, 258983.167, 140
Trd, 258983.567, 140
Trd, 258983.933, 140
Trd, 258984.217, 140
Trd, 258984.367, 140
Trd, 258984.483, 140
Trd, 258984.733, 140
Trd, 258984.800, 140
Trd, 258984.817, 140
Trd, 258984.917, 140
Trd, 258985.067, 140
Trd, 258985.117, 140
Trd, 258985.250, 139
Trd, 258985.400, 137
Trd, 258985.417, 134
Trd, 258985.533, 139
Trd, 258985.767, 138
Trd, 258985.917, 130
Trd, 258986.400, 139
Trd, 258986.917, 140
Trd, 258987.083, 139
Trd, 258987.667, 140
Trd, 258989.433, 140
Trd, 258989.550, 140
Trd, 258989.583, 140
Trd, 258989.667, 140
Trd, 258990.000, 140
Trd, 258990.100, 140
Trd, 258990.350, 140
Trd, 258990.417, 140
Trd, 258990.667, 140
Trd, 258990.733, 140
Trd, 258990.767, 140
Trd, 258990.817, 140
Trd, 258990.850, 139
Trd, 258990.867, 139
Trd, 258990.967, 136
Trd, 258991.283, 135
Trd, 258991.517, 137
Trd, 258991.550, 136
Trd, 258991.617, 137
Trd, 258991.717, 137
Trd, 258991.767, 138
Trd, 258991.867, 139
Trd, 258992.617, 140
Trd, 258992.917, 140
Trd, 258992.933, 140
Trd, 258994.200, 140
Trd, 258994.600, 140
Trd, 258994.667, 140
Trd, 258994.700, 140
Trd, 258994.867, 139
Trd, 258994.983, 139
Trd, 258995.417, 140
Trd, 258995.433, 139
Trd, 258995.533, 137
Trd, 258995.583, 137
Trd, 258995.600, 137
Trd, 258995.783, 137
Trd, 258996.100, 129
Trd, 258996.750, 131
Trd, 258996.917, 130
Trd, 258997.083, 129
Trd, 258997.200, 130
Trd, 258997.283, 109
Trd, 258997.383, 109
Trd, 258997.650, 124
Trd, 258997.867, 110
Trd, 258998.067, 110
Trd, 258998.583, 117
Trd, 258998.600, 114
Trd, 258998.950, 117
Trd, 258998.967, 116
Trd, 258999.083, 117
Trd, 258999.117, 116
Trd, 258999.267, 115
Trd, 258999.533, 116
Trd, 258999.600, 117
Trd, 258999.833, 116
Trd, 259000.050, 115
Trd, 259000.217, 116
Trd, 259000.250, 112
Trd, 259000.433, 125
Trd, 259000.850, 112
Trd, 259000.933, 102
Trd, 259001.367, 140
Trd, 259001.533, 140
Trd, 259001.700, 140
Trd, 259002.067, 140
Trd, 259002.683, 140
Trd, 259002.750, 140
Trd, 259003.133, 140
Trd, 259003.267, 140
Trd, 259003.883, 140
Trd, 259003.933, 140
Trd, 259004.083, 140
Trd, 259004.133, 140
Trd, 259004.367, 140
Trd, 259004.417, 140
Trd, 259004.433, 140
Trd, 259004.700, 140
Trd, 259004.950, 140
Trd, 259005.200, 140
Trd, 259005.267, 140
Trd, 259005.533, 140
Trd, 259005.667, 140
Trd, 259006.150, 140
Trd, 259006.567, 140
Trd, 259006.767, 139
Trd, 259007.083, 139
Trd, 259007.750, 139
Trd, 259008.550, 140
Trd, 259008.767, 140
Trd, 259008.883, 140
Trd, 259008.933, 140
Trd, 259009.367, 140
Trd, 259009.433, 140
Trd, 259009.500, 140
Trd, 259009.633, 139
Trd, 259009.667, 138
Trd, 259010.083, 140
Trd, 259010.183, 140
Trd, 259010.317, 138
Trd, 259010.567, 138
Trd, 259010.683, 138
Trd, 259010.800, 137
Trd, 259011.017, 137
Trd, 259011.533, 139
Trd, 259011.567, 138
Trd, 259011.700, 140
Trd, 259011.883, 138
Trd, 259012.033, 137
Trd, 259012.450, 140
Trd, 259012.800, 137
Trd, 259012.833, 136
Trd, 259013.450, 134
Trd, 259013.700, 134
Trd, 259013.933, 136
Trd, 259014.117, 135
Trd, 259014.200, 134
Trd, 259014.333, 133
Trd, 259014.383, 133
Trd, 259014.450, 134
Trd, 259014.550, 110
Trd, 259014.650, 100
Trd, 259014.767, 84
Trd, 259014.867, 133
Trd, 259015.383, 85
Trd, 259016.083, 129
Trd, 259016.133, 130
Trd, 259016.183, 131
Trd, 259016.617, 130
Trd, 259016.700, 129
Trd, 259016.983, 128
Trd, 259017.300, 126
Trd, 259017.350, 127
Trd, 259017.400, 126
Trd, 259017.450, 115
Trd, 259017.483, 127
Trd, 259017.533, 115
Trd, 259017.550, 88
Trd, 259017.617, 128
Trd, 259017.817, 114
Trd, 259018.200, 87
Trd, 259018.433, 88
Trd, 259018.600, 78
Trd, 259018.667, 88
Trd, 259019.317, 65
Trd, 259019.367, 66
Trd, 259019.417, 64
Trd, 259019.500, 67
Trd, 259019.950, 65
Trd, 259020.067, 65
Trd, 259020.100, 65
Trd, 259020.533, 64
Trd, 259020.667, 65
Trd, 259020.917, 65
Trd, 259021.200, 94
Trd, 259021.583, 68
Trd, 259021.883, 102
Trd, 259021.967, 109
Trd, 259022.283, 73
Trd, 259022.433, 73
Trd, 259022.650, 115
Trd, 259023.067, 88
Trd, 259023.133, 86
Trd, 259023.250, 111
Trd, 259023.267, 113
Trd, 259023.450, 120
Trd, 259023.650, 119
Trd, 259023.717, 119
Trd, 259023.800, 120
Trd, 259024.133, 137
Trd, 259024.533, 130
Trd, 259024.667, 129
Trd, 259025.100, 123
Trd, 259025.183, 122
Trd, 259025.967, 130
Trd, 259026.000, 118
Trd, 259026.033, 136
Trd, 259026.050, 139
Trd, 259026.200, 138
Trd, 259026.467, 118
Trd, 259026.650, 120
Trd, 259026.817, 121
Trd, 259027.133, 131
Trd, 259027.183, 132
Trd, 259027.483, 130
Trd, 259027.867, 123
Trd, 259027.933, 126
Trd, 259028.117, 124
Trd, 259028.200, 123
Trd, 259028.267, 123
Trd, 259028.483, 123
Trd, 259028.767, 130
Trd, 259029.083, 125
Trd, 259029.300, 124
Trd, 259029.333, 123
Trd, 259029.367, 126
Trd, 259029.417, 126
Trd, 259029.433, 127
Trd, 259029.633, 127
Trd, 259029.917, 124
Trd, 259029.967, 125
Trd, 259030.100, 122
Trd, 259030.117, 124
Trd, 259030.283, 99
Trd, 259030.517, 82
Trd, 259031.417, 60
Trd, 259031.717, 60
Trd, 259031.767, 60
Trd, 259031.783, 60
Trd, 259031.917, 60
Trd, 259031.983, 60
Trd, 259032.017, 60
Trd, 259032.067, 64
Trd, 259032.717, 110
Trd, 259032.833, 64
Trd, 259032.950, 65
Trd, 259033.367, 140
Trd, 259033.700, 138
Trd, 259033.717, 140
Trd, 259033.950, 140
Trd, 259034.000, 140
Trd, 259034.067, 133
Trd, 259034.533, 118
Trd, 259034.600, 139
Trd, 259035.383, 108
Trd, 259035.817, 129
Trd, 259035.833, 130
Trd, 259036.050, 127
Trd, 259036.167, 126
Trd, 259036.233, 112
Trd, 259036.367, 113
Trd, 259036.483, 112
Trd, 259037.250, 116
Trd, 259037.433, 116
Trd, 259037.717, 115
Trd, 259037.750, 112
Trd, 259037.800, 106
Trd, 259038.233, 105
Trd, 259038.283, 106
Trd, 259038.317, 107
Trd, 259038.333, 111
Trd, 259038.367, 95
Trd, 259038.583, 113
Trd, 259038.600, 73
Trd, 259039.400, 115
Trd, 259040.017, 140
Trd, 259040.083, 140
Trd, 259040.183, 139
Trd, 259041.433, 140
Trd, 259041.567, 140
Trd, 259041.733, 140
Trd, 259041.750, 140
Trd, 259041.800, 140
Trd, 259042.133, 140
Trd, 259042.250, 140
Trd, 259042.317, 140
Trd, 259042.333, 140
Trd, 259042.383, 140
Trd, 259042.500, 140
Trd, 259042.683, 140
Trd, 259042.783, 140
Trd, 259043.050, 140
Trd, 259043.217, 140
Trd, 259043.467, 140
Trd, 259043.750, 140
Trd, 259043.950, 140
Trd, 259043.967, 140
Trd, 259044.633, 140
Trd, 259044.667, 139
Trd, 259044.817, 140
Trd, 259044.867, 139
Trd, 259044.983, 140
Trd, 259045.067, 140
Trd, 259045.383, 140
Trd, 259045.617, 138
Trd, 259045.900, 138
Trd, 259046.283, 135
Trd, 259046.333, 111
Trd, 259046.483, 134
Trd, 259046.550, 101
Trd, 259046.617, 100
Trd, 259046.817, 103
Trd, 259047.033, 99
Trd, 259047.183, 75
Trd, 259047.817, 97
Trd, 259047.833, 98
Trd, 259048.117, 95
Trd, 259048.183, 96
Trd, 259048.250, 94
Trd, 259048.433, 86
Trd, 259048.767, 94
Trd, 259049.200, 95
Trd, 259049.267, 94
Trd, 259049.367, 90
Trd, 259049.600, 94
Trd, 259049.683, 95
Trd, 259049.800, 97
Trd, 259049.867, 91
Trd, 259050.417, 97
Trd, 259050.483, 95
Trd, 259050.733, 97
Trd, 259050.917, 96
Trd, 259051.183, 130
Trd, 259051.733, 131
Trd, 259052.583, 140
Trd, 259052.817, 140
Trd, 259052.833, 140
Trd, 259053.900, 140
Trd, 259053.950, 140
Trd, 259054.017, 140
Trd, 259054.683, 140
Trd, 259054.700, 140
Trd, 259054.717, 140
Trd, 259054.900, 140
Trd, 259055.000, 140
Trd, 259055.017, 140
Trd, 259055.100, 140
Trd, 259055.300, 140
Trd, 259055.550, 140
Trd, 259055.600, 140
Trd, 259055.933, 140
Trd, 259056.033, 140
Trd, 259056.417, 140
Trd, 259057.033, 140
Trd, 259057.133, 140
Trd, 259057.267, 140
Trd, 259057.367, 140
Trd, 259057.600, 131
Trd, 259057.633, 134
Trd, 259057.867, 137
Trd, 259058.083, 121
Trd, 259058.283, 102
Trd, 259058.850, 128
Trd, 259059.217, 127
Trd, 259059.433, 124
Trd, 259059.533, 124
Trd, 259059.683, 123
Trd, 259059.967, 113
Trd, 259060.300, 113
Trd, 259060.367, 113
Trd, 259060.400, 111
Trd, 259060.533, 104
Trd, 259060.633, 115
Trd, 259060.817, 119
Trd, 259061.133, 118
Trd, 259061.283, 80
Trd, 259061.400, 80
Trd, 259061.650, 106
Trd, 259061.967, 114
Trd, 259062.483, 111
Trd, 259062.600, 107
Trd, 259062.950, 107
Trd, 259063.067, 107
Trd, 259063.100, 108
Trd, 259063.283, 109
Trd, 259063.383, 111
Trd, 259063.567, 115
Trd, 259063.800, 111
Trd, 259064.333, 140
Trd, 259064.500, 122
Trd, 259064.733, 139
Trd, 259065.050, 140
Trd, 259065.467, 140
Trd, 259065.817, 140
Trd, 259065.900, 140
Trd, 259065.950, 140
Trd, 259065.983, 140
Trd, 259066.000, 139
Trd, 259066.600, 140
Trd, 259066.733, 140
Trd, 259066.750, 140
Trd, 259067.200, 140
Trd, 259067.217, 140
Trd, 259067.300, 140
Trd, 259067.333, 140
Trd, 259067.433, 140
Trd, 259068.167, 140
Trd, 259068.650, 140
Trd, 259068.783, 140
Trd, 259070.017, 140
Trd, 259070.217, 140
Trd, 259070.250, 140
Trd, 259070.267, 140
Trd, 259070.350, 140
Trd, 259070.533, 140
Trd, 259070.600, 140
Trd, 259070.867, 140
Trd, 259070.933, 140
Trd, 259070.950, 140
Trd, 259071.183, 140
Trd, 259071.317, 140
Trd, 259071.350, 140
Trd, 259071.383, 138
Trd, 259071.433, 138
Trd, 259071.500, 121
Trd, 259071.533, 90
Trd, 259071.650, 140
Trd, 259072.033, 140
Trd, 259072.050, 134
Trd, 259072.300, 75
Trd, 259072.900, 127
Trd, 259073.650, 122
Trd, 259073.950, 122
Trd, 259073.967, 124
Trd, 259074.283, 122
Trd, 259074.383, 122
Trd, 259074.517, 123
Trd, 259075.383, 114
Trd, 259075.450, 113
Trd, 259075.550, 113
Trd, 259075.733, 114
Trd, 259075.800, 115
Trd, 259075.833, 114
Trd, 259076.083, 117
Trd, 259076.167, 116
Trd, 259076.183, 132
Trd, 259076.533, 140
Trd, 259076.850, 140
Trd, 259076.883, 140
Trd, 259077.000, 140
Trd, 259077.117, 140
Trd, 259077.283, 140
Trd, 259077.417, 140
Trd, 259077.583, 140
Trd, 259077.633, 139
Trd, 259077.967, 140
Trd, 259078.333, 140
Trd, 259079.067, 140
Trd, 259079.100, 140
Trd, 259079.333, 140
Trd, 259079.367, 140
Trd, 259079.517, 140
Trd, 259079.717, 140
Trd, 259079.783, 140
Trd, 259080.000, 140
Trd, 259080.150, 138
Trd, 259080.200, 140
Trd, 259080.433, 135
Trd, 259080.467, 135
Trd, 259080.517, 118
Trd, 259081.283, 114
Trd, 259081.367, 123
Trd, 259081.500, 111
Trd, 259081.583, 122
Trd, 259081.967, 108
Trd, 259082.217, 126
Trd, 259082.500, 125
Trd, 259082.900, 121
Trd, 259082.917, 124
Trd, 259083.533, 121
Trd, 259083.733, 120
Trd, 259084.050, 113
Trd, 259084.250, 119
Trd, 259084.283, 120
Trd, 259084.367, 117
Trd, 259084.433, 117
Trd, 259084.500, 116
Trd, 259084.817, 118
Trd, 259084.967, 116
Trd, 259085.100, 118
Trd, 259085.583, 116
Trd, 259085.700, 119
Trd, 259085.950, 120
Trd, 259086.067, 119
Trd, 259086.367, 121
Trd, 259086.583, 122
Trd, 259087.667, 140
Trd, 259087.833, 140
Trd, 259088.183, 140
Trd, 259088.250, 140
Trd, 259088.333, 140
Trd, 259088.350, 140
Trd, 259088.650, 140
Trd, 259088.750, 140
Trd, 259089.417, 140
Trd, 259089.467, 140
Trd, 259089.617, 140
Trd, 259089.917, 140
Trd, 259089.983, 140
Trd, 259090.100, 140
Trd, 259090.450, 140
Trd, 259090.467, 140
Trd, 259090.583, 140
Trd, 259090.767, 140
Trd, 259090.900, 140
Trd, 259091.017, 140
Trd, 259091.117, 140
Trd, 259091.333, 140
Trd, 259091.417, 98
Trd, 259092.167, 140
Trd, 259092.217, 140
Trd, 259092.567, 140
Trd, 259092.933, 139
Trd, 259093.650, 140
Trd, 259093.667, 139
Trd, 259094.533, 140
Trd, 259094.933, 140
Trd, 259095.233, 140
Trd, 259095.350, 140
Trd, 259095.450, 140
Trd, 259095.533, 140
Trd, 259095.767, 140
Trd, 259095.783, 140
Trd, 259095.800, 140
Trd, 259096.100, 140
Trd, 259096.283, 140
Trd, 259096.350, 140
Trd, 259096.483, 140
Trd, 259096.550, 140
Trd, 259096.867, 140
Trd, 259096.933, 139
Trd, 259096.983, 139
Trd, 259097.033, 139
Trd, 259097.167, 138
Trd, 259097.550, 138
Trd, 259097.817, 137
Trd, 259098.050, 137
Trd, 259098.167, 136
Trd, 259098.467, 111
Trd, 259098.600, 111
Trd, 259098.783, 110
Trd, 259098.800, 112
Trd, 259099.267, 102
Trd, 259099.500, 116
Trd, 259100.133, 116
Trd, 259100.167, 118
Trd, 259100.217, 111
Trd, 259100.433, 113
Trd, 259100.500, 112
Trd, 259100.667, 110
Trd, 259100.833, 114
Trd, 259100.950, 112
Trd, 259101.317, 116
Trd, 259101.533, 106
Trd, 259101.667, 106
Trd, 259101.817, 139
Trd, 259102.417, 139
Trd, 259102.817, 140
Trd, 259103.450, 140
Trd, 259104.100, 140
Trd, 259104.200, 140
Trd, 259104.283, 140
Trd, 259104.583, 140
Trd, 259104.767, 140
Trd, 259104.883, 140
Trd, 259104.933, 140
Trd, 259104.950, 140
Trd, 259105.133, 140
Trd, 259105.200, 140
Trd, 259105.317, 140
Trd, 259105.467, 140
Trd, 259105.533, 140
Trd, 259106.300, 140
Trd, 259106.417, 140
Trd, 259106.567, 140
Trd, 259106.633, 140
Trd, 259106.800, 140
Trd, 259107.367, 140
Trd, 259107.400, 140
Trd, 259107.617, 140
Trd, 259107.633, 140
Trd, 259107.933, 140
Trd, 259108.100, 136
Trd, 259108.117, 135
Trd, 259108.617, 135
Trd, 259109.167, 137
Trd, 259109.250, 136
Trd, 259109.283, 134
Trd, 259109.633, 135
Trd, 259109.700, 134
Trd, 259109.717, 133
Trd, 259110.017, 134
Trd, 259110.050, 136
Trd, 259110.217, 94
Trd, 259110.533, 109
Trd, 259110.650, 87
Trd, 259111.100, 139
Trd, 259112.083, 140
Trd, 259112.483, 140
Trd, 259112.683, 140
Trd, 259113.167, 140
Trd, 259113.467, 140
Trd, 259114.100, 140
Trd, 259114.117, 140
Trd, 259114.167, 140
Trd, 259114.300, 140
Trd, 259115.133, 140
Trd, 259115.217, 140
Trd, 259115.683, 140
Trd, 259115.783, 140
Trd, 259115.817, 140
Trd, 259115.950, 140
Trd, 259116.033, 140
Trd, 259116.283, 140
Trd, 259116.367, 140
Trd, 259116.400, 140
Trd, 259116.483, 140
Trd, 259116.550, 140
Trd, 259116.633, 140
Trd, 259116.767, 140
Trd, 259116.917, 140
Trd, 259116.967, 140
Trd, 259117.067, 140
Trd, 259117.117, 140
Trd, 259117.200, 139
Trd, 259117.400, 137
Trd, 259117.417, 135
Trd, 259117.750, 123
Trd, 259117.917, 138
Trd, 259118.400, 126
Trd, 259118.700, 128
Trd, 259118.717, 130
Trd, 259119.267, 130
Trd, 259119.333, 130
Trd, 259119.383, 129
Trd, 259119.533, 129
Trd, 259119.700, 129
Trd, 259119.850, 130
Trd, 259119.983, 133
Trd, 259120.850, 140
Trd, 259121.417, 140
Trd, 259121.500, 140
Trd, 259121.717, 140
Trd, 259121.933, 140
Trd, 259122.100, 140
Trd, 259122.133, 140
Trd, 259122.233, 140
Trd, 259122.567, 140
Trd, 259122.683, 140
Trd, 259122.933, 140
Trd, 259123.450, 140
Trd, 259123.833, 140
Trd, 259123.867, 140
Trd, 259124.117, 140
Trd, 259124.217, 139
Trd, 259124.400, 116
Trd, 259124.417, 115
Trd, 259124.617, 99
Trd, 259124.850, 140
Trd, 259124.983, 140
Trd, 259125.183, 140
Trd, 259125.667, 140
Trd, 259125.850, 140
Trd, 259126.250, 140
Trd, 259126.517, 140
Trd, 259126.967, 140
Trd, 259127.050, 140
Trd, 259127.183, 140
Trd, 259127.883, 140
Trd, 259127.950, 139
Trd, 259127.983, 138
Trd, 259128.200, 140
Trd, 259128.467, 140
Trd, 259128.567, 138
Trd, 259128.817, 140
Trd, 259129.083, 127
Trd, 259129.183, 126
Trd, 259129.883, 135
Trd, 259130.050, 129
Trd, 259130.100, 128
Trd, 259130.400, 115
Trd, 259130.667, 129
Trd, 259131.283, 117
Trd, 259131.333, 116
Trd, 259131.417, 117
Trd, 259131.450, 117
Trd, 259131.700, 117
Trd, 259131.717, 116
Trd, 259131.800, 97
Trd, 259131.817, 118
Trd, 259131.867, 94
Trd, 259131.950, 117
Trd, 259132.167, 113
Trd, 259132.183, 114
Trd, 259132.367, 117
Trd, 259132.500, 115
Trd, 259132.517, 119
Trd, 259132.650, 97
Trd, 259133.567, 111
Trd, 259133.700, 111
Trd, 259134.017, 111
Trd, 259134.183, 103
Trd, 259134.283, 110
Trd, 259134.433, 110
Trd, 259134.450, 102
Trd, 259134.567, 101
Trd, 259135.283, 105
Trd, 259135.917, 97
Trd, 259136.050, 96
Trd, 259136.167, 96
Trd, 259136.217, 96
Trd, 259136.233, 95
Trd, 259136.283, 97
Trd, 259136.817, 69
Trd, 259136.950, 67
Trd, 259137.783, 66
Trd, 259138.083, 66
Trd, 259138.433, 66
Trd, 259138.467, 67
Trd, 259138.633, 67
Trd, 259138.733, 68
Trd, 259138.967, 68
Trd, 259139.683, 62
Trd, 259139.867, 63
Trd, 259139.883, 64
Trd, 259139.900, 62
Trd, 259139.983, 67
Trd, 259140.183, 69
Trd, 259140.200, 70
Trd, 259140.367, 71
Trd, 259140.550, 69
Trd, 259140.683, 72
Trd, 259140.867, 73
Trd, 259141.033, 75
Trd, 259141.133, 107
Trd, 259141.800, 140
Trd, 259141.850, 140
Trd, 259142.050, 140
Trd, 259142.400, 140
Trd, 259142.600, 140
Trd, 259142.700, 140
Trd, 259142.850, 140
Trd, 259143.150, 140
Trd, 259143.233, 140
Trd, 259143.300, 140
Trd, 259143.367, 138
Trd, 259143.383, 138
Trd, 259143.517, 138
Trd, 259144.117, 116
Trd, 259144.167, 115
Trd, 259144.200, 114
Trd, 259144.217, 135
Trd, 259144.550, 131
Trd, 259144.717, 131
Trd, 259144.950, 132
Trd, 259145.017, 131
Trd, 259145.150, 130
Trd, 259145.367, 130
Trd, 259145.400, 129
Trd, 259145.433, 106
Trd, 259146.050, 132
Trd, 259146.283, 131
Trd, 259146.300, 134
Trd, 259146.700, 131
Trd, 259146.850, 130
Trd, 259147.400, 140
Trd, 259147.783, 140
Trd, 259147.867, 140
Trd, 259148.033, 125
Trd, 259148.467, 138
Trd, 259149.267, 140
Trd, 259149.467, 140
Trd, 259149.683, 139
Trd, 259149.733, 140
Trd, 259149.967, 140
Trd, 259150.933, 140
Trd, 259151.533, 140
Trd, 259151.583, 140
Trd, 259151.617, 140
Trd, 259151.783, 140
Trd, 259151.867, 140
Trd, 259151.983, 140
Trd, 259152.000, 140
Trd, 259152.067, 140
Trd, 259152.133, 140
Trd, 259152.317, 140
Trd, 259152.383, 140
Trd, 259152.400, 140
Trd, 259152.683, 138
Trd, 259152.750, 140
Trd, 259152.917, 116
Trd, 259153.000, 115
Trd, 259153.183, 136
Trd, 259153.367, 135
Trd, 259153.683, 137
Trd, 259154.167, 140
Trd, 259154.317, 140
Trd, 259154.467, 140
Trd, 259154.533, 140
Trd, 259154.800, 140
Trd, 259155.033, 140
Trd, 259155.883, 140
Trd, 259155.900, 140
Trd, 259156.367, 140
Trd, 259156.433, 140
Trd, 259156.833, 140
Trd, 259156.900, 140
Trd, 259157.100, 140
Trd, 259157.167, 140
Trd, 259157.250, 139
Trd, 259157.283, 128
Trd, 259157.383, 140
Trd, 259157.750, 140
Trd, 259157.767, 140
Trd, 259157.783, 140
Trd, 259158.133, 140
Trd, 259158.500, 140
Trd, 259158.633, 140
Trd, 259158.683, 140
Trd, 259158.833, 140
Trd, 259159.250, 140
Trd, 259159.383, 140
Trd, 259159.400, 140
Trd, 259159.567, 140
Trd, 259159.783, 139
Trd, 259159.833, 138
Trd, 259159.867, 139
Trd, 259160.000, 138
Trd, 259160.433, 131
Trd, 259160.500, 139
Trd, 259161.183, 132
Trd, 259161.467, 133
Trd, 259161.700, 132
Trd, 259161.767, 134
Trd, 259162.000, 127
Trd, 259162.050, 114
Trd, 259162.233, 126
Trd, 259163.217, 124
Trd, 259163.483, 124
Trd, 259163.583, 113
Trd, 259164.217, 118
Trd, 259164.333, 117
Trd, 259164.417, 116
Trd, 259164.450, 116
Trd, 259164.483, 115
Trd, 259164.583, 113
Trd, 259164.817, 110
Trd, 259165.017, 104
Trd, 259165.150, 109
Trd, 259165.483, 111
Trd, 259165.567, 112
Trd, 259165.800, 106
Trd, 259165.900, 103
Trd, 259166.033, 79
Trd, 259166.217, 112
Trd, 259166.233, 115
Trd, 259166.383, 115
Trd, 259166.467, 82
Trd, 259166.767, 115
Trd, 259166.783, 83
Trd, 259166.833, 82
Trd, 259167.133, 115
Trd, 259167.300, 73
Trd, 259167.517, 73
Trd, 259168.000, 114
Trd, 259168.117, 115
Trd, 259168.717, 117
Trd, 259169.200, 140
Trd, 259169.917, 140
Trd, 259169.967, 140
Trd, 259170.133, 140
Trd, 259170.350, 140
Trd, 259170.383, 140
Trd, 259170.400, 139
Trd, 259171.417, 139
Trd, 259171.917, 140
Trd, 259172.167, 140
Trd, 259172.383, 140
Trd, 259172.417, 140
Trd, 259172.450, 140
Trd, 259172.683, 140
Trd, 259172.733, 140
Trd, 259172.750, 140
Trd, 259172.950, 139
Trd, 259173.150, 139
Trd, 259173.217, 138
Trd, 259173.250, 137
Trd, 259173.283, 120
Trd, 259173.533, 91
Trd, 259174.067, 84
Trd, 259174.283, 95
Trd, 259174.400, 84
Trd, 259174.517, 93
Trd, 259174.783, 91
Trd, 259174.800, 91
Trd, 259174.900, 92
Trd, 259174.917, 83
Trd, 259175.100, 82
Trd, 259175.283, 93
Trd, 259175.550, 95
Trd, 259175.817, 102
Trd, 259176.950, 87
Trd, 259177.017, 87
Trd, 259177.067, 92
Trd, 259177.517, 93
Trd, 259177.583, 90
Trd, 259177.617, 93
Trd, 259177.783, 93
Trd, 259177.883, 89
Trd, 259178.333, 89
Trd, 259178.517, 90
Trd, 259178.533, 93
Trd, 259178.550, 87
Trd, 259178.683, 93
Trd, 259179.417, 62
Trd, 259179.450, 63
Trd, 259180.483, 60
Trd, 259180.633, 60
Trd, 259181.150, 60
Trd, 259181.167, 60
Trd, 259181.450, 60
Trd, 259181.533, 60
Trd, 259181.667, 60
Trd, 259181.833, 60
Trd, 259181.967, 60
Trd, 259182.433, 60
Trd, 259182.517, 60
Trd, 259182.683, 60
Trd, 259183.083, 64
Trd, 259183.283, 62
Trd, 259183.300, 63
Trd, 259183.367, 63
Trd, 259183.433, 66
Trd, 259183.500, 67
Trd, 259183.667, 68
Trd, 259183.783, 72
Trd, 259183.950, 65
Trd, 259184.000, 63
Trd, 259184.100, 93
Trd, 259184.700, 138
Trd, 259184.733, 137
Trd, 259184.917, 136
Trd, 259185.100, 140
Trd, 259185.267, 123
Trd, 259185.683, 133
Trd, 259185.783, 125
Trd, 259185.883, 135
Trd, 259186.517, 127
Trd, 259186.600, 128
Trd, 259186.733, 126
Trd, 259186.933, 127
Trd, 259187.050, 126
Trd, 259187.150, 125
Trd, 259187.483, 126
Trd, 259187.533, 121
Trd, 259188.017, 102
Trd, 259188.517, 106
Trd, 259188.600, 106
Trd, 259188.633, 105
Trd, 259188.767, 104
Trd, 259188.917, 107
Trd, 259188.983, 109
Trd, 259189.217, 102
Trd, 259189.867, 94
Trd, 259189.933, 63
Trd, 259190.183, 64
Trd, 259190.333, 81
Trd, 259190.467, 99
Trd, 259190.850, 98
Trd, 259190.983, 97
Trd, 259191.367, 99
Trd, 259191.600, 98
Trd, 259191.733, 61
Trd, 259192.000, 98
Trd, 259192.467, 94
Trd, 259192.583, 93
Trd, 259192.750, 92
Trd, 259192.883, 91
Trd, 259193.067, 92
Trd, 259193.100, 91
Trd, 259193.200, 90
Trd, 259193.283, 92
Trd, 259193.500, 93
Trd, 259193.750, 95
Trd, 259194.150, 70
Trd, 259194.483, 139
Trd, 259194.983, 70
Trd, 259195.250, 135
Trd, 259195.317, 138
Trd, 259195.350, 76
Trd, 259195.733, 140
Trd, 259195.783, 139
Trd, 259195.950, 138
Trd, 259196.133, 139
Trd, 259196.183, 138
Trd, 259196.283, 137
Trd, 259196.400, 139
Trd, 259196.500, 140
Trd, 259196.767, 139
Trd, 259196.817, 139
Trd, 259197.300, 139
Trd, 259198.167, 123
Trd, 259198.400, 130
Trd, 259198.617, 132
Trd, 259198.683, 123
Trd, 259198.717, 132
Trd, 259199.100, 128
Trd, 259199.183, 135
Trd, 259199.733, 131
Trd, 259199.833, 132
Trd, 259199.933, 132
