Trd, 258574.917, 138
Trd, 258575.583, 123
Trd, 258575.650, 120
Trd, 258575.850, 115
Trd, 258576.200, 140
Trd, 258576.617, 118
Trd, 258576.650, 114
Trd, 258577.133, 137
Trd, 258577.183, 108
Trd, 258577.383, 140
Trd, 258577.417, 138
Trd, 258577.683, 117
Trd, 258577.883, 116
Trd, 258578.017, 108
Trd, 258578.200, 137
Trd, 258578.383, 122
Trd, 258578.417, 107
Trd, 258578.533, 90
Trd, 258578.883, 136
Trd, 258579.350, 137
Trd, 258579.533, 135
Trd, 258579.867, 95
Trd, 258579.933, 83
Trd, 258580.133, 96
Trd, 258580.417, 104
Trd, 258580.517, 108
Trd, 258581.050, 107
Trd, 258581.233, 107
Trd, 258581.517, 135
Trd, 258581.617, 129
Trd, 258581.633, 136
Trd, 258582.217, 124
Trd, 258582.567, 132
Trd, 258582.617, 116
Trd, 258582.800, 118
Trd, 258583.217, 135
Trd, 258583.300, 123
Trd, 258583.333, 120
Trd, 258583.583, 125
Trd, 258584.083, 127
Trd, 258584.183, 140
Trd, 258584.200, 140
Trd, 258584.383, 121
Trd, 258584.500, 114
Trd, 258584.817, 129
Trd, 258584.850, 110
Trd, 258585.367, 122
Trd, 258585.717, 112
Trd, 258585.950, 120
Trd, 258586.367, 138
Trd, 258586.833, 126
Trd, 258586.967, 125
Trd, 258587.367, 111
Trd, 258587.600, 123
Trd, 258587.817, 140
Trd, 258587.950, 140
Trd, 258588.183, 140
Trd, 258588.333, 140
Trd, 258588.383, 127
Trd, 258588.767, 88
Trd, 258589.200, 132
Trd, 258589.433, 122
Trd, 258589.700, 123
Trd, 258589.983, 121
Trd, 258590.033, 122
Trd, 258590.050, 121
Trd, 258590.233, 107
Trd, 258590.317, 100
Trd, 258590.683, 123
Trd, 258591.000, 140
Trd, 258591.017, 140
Trd, 258591.650, 139
Trd, 258591.667, 138
Trd, 258592.867, 140
Trd, 258592.883, 140
Trd, 258593.283, 129
Trd, 258593.533, 123
Trd, 258593.900, 140
Trd, 258594.400, 138
Trd, 258594.417, 131
Trd, 258594.633, 126
Trd, 258594.750, 120
Trd, 258595.433, 140
Trd, 258595.733, 136
Trd, 258595.783, 136
Trd, 258596.250, 139
Trd, 258596.283, 139
Trd, 258596.417, 137
Trd, 258596.983, 137
Trd, 258597.017, 136
Trd, 258597.300, 134
Trd, 258597.650, 128
Trd, 258598.100, 131
Trd, 258598.117, 128
Trd, 258598.500, 125
Trd, 258598.533, 115
Trd, 258598.650, 109
Trd, 258599.033, 94
Trd, 258599.150, 97
Trd, 258599.383, 140
Trd, 258599.400, 140
Trd, 258599.717, 122
Trd, 258600.300, 107
Trd, 258600.683, 98
Trd, 258600.750, 112
Trd, 258600.783, 97
Trd, 258601.350, 139
Trd, 258601.433, 127
Trd, 258601.717, 140
Trd, 258601.783, 140
Trd, 258601.967, 126
Trd, 258602.067, 130
Trd, 258602.550, 122
Trd, 258602.700, 132
Trd, 258602.983, 133
Trd, 258603.200, 134
Trd, 258603.350, 121
Trd, 258603.733, 120
Trd, 258604.033, 114
Trd, 258604.500, 140
Trd, 258604.567, 130
Trd, 258604.650, 116
Trd, 258605.417, 134
Trd, 258605.533, 133
Trd, 258605.767, 125
Trd, 258605.833, 124
Trd, 258606.150, 132
Trd, 258606.333, 123
Trd, 258606.717, 118
Trd, 258606.950, 117
Trd, 258606.983, 113
Trd, 258607.067, 134
Trd, 258607.150, 109
Trd, 258607.800, 139
Trd, 258608.517, 139
Trd, 258609.633, 139
Trd, 258609.650, 139
Trd, 258610.083, 140
Trd, 258610.150, 139
Trd, 258610.733, 140
Trd, 258611.050, 135
Trd, 258611.117, 137
Trd, 258611.183, 133
Trd, 258611.400, 133
Trd, 258611.450, 133
Trd, 258611.567, 121
Trd, 258611.750, 125
Trd, 258611.883, 120
Trd, 258612.150, 113
Trd, 258612.550, 132
Trd, 258612.633, 138
Trd, 258612.750, 111
Trd, 258612.883, 108
Trd, 258612.900, 107
Trd, 258613.550, 111
Trd, 258613.617, 106
Trd, 258613.633, 100
Trd, 258613.650, 100
Trd, 258613.933, 97
Trd, 258613.950, 89
Trd, 258614.600, 140
Trd, 258614.683, 139
Trd, 258615.333, 126
Trd, 258615.583, 124
Trd, 258616.083, 128
Trd, 258616.217, 125
Trd, 258616.383, 121
Trd, 258616.500, 120
Trd, 258616.733, 112
Trd, 258617.183, 139
Trd, 258617.267, 136
Trd, 258617.283, 130
Trd, 258617.300, 114
Trd, 258617.550, 113
Trd, 258617.967, 97
Trd, 258618.050, 92
Trd, 258618.317, 91
Trd, 258618.800, 108
Trd, 258619.000, 109
Trd, 258619.583, 136
Trd, 258619.600, 127
Trd, 258620.333, 136
Trd, 258620.550, 135
Trd, 258620.567, 134
Trd, 258620.917, 136
Trd, 258621.450, 136
Trd, 258621.667, 140
Trd, 258621.817, 135
Trd, 258622.117, 140
Trd, 258622.150, 134
Trd, 258622.267, 128
Trd, 258622.417, 137
Trd, 258623.483, 140
Trd, 258623.800, 140
Trd, 258623.850, 140
Trd, 258623.917, 136
Trd, 258624.000, 135
Trd, 258624.017, 128
Trd, 258624.200, 124
Trd, 258624.683, 124
Trd, 258625.017, 139
Trd, 258625.167, 119
Trd, 258626.017, 140
Trd, 258626.083, 137
Trd, 258626.117, 135
Trd, 258626.150, 134
Trd, 258626.483, 133
Trd, 258626.700, 124
Trd, 258626.850, 121
Trd, 258627.167, 125
Trd, 258627.367, 139
Trd, 258627.383, 128
Trd, 258627.650, 126
Trd, 258628.000, 135
Trd, 258628.317, 133
Trd, 258628.717, 127
Trd, 258629.150, 138
Trd, 258629.167, 137
Trd, 258629.267, 140
Trd, 258629.367, 126
Trd, 258629.967, 125
Trd, 258630.450, 125
Trd, 258630.550, 124
Trd, 258630.600, 116
Trd, 258630.800, 113
Trd, 258630.900, 110
Trd, 258631.083, 104
Trd, 258631.283, 131
Trd, 258631.350, 130
Trd, 258631.367, 125
Trd, 258631.400, 116
Trd, 258631.517, 93
Trd, 258632.483, 94
Trd, 258632.533, 104
Trd, 258632.750, 92
Trd, 258632.950, 138
Trd, 258633.050, 98
Trd, 258633.317, 98
Trd, 258633.500, 97
Trd, 258633.950, 92
Trd, 258634.017, 117
Trd, 258634.050, 91
Trd, 258634.117, 90
Trd, 258634.300, 125
Trd, 258634.533, 88
Trd, 258634.817, 128
Trd, 258634.833, 99
Trd, 258635.133, 89
Trd, 258635.267, 99
Trd, 258635.517, 86
Trd, 258635.617, 85
Trd, 258635.983, 95
Trd, 258636.167, 104
Trd, 258636.317, 110
Trd, 258636.750, 79
Trd, 258636.917, 113
Trd, 258637.433, 128
Trd, 258637.967, 127
Trd, 258638.100, 115
Trd, 258639.100, 130
Trd, 258639.533, 120
Trd, 258639.667, 119
Trd, 258640.000, 114
Trd, 258640.267, 126
Trd, 258640.300, 108
Trd, 258640.950, 107
Trd, 258641.167, 140
Trd, 258641.317, 132
Trd, 258641.667, 120
Trd, 258641.850, 122
Trd, 258642.033, 119
Trd, 258642.167, 123
Trd, 258642.433, 111
Trd, 258642.483, 99
Trd, 258642.517, 104
Trd, 258642.817, 110
Trd, 258642.833, 107
Trd, 258644.000, 140
Trd, 258644.233, 140
Trd, 258644.583, 139
Trd, 258644.933, 138
Trd, 258645.250, 140
Trd, 258645.550, 134
Trd, 258645.583, 127
Trd, 258645.617, 125
Trd, 258645.633, 122
Trd, 258645.733, 120
Trd, 258646.383, 85
Trd, 258646.567, 92
Trd, 258646.600, 82
Trd, 258647.017, 140
Trd, 258647.333, 139
Trd, 258647.400, 138
Trd, 258647.467, 130
Trd, 258647.533, 122
Trd, 258647.617, 114
Trd, 258647.950, 127
Trd, 258648.283, 101
Trd, 258648.500, 95
Trd, 258648.567, 102
Trd, 258648.617, 118
Trd, 258648.750, 127
Trd, 258649.000, 94
Trd, 258649.483, 121
Trd, 258649.883, 105
Trd, 258649.983, 106
Trd, 258650.017, 121
Trd, 258650.233, 123
Trd, 258650.317, 104
Trd, 258650.650, 116
Trd, 258650.950, 91
Trd, 258651.100, 104
Trd, 258651.317, 119
Trd, 258651.467, 130
Trd, 258651.567, 107
Trd, 258651.883, 116
Trd, 258652.033, 108
Trd, 258652.067, 106
Trd, 258652.967, 126
Trd, 258653.183, 126
Trd, 258653.450, 119
Trd, 258653.600, 138
Trd, 258654.333, 135
Trd, 258654.683, 124
Trd, 258654.733, 117
Trd, 258654.883, 114
Trd, 258654.933, 112
Trd, 258655.583, 137
Trd, 258655.633, 110
Trd, 258655.683, 108
Trd, 258655.700, 104
Trd, 258656.083, 140
Trd, 258656.117, 139
Trd, 258656.167, 91
Trd, 258656.433, 82
Trd, 258656.550, 81
Trd, 258656.567, 107
Trd, 258657.400, 133
Trd, 258657.500, 132
Trd, 258657.517, 125
Trd, 258658.033, 132
Trd, 258658.200, 123
Trd, 258658.367, 119
Trd, 258659.117, 105
Trd, 258659.500, 115
Trd, 258659.867, 121
Trd, 258660.617, 137
Trd, 258660.767, 137
Trd, 258661.300, 137
Trd, 258661.333, 136
Trd, 258661.350, 140
Trd, 258661.767, 136
Trd, 258661.833, 135
Trd, 258661.867, 124
Trd, 258661.900, 122
Trd, 258661.983, 105
Trd, 258662.300, 92
Trd, 258662.467, 80
Trd, 258662.700, 82
Trd, 258662.750, 91
Trd, 258663.633, 140
Trd, 258663.800, 140
Trd, 258663.933, 140
Trd, 258664.267, 138
Trd, 258664.567, 140
Trd, 258664.750, 140
Trd, 258665.117, 134
Trd, 258665.567, 134
Trd, 258665.617, 130
Trd, 258665.750, 124
Trd, 258665.817, 123
Trd, 258665.900, 112
Trd, 258665.917, 110
Trd, 258666.100, 120
Trd, 258666.500, 135
Trd, 258666.700, 126
Trd, 258666.733, 119
Trd, 258666.783, 106
Trd, 258666.867, 98
Trd, 258667.183, 85
Trd, 258667.733, 128
Trd, 258667.850, 138
Trd, 258668.200, 140
Trd, 258668.533, 140
Trd, 258668.667, 128
Trd, 258668.683, 127
Trd, 258668.783, 111
Trd, 258668.983, 117
Trd, 258669.317, 140
Trd, 258669.567, 130
Trd, 258669.850, 131
Trd, 258670.150, 132
Trd, 258670.233, 126
Trd, 258670.617, 125
Trd, 258670.983, 118
Trd, 258671.117, 125
Trd, 258671.200, 105
Trd, 258671.300, 103
Trd, 258671.617, 117
Trd, 258671.900, 103
Trd, 258672.083, 133
Trd, 258672.283, 125
Trd, 258672.500, 136
Trd, 258672.533, 124
Trd, 258672.783, 117
Trd, 258672.850, 116
Trd, 258673.450, 106
Trd, 258673.467, 111
Trd, 258673.600, 101
Trd, 258673.700, 100
Trd, 258673.817, 95
Trd, 258673.983, 99
Trd, 258674.100, 86
Trd, 258674.533, 100
Trd, 258674.933, 112
Trd, 258675.467, 105
Trd, 258675.700, 125
Trd, 258675.767, 124
Trd, 258676.133, 140
Trd, 258676.800, 140
Trd, 258676.883, 126
Trd, 258677.083, 116
Trd, 258677.283, 114
Trd, 258677.467, 121
Trd, 258678.067, 124
Trd, 258678.433, 117
Trd, 258678.717, 111
Trd, 258678.850, 110
Trd, 258678.917, 108
Trd, 258679.217, 125
Trd, 258679.300, 133
Trd, 258679.367, 124
Trd, 258679.383, 119
Trd, 258679.550, 112
Trd, 258679.633, 104
Trd, 258679.983, 119
Trd, 258680.083, 102
Trd, 258680.117, 101
Trd, 258680.167, 97
Trd, 258680.250, 126
Trd, 258680.467, 140
Trd, 258680.733, 100
Trd, 258681.167, 84
Trd, 258681.700, 125
Trd, 258681.733, 135
Trd, 258681.900, 139
Trd, 258682.150, 131
Trd, 258682.633, 111
Trd, 258682.867, 128
Trd, 258682.883, 117
Trd, 258682.917, 106
Trd, 258683.717, 115
Trd, 258683.783, 110
Trd, 258684.633, 140
Trd, 258684.767, 140
Trd, 258684.800, 140
Trd, 258684.883, 137
Trd, 258684.950, 119
Trd, 258685.283, 112
Trd, 258685.350, 135
Trd, 258685.400, 128
Trd, 258685.817, 105
Trd, 258685.883, 111
Trd, 258686.067, 100
Trd, 258686.500, 98
Trd, 258687.067, 134
Trd, 258687.150, 132
Trd, 258688.350, 140
Trd, 258688.450, 131
Trd, 258688.967, 140
Trd, 258689.033, 140
Trd, 258689.100, 126
Trd, 258689.300, 125
Trd, 258689.333, 137
Trd, 258689.367, 121
Trd, 258689.583, 139
Trd, 258689.683, 115
Trd, 258689.817, 140
Trd, 258690.200, 115
Trd, 258690.300, 113
Trd, 258690.700, 115
Trd, 258691.150, 116
Trd, 258691.900, 109
Trd, 258692.183, 102
Trd, 258692.233, 117
Trd, 258692.267, 123
Trd, 258692.517, 118
Trd, 258692.700, 111
Trd, 258692.783, 107
Trd, 258692.817, 120
Trd, 258693.083, 110
Trd, 258693.183, 132
Trd, 258693.467, 115
Trd, 258694.050, 109
Trd, 258694.283, 104
Trd, 258694.317, 124
Trd, 258694.500, 99
Trd, 258694.933, 120
Trd, 258695.333, 105
Trd, 258695.433, 110
Trd, 258695.683, 100
Trd, 258696.233, 135
Trd, 258696.783, 128
Trd, 258696.867, 117
Trd, 258696.900, 110
Trd, 258697.250, 134
Trd, 258697.467, 127
Trd, 258697.750, 135
Trd, 258697.967, 107
Trd, 258698.017, 106
Trd, 258698.250, 122
Trd, 258698.517, 107
Trd, 258698.650, 100
Trd, 258698.817, 99
Trd, 258698.967, 96
Trd, 258699.517, 130
Trd, 258699.967, 140
Trd, 258700.067, 117
Trd, 258700.100, 116
Trd, 258700.200, 111
Trd, 258700.567, 101
Trd, 258700.633, 104
Trd, 258700.733, 98
Trd, 258700.833, 123
Trd, 258701.433, 122
Trd, 258701.600, 116
Trd, 258701.900, 140
Trd, 258702.050, 127
Trd, 258702.100, 126
Trd, 258702.367, 140
Trd, 258702.417, 132
Trd, 258702.600, 96
Trd, 258702.767, 94
Trd, 258703.167, 118
Trd, 258703.500, 126
Trd, 258703.567, 113
Trd, 258704.050, 140
Trd, 258704.233, 131
Trd, 258704.633, 131
Trd, 258704.800, 130
Trd, 258704.817, 126
Trd, 258704.933, 137
Trd, 258704.950, 118
Trd, 258705.083, 123
Trd, 258705.400, 140
Trd, 258706.233, 131
Trd, 258706.433, 127
Trd, 258706.567, 123
Trd, 258707.033, 127
Trd, 258707.150, 129
Trd, 258707.533, 133
Trd, 258707.633, 120
Trd, 258707.700, 119
Trd, 258708.250, 126
Trd, 258708.617, 132
Trd, 258708.667, 117
Trd, 258709.000, 128
Trd, 258709.033, 116
Trd, 258709.200, 119
Trd, 258709.700, 140
Trd, 258710.017, 140
Trd, 258710.467, 140
Trd, 258710.483, 116
Trd, 258710.617, 105
Trd, 258710.783, 122
Trd, 258710.967, 125
Trd, 258711.700, 124
Trd, 258711.750, 124
Trd, 258712.883, 121
Trd, 258713.100, 130
Trd, 258713.167, 123
Trd, 258713.667, 136
Trd, 258713.700, 123
Trd, 258713.783, 122
Trd, 258713.883, 122
Trd, 258714.117, 115
Trd, 258714.333, 123
Trd, 258714.700, 122
Trd, 258714.900, 137
Trd, 258714.983, 136
Trd, 258715.033, 117
Trd, 258715.500, 136
Trd, 258716.067, 132
Trd, 258716.433, 120
Trd, 258716.750, 136
Trd, 258716.867, 118
Trd, 258717.217, 128
Trd, 258717.267, 114
Trd, 258717.950, 129
Trd, 258718.250, 136
Trd, 258718.450, 139
Trd, 258718.567, 135
Trd, 258718.617, 121
Trd, 258718.767, 120
Trd, 258718.950, 119
Trd, 258719.217, 121
Trd, 258719.267, 128
Trd, 258719.533, 122
Trd, 258719.683, 128
Trd, 258719.800, 129
Trd, 258720.517, 118
Trd, 258720.667, 118
Trd, 258720.850, 137
Trd, 258721.367, 131
Trd, 258721.717, 130
Trd, 258721.833, 113
Trd, 258722.050, 112
Trd, 258722.117, 117
Trd, 258722.517, 132
Trd, 258722.783, 129
Trd, 258722.917, 121
Trd, 258723.033, 128
Trd, 258723.233, 124
Trd, 258723.467, 119
Trd, 258723.667, 130
Trd, 258723.783, 118
Trd, 258723.833, 117
Trd, 258724.317, 111
Trd, 258724.450, 112
Trd, 258724.783, 120
Trd, 258725.067, 123
Trd, 258725.417, 111
Trd, 258725.467, 111
Trd, 258726.067, 123
Trd, 258726.450, 124
Trd, 258726.550, 121
Trd, 258726.617, 115
Trd, 258726.767, 104
Trd, 258727.283, 128
Trd, 258727.400, 116
Trd, 258727.767, 115
Trd, 258727.967, 108
Trd, 258728.117, 110
Trd, 258728.300, 124
Trd, 258728.733, 134
Trd, 258728.883, 122
Trd, 258729.183, 129
Trd, 258729.317, 121
Trd, 258730.283, 108
Trd, 258730.383, 106
Trd, 258730.400, 106
Trd, 258730.667, 135
Trd, 258730.767, 134
Trd, 258730.867, 106
Trd, 258731.150, 106
Trd, 258731.267, 105
Trd, 258731.700, 140
Trd, 258732.250, 126
Trd, 258732.333, 123
Trd, 258732.367, 113
Trd, 258732.667, 140
Trd, 258732.933, 115
Trd, 258733.617, 113
Trd, 258733.650, 125
Trd, 258734.217, 139
Trd, 258734.250, 137
Trd, 258734.417, 126
Trd, 258734.717, 134
Trd, 258734.900, 119
Trd, 258735.067, 118
Trd, 258735.333, 116
Trd, 258735.400, 113
Trd, 258735.850, 131
Trd, 258735.867, 119
Trd, 258735.883, 112
Trd, 258736.017, 111
Trd, 258736.250, 112
Trd, 258736.367, 111
Trd, 258736.467, 108
Trd, 258736.533, 126
Trd, 258736.583, 101
Trd, 258736.817, 88
Trd, 258736.867, 76
Trd, 258737.317, 72
Trd, 258738.067, 89
Trd, 258738.600, 93
Trd, 258738.717, 118
Trd, 258738.800, 93
Trd, 258739.400, 90
Trd, 258739.933, 118
Trd, 258739.950, 95
Trd, 258740.267, 91
Trd, 258740.333, 89
Trd, 258740.600, 99
Trd, 258740.617, 111
Trd, 258740.650, 86
Trd, 258740.900, 96
Trd, 258741.233, 99
Trd, 258741.650, 86
Trd, 258741.667, 104
Trd, 258741.733, 84
Trd, 258741.917, 113
Trd, 258741.967, 117
Trd, 258742.033, 83
Trd, 258742.067, 130
Trd, 258742.117, 83
Trd, 258742.783, 138
Trd, 258742.883, 140
Trd, 258742.917, 137
Trd, 258743.617, 140
Trd, 258743.683, 123
Trd, 258744.067, 89
Trd, 258744.617, 82
Trd, 258744.750, 93
Trd, 258745.083, 110
Trd, 258745.383, 98
Trd, 258745.483, 117
Trd, 258745.683, 118
Trd, 258745.750, 88
Trd, 258745.817, 81
Trd, 258746.083, 112
Trd, 258746.500, 107
Trd, 258746.567, 118
Trd, 258747.200, 127
Trd, 258747.433, 119
Trd, 258747.500, 115
Trd, 258747.633, 130
Trd, 258747.767, 107
Trd, 258748.167, 139
Trd, 258748.267, 109
Trd, 258748.683, 140
Trd, 258749.267, 140
Trd, 258749.567, 140
Trd, 258749.800, 133
Trd, 258749.950, 124
Trd, 258750.083, 126
Trd, 258750.283, 121
Trd, 258750.350, 118
Trd, 258750.783, 117
Trd, 258750.800, 123
Trd, 258750.833, 139
Trd, 258750.867, 110
Trd, 258750.900, 109
Trd, 258751.017, 108
Trd, 258751.033, 76
Trd, 258751.417, 78
Trd, 258751.483, 120
Trd, 258751.733, 73
Trd, 258752.500, 97
Trd, 258752.800, 139
Trd, 258752.933, 109
Trd, 258753.350, 112
Trd, 258753.667, 126
Trd, 258753.750, 112
Trd, 258753.850, 111
Trd, 258753.933, 107
Trd, 258754.017, 105
Trd, 258754.483, 118
Trd, 258754.500, 120
Trd, 258754.867, 131
Trd, 258754.933, 124
Trd, 258755.150, 123
Trd, 258755.617, 129
Trd, 258756.567, 140
Trd, 258756.883, 137
Trd, 258757.067, 128
Trd, 258757.083, 123
Trd, 258757.333, 140
Trd, 258757.550, 140
Trd, 258757.600, 130
Trd, 258757.783, 128
Trd, 258758.033, 112
Trd, 258758.167, 123
Trd, 258758.567, 121
Trd, 258758.700, 133
Trd, 258758.717, 121
Trd, 258758.767, 120
Trd, 258758.817, 135
Trd, 258758.967, 136
Trd, 258759.517, 123
Trd, 258759.833, 135
Trd, 258760.083, 127
Trd, 258760.483, 124
Trd, 258760.917, 117
Trd, 258761.083, 119
Trd, 258761.167, 118
Trd, 258761.367, 117
Trd, 258761.917, 114
Trd, 258762.233, 117
Trd, 258762.650, 116
Trd, 258762.667, 111
Trd, 258762.950, 129
Trd, 258762.967, 123
Trd, 258763.017, 131
Trd, 258763.250, 121
Trd, 258763.417, 130
Trd, 258763.450, 120
Trd, 258763.517, 113
Trd, 258763.550, 106
Trd, 258764.000, 127
Trd, 258764.117, 105
Trd, 258764.400, 129
Trd, 258764.617, 128
Trd, 258764.717, 127
Trd, 258765.183, 137
Trd, 258765.333, 136
Trd, 258765.517, 121
Trd, 258765.650, 134
Trd, 258766.217, 139
Trd, 258766.833, 139
Trd, 258767.550, 138
Trd, 258767.633, 140
Trd, 258767.767, 137
Trd, 258767.917, 136
Trd, 258768.167, 129
Trd, 258768.250, 128
Trd, 258768.450, 126
Trd, 258768.517, 118
Trd, 258768.883, 112
Trd, 258768.933, 111
Trd, 258769.067, 138
Trd, 258769.167, 129
Trd, 258769.433, 114
Trd, 258769.667, 123
Trd, 258769.733, 113
Trd, 258769.783, 112
Trd, 258769.833, 105
Trd, 258769.917, 121
Trd, 258769.933, 120
Trd, 258771.033, 135
Trd, 258771.150, 135
Trd, 258771.650, 135
Trd, 258771.700, 134
Trd, 258771.733, 118
Trd, 258772.233, 111
Trd, 258772.917, 140
Trd, 258773.000, 140
Trd, 258773.383, 140
Trd, 258773.467, 140
Trd, 258773.600, 140
Trd, 258773.933, 140
Trd, 258774.200, 127
Trd, 258774.217, 124
Trd, 258774.367, 122
Trd, 258774.950, 119
Trd, 258775.167, 123
Trd, 258775.200, 115
Trd, 258775.817, 102
Trd, 258776.167, 127
Trd, 258776.433, 126
Trd, 258777.200, 137
Trd, 258777.267, 138
Trd, 258777.300, 136
Trd, 258777.333, 135
Trd, 258777.483, 113
Trd, 258777.550, 106
Trd, 258777.650, 105
Trd, 258777.817, 132
Trd, 258777.967, 136
Trd, 258778.000, 130
Trd, 258778.567, 122
Trd, 258778.650, 119
Trd, 258778.750, 137
Trd, 258779.233, 137
Trd, 258779.750, 137
Trd, 258780.717, 134
Trd, 258780.750, 128
Trd, 258780.800, 127
Trd, 258780.933, 125
Trd, 258781.167, 138
Trd, 258781.450, 140
Trd, 258782.083, 140
Trd, 258782.383, 139
Trd, 258782.500, 138
Trd, 258782.600, 139
Trd, 258782.633, 119
Trd, 258783.050, 120
Trd, 258783.750, 128
Trd, 258784.000, 132
Trd, 258784.300, 131
Trd, 258784.400, 130
Trd, 258784.583, 127
Trd, 258784.650, 133
Trd, 258784.883, 120
Trd, 258785.617, 109
Trd, 258786.150, 111
Trd, 258786.233, 104
Trd, 258786.467, 114
Trd, 258786.517, 103
Trd, 258786.683, 123
Trd, 258786.800, 134
Trd, 258787.250, 109
Trd, 258787.450, 126
Trd, 258787.467, 107
Trd, 258788.133, 119
Trd, 258788.167, 118
Trd, 258788.283, 116
Trd, 258788.533, 107
Trd, 258788.667, 106
Trd, 258788.833, 100
Trd, 258789.133, 94
Trd, 258789.533, 130
Trd, 258789.800, 123
Trd, 258789.833, 122
Trd, 258789.917, 109
Trd, 258790.050, 93
Trd, 258790.217, 109
Trd, 258790.267, 126
Trd, 258790.700, 108
Trd, 258790.817, 105
Trd, 258790.950, 131
Trd, 258791.133, 97
Trd, 258791.333, 93
Trd, 258791.533, 70
Trd, 258791.867, 114
Trd, 258792.117, 83
Trd, 258792.367, 137
Trd, 258792.500, 119
Trd, 258793.017, 100
Trd, 258793.117, 93
Trd, 258793.433, 92
Trd, 258793.600, 139
Trd, 258794.000, 129
Trd, 258794.233, 124
Trd, 258794.867, 132
Trd, 258794.883, 131
Trd, 258795.233, 131
Trd, 258795.383, 140
Trd, 258795.917, 134
Trd, 258796.117, 139
Trd, 258796.167, 133
Trd, 258796.633, 132
Trd, 258796.683, 129
Trd, 258797.400, 131
Trd, 258797.517, 132
Trd, 258798.250, 131
Trd, 258798.517, 131
Trd, 258798.733, 140
Trd, 258799.450, 140
Trd, 258799.533, 140
Trd, 258799.933, 139
Trd, 258800.033, 137
Trd, 258801.183, 139
Trd, 258801.617, 139
Trd, 258801.650, 134
Trd, 258801.767, 139
Trd, 258801.800, 133
Trd, 258801.850, 130
Trd, 258801.983, 127
Trd, 258802.000, 126
Trd, 258802.100, 120
Trd, 258802.400, 114
Trd, 258802.700, 132
Trd, 258803.100, 113
Trd, 258803.183, 112
Trd, 258803.333, 104
Trd, 258803.867, 123
Trd, 258804.000, 124
Trd, 258804.133, 118
Trd, 258804.283, 122
Trd, 258804.350, 113
Trd, 258804.433, 110
Trd, 258805.017, 106
Trd, 258805.283, 135
Trd, 258805.500, 118
Trd, 258805.817, 117
Trd, 258805.983, 128
Trd, 258806.000, 116
Trd, 258806.400, 77
Trd, 258806.533, 102
Trd, 258806.667, 117
Trd, 258806.800, 135
Trd, 258807.133, 69
Trd, 258807.433, 80
Trd, 258808.350, 90
Trd, 258808.500, 85
Trd, 258808.783, 114
Trd, 258808.867, 114
Trd, 258808.983, 116
Trd, 258809.017, 113
Trd, 258809.033, 116
Trd, 258809.100, 123
Trd, 258809.283, 115
Trd, 258809.833, 128
Trd, 258810.150, 124
Trd, 258810.217, 124
Trd, 258810.367, 117
Trd, 258811.617, 140
Trd, 258811.800, 132
Trd, 258812.050, 131
Trd, 258812.600, 137
Trd, 258813.500, 136
Trd, 258813.750, 131
Trd, 258813.983, 138
Trd, 258814.033, 138
Trd, 258814.067, 137
Trd, 258814.150, 125
Trd, 258814.250, 125
Trd, 258814.283, 123
Trd, 258814.733, 134
Trd, 258814.800, 125
Trd, 258814.867, 121
Trd, 258814.883, 118
Trd, 258815.050, 111
Trd, 258815.383, 111
Trd, 258815.700, 115
Trd, 258816.150, 113
Trd, 258816.283, 113
Trd, 258816.433, 117
Trd, 258817.233, 123
Trd, 258817.367, 118
Trd, 258817.700, 114
Trd, 258818.067, 108
Trd, 258818.100, 124
Trd, 258818.117, 105
Trd, 258818.450, 101
Trd, 258818.567, 100
Trd, 258818.750, 93
Trd, 258818.983, 100
Trd, 258819.017, 96
Trd, 258819.033, 132
Trd, 258819.367, 116
Trd, 258819.583, 89
Trd, 258820.083, 113
Trd, 258820.200, 112
Trd, 258820.400, 106
Trd, 258820.750, 114
Trd, 258821.050, 113
Trd, 258821.167, 114
Trd, 258821.833, 106
Trd, 258822.067, 123
Trd, 258822.200, 106
Trd, 258822.350, 105
Trd, 258822.367, 127
Trd, 258822.733, 113
Trd, 258822.850, 109
Trd, 258823.717, 139
Trd, 258823.733, 130
Trd, 258823.800, 128
Trd, 258823.850, 106
Trd, 258824.050, 113
Trd, 258824.583, 137
Trd, 258824.800, 137
Trd, 258824.983, 136
Trd, 258825.050, 139
Trd, 258825.383, 138
Trd, 258825.483, 126
Trd, 258825.883, 140
Trd, 258826.100, 140
Trd, 258826.517, 140
Trd, 258826.817, 140
Trd, 258826.867, 131
Trd, 258827.283, 128
Trd, 258827.733, 108
Trd, 258827.900, 102
Trd, 258827.933, 88
Trd, 258828.117, 118
Trd, 258828.367, 130
Trd, 258828.383, 111
Trd, 258828.967, 132
Trd, 258829.150, 114
Trd, 258829.383, 114
Trd, 258829.817, 134
Trd, 258830.417, 139
Trd, 258830.433, 133
Trd, 258830.783, 125
Trd, 258830.867, 122
Trd, 258831.117, 119
Trd, 258831.550, 139
Trd, 258831.600, 139
Trd, 258831.683, 114
Trd, 258831.700, 114
Trd, 258831.883, 113
Trd, 258831.967, 113
Trd, 258832.000, 111
Trd, 258833.050, 131
Trd, 258833.133, 130
Trd, 258833.300, 130
Trd, 258833.417, 130
Trd, 258833.433, 128
Trd, 258833.567, 122
Trd, 258833.950, 138
Trd, 258834.150, 100
Trd, 258834.183, 125
Trd, 258834.683, 122
Trd, 258834.750, 116
Trd, 258834.983, 86
Trd, 258835.283, 114
Trd, 258836.500, 87
Trd, 258836.550, 87
Trd, 258836.867, 136
Trd, 258837.217, 90
Trd, 258837.600, 88
Trd, 258838.000, 88
Trd, 258838.100, 107
Trd, 258838.250, 88
Trd, 258838.483, 88
Trd, 258838.500, 87
Trd, 258838.567, 102
Trd, 258838.583, 111
Trd, 258838.800, 99
Trd, 258838.950, 85
Trd, 258839.133, 84
Trd, 258839.350, 122
Trd, 258839.467, 95
Trd, 258839.900, 116
Trd, 258840.000, 120
Trd, 258840.050, 115
Trd, 258840.083, 124
Trd, 258840.517, 72
Trd, 258840.617, 61
Trd, 258840.900, 125
Trd, 258841.233, 114
Trd, 258841.417, 129
Trd, 258841.650, 116
Trd, 258841.683, 114
Trd, 258841.767, 110
Trd, 258841.850, 109
Trd, 258842.200, 140
Trd, 258843.033, 140
Trd, 258843.067, 131
Trd, 258843.083, 125
Trd, 258843.283, 116
Trd, 258843.533, 115
Trd, 258844.250, 140
Trd, 258844.850, 140
Trd, 258844.917, 140
Trd, 258844.967, 140
Trd, 258845.067, 139
Trd, 258845.250, 133
Trd, 258845.283, 128
Trd, 258845.617, 132
Trd, 258845.983, 132
Trd, 258846.417, 140
Trd, 258846.833, 140
Trd, 258846.900, 131
Trd, 258847.800, 134
Trd, 258848.050, 117
Trd, 258848.183, 112
Trd, 258848.550, 132
Trd, 258848.650, 125
Trd, 258848.850, 134
Trd, 258848.983, 128
Trd, 258849.117, 127
Trd, 258849.333, 130
Trd, 258849.550, 129
Trd, 258849.700, 119
Trd, 258849.900, 122
Trd, 258850.117, 120
Trd, 258850.267, 134
Trd, 258850.400, 117
Trd, 258850.550, 114
Trd, 258850.600, 111
Trd, 258851.117, 132
Trd, 258851.683, 140
Trd, 258851.717, 140
Trd, 258851.867, 134
Trd, 258852.217, 133
Trd, 258852.333, 125
Trd, 258852.600, 121
Trd, 258852.850, 120
Trd, 258853.083, 125
Trd, 258853.783, 136
Trd, 258854.000, 131
Trd, 258854.133, 122
Trd, 258854.200, 120
Trd, 258854.417, 120
Trd, 258855.433, 116
Trd, 258855.600, 134
Trd, 258855.700, 108
Trd, 258855.967, 131
Trd, 258856.367, 108
Trd, 258856.700, 108
Trd, 258856.983, 107
Trd, 258857.250, 106
Trd, 258857.300, 98
Trd, 258857.683, 91
Trd, 258857.783, 91
Trd, 258857.800, 107
Trd, 258858.500, 104
Trd, 258858.717, 119
Trd, 258859.117, 104
Trd, 258859.833, 111
Trd, 258860.150, 126
Trd, 258860.633, 112
Trd, 258861.050, 115
Trd, 258861.083, 126
Trd, 258861.133, 113
Trd, 258861.783, 115
Trd, 258861.900, 114
Trd, 258861.933, 128
Trd, 258862.467, 134
Trd, 258862.750, 119
Trd, 258862.800, 140
Trd, 258863.017, 118
Trd, 258863.383, 121
Trd, 258863.500, 127
Trd, 258863.917, 120
Trd, 258864.050, 130
Trd, 258864.583, 119
Trd, 258864.683, 124
Trd, 258865.050, 131
Trd, 258865.233, 120
Trd, 258865.600, 140
Trd, 258865.667, 118
Trd, 258866.000, 116
Trd, 258866.250, 110
Trd, 258866.400, 123
Trd, 258866.850, 114
Trd, 258867.033, 110
Trd, 258867.633, 111
Trd, 258867.650, 109
Trd, 258867.733, 106
Trd, 258867.850, 100
Trd, 258868.117, 99
Trd, 258868.833, 126
Trd, 258869.017, 133
Trd, 258869.033, 120
Trd, 258869.650, 132
Trd, 258870.217, 134
Trd, 258870.400, 132
Trd, 258870.483, 133
Trd, 258871.183, 131
Trd, 258871.200, 125
Trd, 258871.417, 123
Trd, 258871.683, 133
Trd, 258871.700, 118
Trd, 258872.150, 111
Trd, 258872.250, 118
Trd, 258872.350, 106
Trd, 258872.483, 104
Trd, 258872.600, 106
Trd, 258872.967, 121
Trd, 258873.000, 116
Trd, 258873.167, 111
Trd, 258873.183, 110
Trd, 258873.300, 110
Trd, 258873.350, 109
Trd, 258873.517, 94
Trd, 258874.317, 94
Trd, 258874.417, 93
Trd, 258874.733, 100
Trd, 258874.817, 94
Trd, 258875.050, 140
Trd, 258875.067, 110
Trd, 258875.317, 88
Trd, 258876.383, 140
Trd, 258876.450, 139
Trd, 258876.517, 125
Trd, 258876.833, 119
Trd, 258877.167, 118
Trd, 258877.517, 140
Trd, 258877.800, 140
Trd, 258877.900, 129
Trd, 258877.950, 128
Trd, 258878.317, 126
Trd, 258878.333, 117
Trd, 258878.883, 127
Trd, 258879.117, 126
Trd, 258879.600, 140
Trd, 258880.417, 139
Trd, 258880.433, 138
Trd, 258880.467, 137
Trd, 258880.633, 133
Trd, 258880.733, 132
Trd, 258880.917, 118
Trd, 258881.317, 124
Trd, 258881.533, 110
Trd, 258882.217, 110
Trd, 258882.617, 111
Trd, 258882.917, 132
Trd, 258883.050, 108
Trd, 258883.100, 107
Trd, 258884.200, 140
Trd, 258884.217, 140
Trd, 258884.267, 130
Trd, 258884.317, 129
Trd, 258884.867, 130
Trd, 258885.067, 130
Trd, 258885.567, 134
Trd, 258885.617, 131
Trd, 258885.633, 128
Trd, 258886.283, 128
Trd, 258886.483, 125
Trd, 258886.500, 119
Trd, 258887.100, 140
Trd, 258887.850, 140
Trd, 258888.133, 140
Trd, 258888.183, 140
Trd, 258888.217, 132
Trd, 258888.650, 140
Trd, 258888.933, 135
Trd, 258888.967, 133
Trd, 258889.133, 137
Trd, 258889.317, 132
Trd, 258889.583, 132
Trd, 258889.767, 140
Trd, 258889.883, 130
Trd, 258890.150, 128
Trd, 258890.733, 123
Trd, 258890.817, 118
Trd, 258891.017, 109
Trd, 258891.033, 108
Trd, 258891.267, 103
Trd, 258891.850, 140
Trd, 258891.917, 139
Trd, 258892.033, 126
Trd, 258892.400, 124
Trd, 258892.583, 84
Trd, 258892.833, 139
Trd, 258893.333, 119
Trd, 258893.600, 130
Trd, 258893.767, 123
Trd, 258893.867, 116
Trd, 258893.983, 115
Trd, 258894.050, 112
Trd, 258894.133, 110
Trd, 258894.283, 99
Trd, 258894.433, 101
Trd, 258894.950, 129
Trd, 258895.217, 109
Trd, 258895.350, 108
Trd, 258895.700, 119
Trd, 258895.717, 133
Trd, 258896.150, 105
Trd, 258896.200, 106
Trd, 258896.500, 108
Trd, 258896.567, 105
Trd, 258896.800, 107
Trd, 258896.833, 106
Trd, 258897.150, 118
Trd, 258897.317, 138
Trd, 258897.783, 140
Trd, 258897.850, 140
Trd, 258898.683, 140
Trd, 258898.767, 139
Trd, 258898.900, 128
Trd, 258899.283, 138
Trd, 258899.467, 126
Trd, 258899.850, 125
Trd, 258900.183, 136
Trd, 258900.417, 134
Trd, 258900.750, 134
Trd, 258901.667, 140
Trd, 258902.400, 140
Trd, 258902.533, 139
Trd, 258902.550, 139
Trd, 258902.650, 130
Trd, 258903.000, 128
Trd, 258903.017, 130
Trd, 258903.283, 137
Trd, 258903.367, 127
Trd, 258903.533, 137
Trd, 258903.550, 128
Trd, 258903.633, 127
Trd, 258903.717, 125
Trd, 258903.800, 124
Trd, 258903.850, 122
Trd, 258903.950, 127
Trd, 258905.117, 137
Trd, 258905.133, 135
Trd, 258905.383, 134
Trd, 258906.483, 133
Trd, 258906.517, 132
Trd, 258906.550, 129
Trd, 258906.633, 123
Trd, 258906.817, 120
Trd, 258906.867, 119
Trd, 258907.050, 112
Trd, 258907.533, 111
Trd, 258907.667, 111
Trd, 258908.067, 136
Trd, 258908.117, 139
Trd, 258908.200, 134
Trd, 258909.083, 114
Trd, 258909.750, 125
Trd, 258909.783, 114
Trd, 258910.133, 140
Trd, 258910.683, 138
Trd, 258910.900, 128
Trd, 258910.933, 125
Trd, 258911.217, 115
Trd, 258912.050, 129
Trd, 258912.117, 128
Trd, 258912.733, 136
Trd, 258912.933, 140
Trd, 258913.133, 140
Trd, 258913.433, 139
Trd, 258913.617, 140
Trd, 258913.683, 138
Trd, 258913.933, 133
Trd, 258914.017, 133
Trd, 258914.083, 130
Trd, 258914.283, 124
Trd, 258914.333, 131
Trd, 258914.600, 123
Trd, 258914.750, 128
Trd, 258915.367, 130
Trd, 258915.450, 129
Trd, 258916.033, 139
Trd, 258916.200, 129
Trd, 258916.300, 129
Trd, 258916.617, 128
Trd, 258916.633, 116
Trd, 258917.200, 130
Trd, 258917.333, 139
Trd, 258917.533, 129
Trd, 258918.033, 130
Trd, 258918.367, 140
Trd, 258918.550, 131
Trd, 258918.750, 131
Trd, 258918.917, 140
Trd, 258919.017, 131
Trd, 258919.217, 121
Trd, 258919.250, 115
Trd, 258919.983, 139
Trd, 258920.200, 120
Trd, 258920.767, 110
Trd, 258920.800, 139
Trd, 258921.000, 85
Trd, 258921.133, 82
Trd, 258921.150, 99
Trd, 258921.600, 104
Trd, 258921.733, 119
Trd, 258921.900, 88
Trd, 258922.417, 115
Trd, 258922.500, 95
Trd, 258922.683, 83
Trd, 258922.900, 120
Trd, 258923.367, 122
Trd, 258923.567, 121
Trd, 258923.767, 129
Trd, 258923.800, 131
Trd, 258924.017, 120
Trd, 258925.317, 139
Trd, 258926.250, 140
Trd, 258926.483, 140
Trd, 258926.650, 140
Trd, 258926.817, 140
Trd, 258927.617, 140
Trd, 258927.667, 139
Trd, 258927.683, 139
Trd, 258927.750, 130
Trd, 258927.767, 130
Trd, 258927.783, 129
Trd, 258928.183, 129
Trd, 258928.233, 126
Trd, 258928.833, 136
Trd, 258928.967, 134
Trd, 258929.450, 122
Trd, 258929.900, 136
Trd, 258930.100, 124
Trd, 258930.450, 115
Trd, 258930.533, 130
Trd, 258930.717, 122
Trd, 258930.917, 131
Trd, 258931.483, 126
Trd, 258931.733, 126
Trd, 258931.767, 116
Trd, 258931.850, 111
Trd, 258932.067, 100
Trd, 258932.183, 99
Trd, 258932.983, 135
Trd, 258933.483, 133
Trd, 258933.750, 127
Trd, 258933.783, 121
Trd, 258934.300, 115
Trd, 258934.350, 136
Trd, 258934.383, 85
Trd, 258935.133, 139
Trd, 258935.400, 129
Trd, 258935.583, 129
Trd, 258935.633, 128
Trd, 258935.667, 122
Trd, 258936.567, 133
Trd, 258936.600, 125
Trd, 258936.833, 124
Trd, 258937.433, 120
Trd, 258937.667, 110
Trd, 258937.800, 134
Trd, 258937.883, 125
Trd, 258938.017, 89
Trd, 258938.150, 139
Trd, 258938.233, 87
Trd, 258938.533, 121
Trd, 258938.900, 140
Trd, 258938.933, 140
Trd, 258939.350, 140
Trd, 258939.483, 104
Trd, 258939.567, 99
Trd, 258939.767, 139
Trd, 258939.950, 138
Trd, 258940.633, 117
Trd, 258940.817, 113
Trd, 258940.917, 113
Trd, 258941.383, 109
Trd, 258941.817, 123
Trd, 258942.400, 137
Trd, 258942.667, 125
Trd, 258942.933, 114
Trd, 258942.967, 113
Trd, 258943.000, 126
Trd, 258943.317, 138
Trd, 258943.433, 137
Trd, 258943.900, 140
Trd, 258944.133, 140
Trd, 258944.300, 140
Trd, 258944.717, 140
Trd, 258944.850, 140
Trd, 258944.883, 140
Trd, 258945.200, 129
Trd, 258945.283, 125
Trd, 258945.417, 139
Trd, 258945.633, 121
Trd, 258947.033, 135
Trd, 258947.517, 134
Trd, 258947.533, 128
Trd, 258948.250, 123
Trd, 258948.533, 132
Trd, 258948.883, 131
Trd, 258949.217, 126
Trd, 258949.283, 139
Trd, 258949.317, 124
Trd, 258949.433, 140
Trd, 258949.500, 120
Trd, 258949.667, 130
Trd, 258949.983, 140
Trd, 258950.167, 136
Trd, 258950.683, 132
Trd, 258950.817, 129
Trd, 258951.167, 124
Trd, 258951.283, 133
Trd, 258951.683, 129
Trd, 258951.867, 136
Trd, 258951.967, 123
Trd, 258952.117, 107
Trd, 258952.133, 106
Trd, 258952.283, 131
Trd, 258952.583, 100
Trd, 258952.667, 99
Trd, 258952.867, 90
Trd, 258952.933, 91
Trd, 258953.450, 110
Trd, 258953.533, 128
Trd, 258953.700, 109
Trd, 258953.750, 112
Trd, 258954.283, 140
Trd, 258954.700, 124
Trd, 258955.117, 114
Trd, 258955.250, 105
Trd, 258956.150, 131
Trd, 258956.333, 112
Trd, 258956.483, 102
Trd, 258956.650, 88
Trd, 258956.917, 98
Trd, 258957.133, 103
Trd, 258957.317, 117
Trd, 258957.483, 140
Trd, 258957.767, 95
Trd, 258958.000, 116
Trd, 258958.117, 92
Trd, 258958.283, 89
Trd, 258958.350, 105
Trd, 258958.967, 110
Trd, 258959.017, 109
Trd, 258959.433, 100
Trd, 258959.533, 97
Trd, 258959.700, 135
Trd, 258959.917, 99
Trd, 258959.933, 96
Trd, 258960.467, 97
Trd, 258960.767, 128
Trd, 258960.817, 127
Trd, 258961.000, 120
Trd, 258961.067, 114
Trd, 258961.683, 136
Trd, 258961.850, 127
Trd, 258962.017, 124
Trd, 258962.267, 138
Trd, 258962.600, 132
Trd, 258962.883, 129
Trd, 258963.067, 116
Trd, 258963.183, 121
Trd, 258963.633, 122
Trd, 258963.917, 139
Trd, 258964.067, 132
Trd, 258964.283, 124
Trd, 258964.300, 121
Trd, 258964.600, 113
Trd, 258964.950, 112
Trd, 258965.933, 140
Trd, 258966.167, 140
Trd, 258966.250, 140
Trd, 258966.367, 140
Trd, 258967.050, 129
Trd, 258967.150, 118
Trd, 258967.433, 118
Trd, 258967.833, 116
Trd, 258968.217, 112
Trd, 258968.450, 140
Trd, 258968.650, 128
Trd, 258969.217, 140
Trd, 258969.333, 140
Trd, 258969.517, 140
Trd, 258969.717, 137
Trd, 258969.767, 132
Trd, 258970.000, 131
Trd, 258970.417, 122
Trd, 258970.467, 122
Trd, 258970.533, 122
Trd, 258970.617, 136
Trd, 258970.717, 121
Trd, 258970.800, 119
Trd, 258971.550, 114
Trd, 258972.550, 140
Trd, 258972.833, 140
Trd, 258972.917, 140
Trd, 258973.033, 140
Trd, 258973.150, 140
Trd, 258973.200, 140
Trd, 258973.233, 140
Trd, 258973.917, 138
Trd, 258974.033, 130
Trd, 258974.367, 136
Trd, 258974.400, 134
Trd, 258975.067, 129
Trd, 258975.217, 119
Trd, 258975.250, 117
Trd, 258975.400, 104
Trd, 258975.633, 115
Trd, 258975.767, 137
Trd, 258975.933, 124
Trd, 258976.883, 102
Trd, 258977.150, 124
Trd, 258977.517, 107
Trd, 258977.633, 106
Trd, 258978.283, 137
Trd, 258978.317, 136
Trd, 258978.450, 134
Trd, 258978.650, 134
Trd, 258979.033, 130
Trd, 258979.100, 129
Trd, 258979.183, 125
Trd, 258979.500, 138
Trd, 258979.717, 120
Trd, 258979.750, 119
Trd, 258979.783, 114
Trd, 258980.083, 123
Trd, 258980.200, 113
Trd, 258980.217, 110
Trd, 258980.233, 105
Trd, 258980.500, 127
Trd, 258980.633, 127
Trd, 258980.767, 103
Trd, 258980.900, 102
Trd, 258981.600, 140
Trd, 258981.817, 134
Trd, 258981.833, 130
Trd, 258982.017, 135
Trd, 258982.700, 139
Trd, 258983.117, 136
Trd, 258983.433, 129
Trd, 258983.533, 124
Trd, 258983.817, 134
Trd, 258983.917, 126
Trd, 258983.933, 117
Trd, 258984.167, 111
Trd, 258984.700, 114
Trd, 258984.717, 116
Trd, 258985.133, 104
Trd, 258985.400, 125
Trd, 258985.550, 105
Trd, 258985.617, 103
Trd, 258986.000, 118
Trd, 258986.717, 118
Trd, 258986.850, 109
Trd, 258987.067, 93
Trd, 258987.133, 122
Trd, 258987.217, 136
Trd, 258987.533, 96
Trd, 258987.983, 96
Trd, 258988.217, 137
Trd, 258988.733, 140
Trd, 258988.900, 98
Trd, 258989.017, 125
Trd, 258989.300, 140
Trd, 258989.567, 140
Trd, 258989.850, 131
Trd, 258990.050, 130
Trd, 258990.467, 137
Trd, 258990.517, 136
Trd, 258990.533, 122
Trd, 258990.617, 113
Trd, 258990.650, 101
Trd, 258990.833, 104
Trd, 258991.100, 133
Trd, 258991.317, 101
Trd, 258992.000, 112
Trd, 258992.133, 100
Trd, 258992.367, 96
Trd, 258992.767, 123
Trd, 258992.850, 128
Trd, 258993.283, 119
Trd, 258993.500, 108
Trd, 258993.833, 106
Trd, 258993.883, 107
Trd, 258994.433, 140
Trd, 258994.500, 137
Trd, 258994.667, 114
Trd, 258994.883, 109
Trd, 258995.200, 117
Trd, 258995.433, 117
Trd, 258995.817, 129
Trd, 258996.767, 140
Trd, 258996.867, 139
Trd, 258997.033, 137
Trd, 258997.267, 136
Trd, 258998.033, 137
Trd, 258998.567, 133
Trd, 258998.683, 137
Trd, 258998.850, 131
Trd, 258999.200, 137
Trd, 258999.567, 128
Trd, 258999.817, 127
Trd, 258999.883, 126
Trd, 258999.917, 114
Trd, 258999.950, 114
Trd, 259000.033, 120
Trd, 259000.150, 137
Trd, 259001.217, 140
Trd, 259001.333, 112
Trd, 259001.350, 107
Trd, 259001.433, 105
Trd, 259001.550, 88
Trd, 259001.650, 88
Trd, 259001.683, 87
Trd, 259001.967, 131
Trd, 259002.333, 136
Trd, 259003.017, 119
Trd, 259003.067, 115
Trd, 259003.267, 119
Trd, 259003.333, 108
Trd, 259003.550, 121
Trd, 259003.783, 111
Trd, 259003.817, 107
Trd, 259004.267, 108
Trd, 259004.417, 128
Trd, 259004.617, 138
Trd, 259004.733, 128
Trd, 259004.883, 92
Trd, 259005.100, 140
Trd, 259005.350, 121
Trd, 259005.950, 127
Trd, 259007.083, 136
Trd, 259007.333, 136
Trd, 259007.783, 137
Trd, 259008.050, 130
Trd, 259008.117, 140
Trd, 259008.317, 129
Trd, 259008.550, 122
Trd, 259008.833, 121
Trd, 259008.933, 120
Trd, 259009.200, 140
Trd, 259009.333, 139
Trd, 259009.350, 130
Trd, 259009.883, 140
Trd, 259009.967, 123
Trd, 259010.083, 116
Trd, 259010.183, 114
Trd, 259010.350, 126
Trd, 259010.500, 128
Trd, 259010.717, 125
Trd, 259011.383, 112
Trd, 259012.000, 140
Trd, 259012.050, 140
Trd, 259012.167, 131
Trd, 259012.267, 130
Trd, 259012.733, 131
Trd, 259012.900, 119
Trd, 259013.033, 118
Trd, 259013.283, 119
Trd, 259013.600, 134
Trd, 259013.933, 135
Trd, 259014.267, 120
Trd, 259014.817, 122
Trd, 259014.833, 118
Trd, 259014.867, 117
Trd, 259015.033, 114
Trd, 259015.517, 122
Trd, 259015.583, 110
Trd, 259015.717, 109
Trd, 259015.750, 108
Trd, 259015.783, 122
Trd, 259015.867, 105
Trd, 259016.317, 123
Trd, 259016.567, 98
Trd, 259017.783, 140
Trd, 259017.933, 140
Trd, 259018.133, 132
Trd, 259018.150, 128
Trd, 259018.300, 134
Trd, 259018.367, 126
Trd, 259018.800, 119
Trd, 259019.150, 117
Trd, 259019.300, 122
Trd, 259019.400, 116
Trd, 259019.633, 116
Trd, 259019.733, 112
Trd, 259019.950, 104
Trd, 259019.983, 121
Trd, 259020.000, 103
Trd, 259020.117, 122
Trd, 259021.067, 122
Trd, 259021.183, 117
Trd, 259021.500, 111
Trd, 259021.517, 111
Trd, 259021.750, 111
Trd, 259022.017, 110
Trd, 259022.167, 109
Trd, 259022.250, 116
Trd, 259022.500, 117
Trd, 259022.633, 114
Trd, 259022.650, 105
Trd, 259022.700, 131
Trd, 259022.767, 104
Trd, 259022.950, 106
Trd, 259023.467, 120
Trd, 259023.550, 110
Trd, 259023.700, 121
Trd, 259024.167, 113
Trd, 259024.667, 100
Trd, 259024.783, 102
Trd, 259024.817, 130
Trd, 259025.117, 108
Trd, 259025.217, 125
Trd, 259025.567, 107
Trd, 259025.667, 108
Trd, 259025.733, 99
Trd, 259026.517, 135
Trd, 259026.867, 133
Trd, 259026.883, 127
Trd, 259027.067, 140
Trd, 259027.167, 140
Trd, 259027.183, 140
Trd, 259027.300, 126
Trd, 259027.583, 126
Trd, 259028.283, 121
Trd, 259028.300, 119
Trd, 259028.383, 125
Trd, 259028.400, 134
Trd, 259028.717, 122
Trd, 259028.983, 119
Trd, 259029.000, 118
Trd, 259029.383, 115
Trd, 259029.600, 120
Trd, 259029.633, 113
Trd, 259030.000, 110
Trd, 259030.633, 131
Trd, 259030.700, 108
Trd, 259030.900, 91
Trd, 259031.617, 114
Trd, 259032.100, 131
Trd, 259032.133, 113
Trd, 259032.367, 107
Trd, 259032.550, 137
Trd, 259032.883, 114
Trd, 259032.967, 110
Trd, 259033.350, 122
Trd, 259033.667, 131
Trd, 259033.767, 123
Trd, 259033.817, 119
Trd, 259033.883, 123
Trd, 259034.400, 112
Trd, 259034.667, 114
Trd, 259034.900, 117
Trd, 259035.017, 114
Trd, 259035.383, 131
Trd, 259035.617, 114
Trd, 259035.883, 137
Trd, 259036.233, 115
Trd, 259037.067, 130
Trd, 259037.317, 129
Trd, 259037.700, 113
Trd, 259037.767, 113
Trd, 259037.833, 97
Trd, 259038.317, 110
Trd, 259038.667, 100
Trd, 259038.783, 109
Trd, 259038.933, 125
Trd, 259039.250, 102
Trd, 259040.083, 118
Trd, 259040.233, 114
Trd, 259040.283, 125
Trd, 259040.333, 101
Trd, 259040.450, 115
Trd, 259040.533, 104
Trd, 259040.817, 136
Trd, 259040.833, 123
Trd, 259041.033, 99
Trd, 259041.283, 140
Trd, 259041.300, 127
Trd, 259041.383, 134
Trd, 259041.650, 127
Trd, 259041.783, 116
Trd, 259042.050, 110
Trd, 259042.350, 125
Trd, 259042.383, 124
Trd, 259042.950, 118
Trd, 259043.033, 140
Trd, 259043.217, 130
Trd, 259043.433, 116
Trd, 259043.533, 131
Trd, 259043.683, 127
Trd, 259044.083, 102
Trd, 259044.133, 101
Trd, 259044.250, 99
Trd, 259044.500, 103
Trd, 259044.750, 93
Trd, 259045.017, 105
Trd, 259045.250, 139
Trd, 259046.617, 140
Trd, 259046.850, 140
Trd, 259046.900, 140
Trd, 259047.083, 138
Trd, 259047.633, 130
Trd, 259047.717, 127
Trd, 259047.850, 138
Trd, 259048.117, 122
Trd, 259048.233, 120
Trd, 259048.467, 117
Trd, 259048.817, 136
Trd, 259049.000, 127
Trd, 259049.100, 127
Trd, 259049.300, 124
Trd, 259049.717, 117
Trd, 259049.783, 116
Trd, 259049.817, 122
Trd, 259049.867, 113
Trd, 259050.050, 126
Trd, 259050.383, 122
Trd, 259050.950, 127
Trd, 259051.150, 135
Trd, 259051.217, 117
Trd, 259051.567, 134
Trd, 259051.850, 140
Trd, 259051.917, 134
Trd, 259052.067, 133
Trd, 259052.683, 140
Trd, 259052.917, 124
Trd, 259053.233, 126
Trd, 259053.300, 123
Trd, 259053.667, 139
Trd, 259053.900, 139
Trd, 259054.417, 139
Trd, 259054.717, 136
Trd, 259054.733, 130
Trd, 259054.800, 115
Trd, 259055.133, 112
Trd, 259055.167, 109
Trd, 259055.217, 107
Trd, 259055.367, 102
Trd, 259055.383, 100
Trd, 259055.500, 107
Trd, 259056.033, 94
Trd, 259056.183, 93
Trd, 259056.550, 85
Trd, 259056.750, 104
Trd, 259057.133, 105
Trd, 259057.167, 118
Trd, 259057.283, 140
Trd, 259057.417, 137
Trd, 259057.567, 139
Trd, 259057.767, 139
Trd, 259057.850, 117
Trd, 259058.333, 111
Trd, 259058.517, 130
Trd, 259058.583, 110
Trd, 259058.600, 109
Trd, 259058.667, 107
Trd, 259058.867, 107
Trd, 259058.983, 109
Trd, 259059.367, 139
Trd, 259059.433, 126
Trd, 259060.167, 122
Trd, 259060.933, 125
Trd, 259060.950, 118
Trd, 259061.267, 112
Trd, 259061.450, 111
Trd, 259061.633, 121
Trd, 259061.783, 137
Trd, 259061.867, 122
Trd, 259062.800, 138
Trd, 259062.817, 137
Trd, 259063.067, 131
Trd, 259063.083, 125
Trd, 259063.183, 124
Trd, 259063.417, 140
Trd, 259063.450, 139
Trd, 259063.933, 129
Trd, 259064.333, 133
Trd, 259064.950, 136
Trd, 259065.150, 133
Trd, 259065.317, 133
Trd, 259065.383, 132
Trd, 259065.400, 121
Trd, 259065.617, 121
Trd, 259065.900, 120
Trd, 259065.917, 114
Trd, 259066.017, 127
Trd, 259066.267, 135
Trd, 259067.033, 137
Trd, 259067.200, 130
Trd, 259067.233, 118
Trd, 259067.883, 122
Trd, 259068.183, 126
Trd, 259068.217, 115
Trd, 259068.283, 114
Trd, 259068.717, 116
Trd, 259068.933, 112
Trd, 259069.000, 111
Trd, 259069.183, 130
Trd, 259069.567, 115
Trd, 259069.600, 109
Trd, 259069.717, 108
Trd, 259069.817, 99
Trd, 259069.833, 123
Trd, 259070.000, 111
Trd, 259070.383, 140
Trd, 259071.867, 140
Trd, 259071.883, 140
Trd, 259071.917, 140
Trd, 259072.117, 140
Trd, 259072.300, 138
Trd, 259072.733, 131
Trd, 259072.767, 130
Trd, 259072.783, 128
Trd, 259072.967, 119
Trd, 259073.900, 135
Trd, 259074.083, 132
Trd, 259074.650, 140
Trd, 259075.233, 140
Trd, 259075.300, 140
Trd, 259075.333, 127
Trd, 259075.433, 127
Trd, 259075.550, 138
Trd, 259076.050, 140
Trd, 259076.150, 128
Trd, 259076.250, 127
Trd, 259077.083, 120
Trd, 259077.383, 137
Trd, 259077.400, 136
Trd, 259077.733, 124
Trd, 259077.883, 121
Trd, 259077.983, 118
Trd, 259078.167, 116
Trd, 259078.383, 108
Trd, 259078.617, 100
Trd, 259078.633, 95
Trd, 259078.767, 124
Trd, 259079.017, 119
Trd, 259079.300, 120
Trd, 259079.367, 119
Trd, 259079.400, 125
Trd, 259079.517, 128
Trd, 259079.750, 119
Trd, 259080.217, 119
Trd, 259080.667, 135
Trd, 259080.950, 124
Trd, 259081.450, 133
Trd, 259081.567, 132
Trd, 259081.667, 122
Trd, 259081.933, 135
Trd, 259082.417, 134
Trd, 259082.483, 133
Trd, 259082.633, 135
Trd, 259082.950, 132
Trd, 259083.067, 136
Trd, 259083.500, 137
Trd, 259083.650, 129
Trd, 259083.750, 140
Trd, 259083.917, 126
Trd, 259084.000, 124
Trd, 259084.117, 120
Trd, 259085.100, 135
Trd, 259085.450, 136
Trd, 259085.550, 135
Trd, 259085.917, 134
Trd, 259085.933, 125
Trd, 259085.983, 121
Trd, 259086.350, 127
Trd, 259086.550, 120
Trd, 259087.417, 118
Trd, 259087.483, 111
Trd, 259087.550, 100
Trd, 259087.567, 99
Trd, 259087.900, 137
Trd, 259087.917, 123
Trd, 259088.217, 81
Trd, 259088.900, 118
Trd, 259089.117, 123
Trd, 259089.533, 140
Trd, 259089.600, 140
Trd, 259089.650, 139
Trd, 259090.050, 128
Trd, 259090.867, 129
Trd, 259090.883, 128
Trd, 259091.233, 135
Trd, 259091.300, 122
Trd, 259091.533, 121
Trd, 259091.600, 121
Trd, 259091.683, 115
Trd, 259092.550, 122
Trd, 259092.617, 121
Trd, 259092.667, 128
Trd, 259092.700, 130
Trd, 259092.883, 111
Trd, 259092.917, 105
Trd, 259093.083, 119
Trd, 259093.100, 103
Trd, 259093.783, 99
Trd, 259093.900, 106
Trd, 259093.967, 129
Trd, 259094.283, 130
Trd, 259094.583, 138
Trd, 259094.933, 139
Trd, 259095.050, 130
Trd, 259095.217, 133
Trd, 259095.817, 102
Trd, 259095.850, 101
Trd, 259096.117, 100
Trd, 259096.300, 117
Trd, 259096.633, 132
Trd, 259097.133, 114
Trd, 259097.167, 104
Trd, 259097.667, 111
Trd, 259097.767, 106
Trd, 259098.217, 128
Trd, 259098.300, 116
Trd, 259098.417, 136
Trd, 259098.533, 135
Trd, 259098.633, 117
Trd, 259098.900, 118
Trd, 259098.933, 116
Trd, 259099.400, 111
Trd, 259099.817, 111
Trd, 259099.850, 123
Trd, 259099.967, 110
Trd, 259100.800, 132
Trd, 259101.333, 118
Trd, 259101.450, 112
Trd, 259101.617, 115
Trd, 259101.667, 111
Trd, 259101.850, 119
Trd, 259102.000, 117
Trd, 259102.067, 116
Trd, 259102.350, 107
Trd, 259102.517, 120
Trd, 259102.883, 134
Trd, 259103.017, 139
Trd, 259103.200, 134
Trd, 259103.250, 139
Trd, 259104.317, 138
Trd, 259105.583, 140
Trd, 259105.667, 140
Trd, 259105.850, 134
Trd, 259105.933, 138
Trd, 259105.967, 133
Trd, 259106.400, 132
Trd, 259106.633, 132
Trd, 259106.900, 130
Trd, 259107.200, 139
Trd, 259107.333, 129
Trd, 259107.700, 129
Trd, 259107.817, 129
Trd, 259107.883, 127
Trd, 259108.050, 120
Trd, 259108.683, 114
Trd, 259108.767, 123
Trd, 259108.850, 107
Trd, 259109.567, 139
Trd, 259109.667, 127
Trd, 259109.767, 121
Trd, 259110.017, 121
Trd, 259110.117, 120
Trd, 259110.133, 119
Trd, 259110.217, 134
Trd, 259110.250, 114
Trd, 259111.333, 133
Trd, 259111.383, 128
Trd, 259111.567, 130
Trd, 259111.583, 120
Trd, 259112.067, 125
Trd, 259112.183, 118
Trd, 259112.250, 118
Trd, 259112.317, 118
Trd, 259112.450, 114
Trd, 259113.050, 113
Trd, 259113.117, 109
Trd, 259113.250, 111
Trd, 259114.317, 136
Trd, 259114.917, 140
Trd, 259115.267, 140
Trd, 259115.500, 140
Trd, 259115.600, 130
Trd, 259115.617, 129
Trd, 259116.183, 139
Trd, 259116.350, 126
Trd, 259116.450, 124
Trd, 259116.533, 137
Trd, 259116.750, 138
Trd, 259116.800, 123
Trd, 259116.933, 116
Trd, 259116.983, 106
Trd, 259117.200, 114
Trd, 259117.383, 99
Trd, 259117.583, 134
Trd, 259117.850, 101
Trd, 259117.867, 138
Trd, 259117.950, 130
Trd, 259119.000, 118
Trd, 259119.017, 110
Trd, 259119.233, 134
Trd, 259119.283, 109
Trd, 259119.317, 99
Trd, 259119.467, 124
Trd, 259119.767, 109
Trd, 259119.800, 110
Trd, 259120.117, 133
Trd, 259120.383, 121
Trd, 259120.867, 140
Trd, 259121.050, 140
Trd, 259121.333, 140
Trd, 259121.550, 140
Trd, 259121.650, 127
Trd, 259122.100, 114
Trd, 259122.133, 114
Trd, 259122.317, 125
Trd, 259122.400, 138
Trd, 259122.467, 127
Trd, 259122.700, 119
Trd, 259123.350, 113
Trd, 259123.500, 131
Trd, 259123.800, 136
Trd, 259123.900, 128
Trd, 259123.967, 127
Trd, 259124.350, 118
Trd, 259124.417, 117
Trd, 259125.333, 140
Trd, 259125.600, 138
Trd, 259125.717, 134
Trd, 259125.800, 130
Trd, 259126.667, 138
Trd, 259127.183, 128
Trd, 259127.200, 127
Trd, 259127.667, 139
Trd, 259128.000, 140
Trd, 259128.050, 139
Trd, 259128.333, 138
Trd, 259128.383, 129
Trd, 259128.533, 123
Trd, 259128.833, 138
Trd, 259128.933, 123
Trd, 259129.000, 122
Trd, 259129.083, 119
Trd, 259129.117, 106
Trd, 259129.250, 93
Trd, 259129.433, 92
Trd, 259130.100, 119
Trd, 259130.200, 106
Trd, 259130.967, 136
Trd, 259130.983, 129
Trd, 259131.133, 106
Trd, 259131.467, 139
Trd, 259131.667, 140
Trd, 259131.917, 114
Trd, 259132.133, 111
Trd, 259132.233, 139
Trd, 259132.550, 106
Trd, 259132.667, 105
Trd, 259132.717, 104
Trd, 259132.917, 104
Trd, 259132.967, 103
Trd, 259133.633, 127
Trd, 259134.033, 129
Trd, 259134.467, 121
Trd, 259134.933, 136
Trd, 259135.017, 121
Trd, 259135.033, 120
Trd, 259135.050, 110
Trd, 259135.217, 110
Trd, 259135.667, 109
Trd, 259135.717, 102
Trd, 259136.233, 108
Trd, 259136.267, 99
Trd, 259136.717, 92
Trd, 259136.733, 80
Trd, 259137.033, 105
Trd, 259137.183, 121
Trd, 259137.433, 125
Trd, 259138.150, 114
Trd, 259138.433, 115
Trd, 259138.817, 137
Trd, 259139.183, 139
Trd, 259139.350, 116
Trd, 259139.450, 115
Trd, 259139.850, 139
Trd, 259140.300, 140
Trd, 259140.700, 140
Trd, 259140.767, 138
Trd, 259140.817, 136
Trd, 259140.967, 135
Trd, 259140.983, 134
Trd, 259141.333, 130
Trd, 259141.950, 133
Trd, 259142.400, 134
Trd, 259142.450, 133
Trd, 259142.683, 132
Trd, 259143.117, 140
Trd, 259143.383, 135
Trd, 259143.567, 135
Trd, 259144.067, 127
Trd, 259144.100, 113
Trd, 259144.433, 118
Trd, 259144.600, 116
Trd, 259144.733, 116
Trd, 259144.750, 115
Trd, 259144.850, 112
Trd, 259145.083, 128
Trd, 259145.333, 130
Trd, 259145.417, 125
Trd, 259145.433, 116
Trd, 259145.767, 107
Trd, 259145.867, 103
Trd, 259146.033, 99
Trd, 259146.983, 139
Trd, 259147.150, 110
Trd, 259147.517, 139
Trd, 259147.550, 122
Trd, 259147.567, 92
Trd, 259148.017, 105
Trd, 259148.250, 103
Trd, 259148.283, 83
Trd, 259148.300, 65
Trd, 259149.917, 140
Trd, 259150.017, 140
Trd, 259150.050, 140
Trd, 259150.267, 140
Trd, 259150.300, 140
Trd, 259150.317, 140
Trd, 259150.467, 138
Trd, 259150.533, 126
Trd, 259150.667, 134
Trd, 259151.083, 131
Trd, 259151.100, 138
Trd, 259151.233, 121
Trd, 259151.300, 90
Trd, 259151.600, 103
Trd, 259151.683, 110
Trd, 259151.950, 109
Trd, 259152.233, 132
Trd, 259152.417, 91
Trd, 259152.483, 123
Trd, 259152.933, 100
Trd, 259153.783, 122
Trd, 259153.900, 100
Trd, 259153.983, 127
Trd, 259154.083, 99
Trd, 259154.833, 97
Trd, 259154.867, 94
Trd, 259154.883, 104
Trd, 259155.083, 95
Trd, 259155.217, 93
Trd, 259155.250, 85
Trd, 259155.717, 116
Trd, 259155.917, 120
Trd, 259156.017, 124
Trd, 259156.267, 89
Trd, 259156.400, 88
Trd, 259156.517, 82
Trd, 259156.717, 81
Trd, 259157.017, 109
Trd, 259157.317, 136
Trd, 259157.667, 131
Trd, 259157.900, 124
Trd, 259159.050, 136
Trd, 259159.267, 128
Trd, 259159.450, 128
Trd, 259159.783, 125
Trd, 259160.033, 124
Trd, 259160.500, 123
Trd, 259160.600, 121
Trd, 259160.733, 134
Trd, 259161.033, 125
Trd, 259161.333, 128
Trd, 259161.483, 136
Trd, 259161.517, 125
Trd, 259161.550, 122
Trd, 259161.583, 118
Trd, 259161.833, 138
Trd, 259162.083, 140
Trd, 259162.150, 124
Trd, 259162.417, 117
Trd, 259162.567, 116
Trd, 259162.650, 135
Trd, 259163.233, 133
Trd, 259163.267, 113
Trd, 259163.383, 110
Trd, 259163.817, 112
Trd, 259164.867, 113
Trd, 259164.983, 128
Trd, 259165.167, 121
Trd, 259165.367, 124
Trd, 259165.617, 121
Trd, 259165.983, 123
Trd, 259166.200, 122
Trd, 259166.500, 126
Trd, 259166.667, 117
Trd, 259167.183, 136
Trd, 259167.250, 137
Trd, 259167.567, 138
Trd, 259167.667, 134
Trd, 259167.783, 123
Trd, 259167.900, 127
Trd, 259168.267, 129
Trd, 259168.350, 118
Trd, 259168.667, 139
Trd, 259169.267, 140
Trd, 259169.550, 140
Trd, 259169.783, 139
Trd, 259170.000, 132
Trd, 259170.333, 130
Trd, 259170.450, 127
Trd, 259170.550, 131
Trd, 259170.717, 138
Trd, 259170.817, 130
Trd, 259170.867, 119
Trd, 259170.950, 109
Trd, 259171.050, 68
Trd, 259171.733, 125
Trd, 259171.900, 106
Trd, 259172.400, 103
Trd, 259172.633, 138
Trd, 259172.717, 91
Trd, 259173.683, 109
Trd, 259173.800, 111
Trd, 259174.167, 129
Trd, 259174.200, 123
Trd, 259174.500, 119
Trd, 259174.700, 117
Trd, 259174.833, 135
Trd, 259174.900, 124
Trd, 259174.983, 117
Trd, 259175.567, 140
Trd, 259175.600, 134
Trd, 259175.667, 133
Trd, 259175.767, 127
Trd, 259175.800, 126
Trd, 259176.100, 127
Trd, 259176.850, 135
Trd, 259177.700, 140
Trd, 259178.133, 127
Trd, 259179.333, 138
Trd, 259179.533, 140
Trd, 259179.583, 139
Trd, 259179.600, 138
Trd, 259180.150, 139
Trd, 259180.300, 138
Trd, 259180.317, 131
Trd, 259180.650, 126
Trd, 259180.683, 125
Trd, 259180.750, 125
Trd, 259180.950, 115
Trd, 259180.967, 114
Trd, 259181.600, 140
Trd, 259181.650, 139
Trd, 259181.750, 130
Trd, 259181.933, 138
Trd, 259181.967, 137
Trd, 259182.250, 114
Trd, 259182.600, 108
Trd, 259182.950, 115
Trd, 259183.050, 108
Trd, 259183.600, 107
Trd, 259184.150, 119
Trd, 259184.167, 122
Trd, 259184.200, 122
Trd, 259184.267, 98
Trd, 259184.433, 105
Trd, 259184.700, 96
Trd, 259184.767, 114
Trd, 259184.833, 94
Trd, 259184.950, 89
Trd, 259185.017, 80
Trd, 259185.100, 128
Trd, 259185.183, 76
Trd, 259185.367, 61
Trd, 259186.000, 140
Trd, 259186.783, 140
Trd, 259187.017, 139
Trd, 259187.133, 130
Trd, 259187.433, 128
Trd, 259187.917, 129
Trd, 259188.167, 126
Trd, 259188.233, 135
Trd, 259188.250, 122
Trd, 259188.300, 109
Trd, 259188.433, 98
Trd, 259188.683, 94
Trd, 259189.083, 131
Trd, 259189.250, 127
Trd, 259189.583, 140
Trd, 259189.867, 140
Trd, 259190.033, 140
Trd, 259190.083, 120
Trd, 259190.467, 133
Trd, 259190.550, 132
Trd, 259190.600, 127
Trd, 259191.217, 139
Trd, 259191.333, 134
Trd, 259191.500, 134
Trd, 259191.700, 132
Trd, 259193.000, 133
Trd, 259193.183, 132
Trd, 259193.533, 132
Trd, 259193.650, 132
Trd, 259193.800, 121
Trd, 259193.933, 135
Trd, 259194.233, 118
Trd, 259194.300, 117
Trd, 259194.850, 117
Trd, 259195.283, 131
Trd, 259195.367, 102
Trd, 259195.550, 88
Trd, 259195.667, 89
Trd, 259195.800, 117
Trd, 259195.950, 137
Trd, 259196.033, 102
Trd, 259196.200, 137
Trd, 259196.317, 125
Trd, 259196.500, 120
Trd, 259196.967, 94
Trd, 259197.100, 134
Trd, 259197.567, 122
Trd, 259197.750, 132
Trd, 259198.267, 138
Trd, 259198.283, 123
Trd, 259198.383, 119
Trd, 259198.417, 115
Trd, 259198.667, 130
Trd, 259198.833, 132
Trd, 259199.167, 130
Trd, 259199.383, 133
Trd, 259199.600, 125
