Trd, 258588.967, 107
Trd, 258589.317, 130
Trd, 258590.350, 140
Trd, 258590.367, 140
Trd, 258590.617, 140
Trd, 258590.733, 140
Trd, 258590.750, 139
Trd, 258590.817, 137
Trd, 258590.900, 140
Trd, 258591.100, 137
Trd, 258592.167, 140
Trd, 258592.600, 140
Trd, 258592.750, 140
Trd, 258592.783, 139
Trd, 258592.933, 140
Trd, 258593.100, 139
Trd, 258593.167, 140
Trd, 258593.300, 138
Trd, 258594.117, 140
Trd, 258594.200, 140
Trd, 258594.600, 140
Trd, 258594.900, 140
Trd, 258595.083, 140
Trd, 258595.517, 140
Trd, 258595.567, 140
Trd, 258595.667, 140
Trd, 258595.700, 140
Trd, 258595.983, 139
Trd, 258596.017, 130
Trd, 258596.500, 64
Trd, 258596.800, 108
Trd, 258596.833, 86
Trd, 258596.867, 132
Trd, 258596.900, 136
Trd, 258596.933, 85
Trd, 258597.150, 134
Trd, 258597.383, 137
Trd, 258597.683, 115
Trd, 258597.917, 89
Trd, 258598.350, 137
Trd, 258598.667, 102
Trd, 258598.683, 140
Trd, 258599.833, 140
Trd, 258600.017, 140
Trd, 258600.100, 121
Trd, 258600.167, 118
Trd, 258600.733, 131
Trd, 258601.450, 137
Trd, 258601.500, 135
Trd, 258601.633, 135
Trd, 258601.667, 134
Trd, 258601.983, 134
Trd, 258602.117, 135
Trd, 258602.217, 129
Trd, 258602.283, 129
Trd, 258602.367, 139
Trd, 258602.400, 129
Trd, 258602.517, 140
Trd, 258603.117, 130
Trd, 258603.250, 131
Trd, 258603.450, 130
Trd, 258603.717, 132
Trd, 258604.033, 129
Trd, 258604.167, 129
Trd, 258604.333, 131
Trd, 258604.517, 121
Trd, 258604.550, 120
Trd, 258604.950, 139
Trd, 258605.633, 112
Trd, 258605.683, 111
Trd, 258605.850, 139
Trd, 258605.883, 137
Trd, 258606.067, 116
Trd, 258606.583, 137
Trd, 258606.733, 137
Trd, 258606.883, 137
Trd, 258607.000, 138
Trd, 258607.217, 139
Trd, 258607.317, 137
Trd, 258607.333, 135
Trd, 258607.450, 128
Trd, 258607.700, 129
Trd, 258608.183, 134
Trd, 258608.250, 129
Trd, 258608.333, 129
Trd, 258608.467, 136
Trd, 258608.833, 129
Trd, 258608.967, 138
Trd, 258609.100, 128
Trd, 258609.433, 126
Trd, 258610.100, 127
Trd, 258610.333, 128
Trd, 258610.450, 127
Trd, 258610.467, 126
Trd, 258611.267, 140
Trd, 258611.367, 140
Trd, 258611.383, 140
Trd, 258611.667, 137
Trd, 258611.783, 129
Trd, 258612.067, 129
Trd, 258612.150, 124
Trd, 258612.300, 129
Trd, 258612.800, 103
Trd, 258612.833, 115
Trd, 258612.933, 112
Trd, 258613.083, 112
Trd, 258613.233, 112
Trd, 258613.250, 113
Trd, 258613.483, 105
Trd, 258613.750, 105
Trd, 258614.117, 106
Trd, 258614.400, 106
Trd, 258614.467, 105
Trd, 258614.500, 91
Trd, 258614.667, 133
Trd, 258614.800, 117
Trd, 258615.050, 93
Trd, 258615.650, 94
Trd, 258616.100, 131
Trd, 258616.367, 82
Trd, 258616.550, 124
Trd, 258616.717, 127
Trd, 258617.133, 127
Trd, 258617.433, 111
Trd, 258617.617, 120
Trd, 258618.067, 118
Trd, 258618.250, 120
Trd, 258618.517, 118
Trd, 258618.667, 118
Trd, 258618.800, 119
Trd, 258619.083, 120
Trd, 258619.283, 118
Trd, 258619.567, 123
Trd, 258619.600, 118
Trd, 258619.983, 117
Trd, 258620.217, 116
Trd, 258620.517, 113
Trd, 258620.567, 108
Trd, 258620.717, 95
Trd, 258620.817, 108
Trd, 258621.483, 103
Trd, 258621.550, 103
Trd, 258621.683, 114
Trd, 258621.700, 137
Trd, 258622.150, 134
Trd, 258622.217, 119
Trd, 258622.267, 138
Trd, 258622.417, 137
Trd, 258622.483, 137
Trd, 258622.900, 140
Trd, 258622.983, 139
Trd, 258623.033, 136
Trd, 258623.333, 119
Trd, 258623.483, 120
Trd, 258623.717, 118
Trd, 258624.183, 102
Trd, 258624.250, 132
Trd, 258624.267, 133
Trd, 258624.367, 135
Trd, 258624.667, 131
Trd, 258625.083, 87
Trd, 258625.183, 84
Trd, 258625.683, 130
Trd, 258626.217, 140
Trd, 258626.583, 140
Trd, 258626.950, 140
Trd, 258626.983, 140
Trd, 258627.433, 140
Trd, 258627.467, 140
Trd, 258627.867, 140
Trd, 258628.350, 140
Trd, 258628.367, 140
Trd, 258628.550, 140
Trd, 258628.583, 140
Trd, 258628.600, 140
Trd, 258628.650, 140
Trd, 258629.200, 139
Trd, 258629.317, 140
Trd, 258629.417, 140
Trd, 258629.767, 138
Trd, 258629.867, 139
Trd, 258630.367, 138
Trd, 258631.000, 134
Trd, 258631.250, 133
Trd, 258631.300, 134
Trd, 258631.367, 133
Trd, 258631.433, 131
Trd, 258631.633, 130
Trd, 258631.750, 132
Trd, 258631.783, 129
Trd, 258631.800, 102
Trd, 258632.083, 116
Trd, 258632.217, 116
Trd, 258632.433, 104
Trd, 258632.500, 133
Trd, 258633.033, 124
Trd, 258633.100, 123
Trd, 258633.183, 111
Trd, 258633.267, 112
Trd, 258633.367, 134
Trd, 258633.533, 107
Trd, 258633.950, 132
Trd, 258634.300, 108
Trd, 258634.350, 107
Trd, 258634.567, 105
Trd, 258634.883, 105
Trd, 258634.917, 101
Trd, 258635.117, 132
Trd, 258635.317, 131
Trd, 258635.750, 130
Trd, 258636.000, 115
Trd, 258636.067, 131
Trd, 258636.200, 131
Trd, 258636.233, 109
Trd, 258637.433, 95
Trd, 258637.533, 104
Trd, 258637.633, 128
Trd, 258637.717, 90
Trd, 258637.783, 128
Trd, 258638.350, 94
Trd, 258638.533, 95
Trd, 258638.600, 127
Trd, 258638.717, 95
Trd, 258638.817, 128
Trd, 258639.650, 124
Trd, 258639.750, 106
Trd, 258639.817, 125
Trd, 258639.867, 127
Trd, 258639.883, 96
Trd, 258640.000, 93
Trd, 258640.500, 123
Trd, 258640.517, 128
Trd, 258640.767, 123
Trd, 258641.167, 122
Trd, 258641.267, 116
Trd, 258641.633, 114
Trd, 258641.917, 139
Trd, 258642.817, 140
Trd, 258643.000, 140
Trd, 258643.217, 140
Trd, 258643.283, 140
Trd, 258643.367, 140
Trd, 258643.517, 140
Trd, 258644.100, 140
Trd, 258644.667, 140
Trd, 258644.700, 140
Trd, 258644.767, 140
Trd, 258644.833, 140
Trd, 258645.167, 140
Trd, 258645.200, 140
Trd, 258645.250, 140
Trd, 258645.483, 140
Trd, 258645.667, 140
Trd, 258645.800, 130
Trd, 258646.483, 127
Trd, 258646.750, 128
Trd, 258646.917, 129
Trd, 258647.000, 130
Trd, 258647.167, 129
Trd, 258647.867, 131
Trd, 258648.017, 132
Trd, 258648.167, 131
Trd, 258648.200, 133
Trd, 258648.367, 131
Trd, 258648.417, 134
Trd, 258648.450, 130
Trd, 258648.467, 123
Trd, 258649.050, 140
Trd, 258649.100, 127
Trd, 258649.417, 139
Trd, 258650.150, 139
Trd, 258650.617, 140
Trd, 258650.783, 136
Trd, 258650.800, 138
Trd, 258651.017, 137
Trd, 258651.133, 129
Trd, 258651.250, 126
Trd, 258651.583, 136
Trd, 258651.600, 138
Trd, 258651.700, 128
Trd, 258651.800, 87
Trd, 258651.917, 77
Trd, 258652.517, 135
Trd, 258653.233, 134
Trd, 258653.250, 133
Trd, 258653.517, 137
Trd, 258653.750, 110
Trd, 258654.050, 140
Trd, 258654.150, 140
Trd, 258654.483, 140
Trd, 258655.200, 140
Trd, 258655.250, 140
Trd, 258655.833, 140
Trd, 258656.083, 140
Trd, 258656.183, 140
Trd, 258656.383, 140
Trd, 258656.400, 140
Trd, 258656.617, 140
Trd, 258656.733, 140
Trd, 258656.750, 140
Trd, 258657.300, 140
Trd, 258657.350, 140
Trd, 258657.950, 137
Trd, 258658.233, 130
Trd, 258658.250, 129
Trd, 258658.450, 131
Trd, 258658.467, 112
Trd, 258658.667, 111
Trd, 258658.817, 131
Trd, 258658.867, 101
Trd, 258659.550, 114
Trd, 258659.617, 121
Trd, 258659.967, 138
Trd, 258660.317, 140
Trd, 258660.350, 140
Trd, 258660.450, 140
Trd, 258660.517, 139
Trd, 258660.650, 131
Trd, 258661.217, 136
Trd, 258661.283, 137
Trd, 258661.633, 124
Trd, 258662.083, 135
Trd, 258662.100, 131
Trd, 258662.883, 132
Trd, 258662.917, 132
Trd, 258662.967, 132
Trd, 258663.117, 132
Trd, 258663.167, 117
Trd, 258663.283, 101
Trd, 258663.300, 97
Trd, 258663.450, 97
Trd, 258663.933, 115
Trd, 258664.083, 99
Trd, 258664.567, 140
Trd, 258665.300, 140
Trd, 258665.350, 140
Trd, 258665.400, 140
Trd, 258665.500, 140
Trd, 258665.733, 140
Trd, 258666.100, 124
Trd, 258666.300, 123
Trd, 258666.550, 133
Trd, 258666.600, 123
Trd, 258666.700, 123
Trd, 258666.767, 135
Trd, 258666.917, 123
Trd, 258667.133, 126
Trd, 258667.233, 122
Trd, 258667.450, 125
Trd, 258667.517, 122
Trd, 258667.767, 125
Trd, 258667.867, 126
Trd, 258668.117, 115
Trd, 258668.233, 111
Trd, 258668.783, 124
Trd, 258668.933, 114
Trd, 258668.950, 126
Trd, 258669.267, 114
Trd, 258669.300, 126
Trd, 258670.583, 118
Trd, 258670.683, 117
Trd, 258671.250, 121
Trd, 258671.350, 120
Trd, 258671.367, 133
Trd, 258671.500, 119
Trd, 258671.683, 134
Trd, 258671.783, 118
Trd, 258671.850, 112
Trd, 258671.950, 139
Trd, 258672.350, 137
Trd, 258672.933, 138
Trd, 258672.983, 115
Trd, 258673.083, 115
Trd, 258673.117, 113
Trd, 258673.200, 110
Trd, 258673.900, 124
Trd, 258674.183, 124
Trd, 258674.300, 103
Trd, 258674.567, 124
Trd, 258674.850, 123
Trd, 258674.883, 123
Trd, 258675.350, 140
Trd, 258675.367, 137
Trd, 258675.383, 137
Trd, 258675.517, 119
Trd, 258675.600, 102
Trd, 258675.783, 100
Trd, 258676.017, 137
Trd, 258676.050, 103
Trd, 258676.500, 121
Trd, 258676.917, 128
Trd, 258677.133, 129
Trd, 258677.333, 128
Trd, 258677.417, 110
Trd, 258677.683, 127
Trd, 258677.783, 137
Trd, 258677.883, 112
Trd, 258677.967, 111
Trd, 258678.100, 109
Trd, 258678.233, 99
Trd, 258678.733, 140
Trd, 258679.167, 140
Trd, 258679.333, 140
Trd, 258679.483, 140
Trd, 258679.700, 140
Trd, 258679.833, 140
Trd, 258680.483, 140
Trd, 258680.517, 140
Trd, 258680.617, 140
Trd, 258680.883, 140
Trd, 258680.950, 140
Trd, 258681.350, 139
Trd, 258681.483, 139
Trd, 258681.650, 139
Trd, 258681.883, 138
Trd, 258681.983, 136
Trd, 258682.283, 126
Trd, 258682.317, 127
Trd, 258682.383, 123
Trd, 258682.917, 132
Trd, 258682.950, 131
Trd, 258683.083, 122
Trd, 258683.450, 136
Trd, 258683.617, 124
Trd, 258683.700, 133
Trd, 258684.217, 125
Trd, 258684.517, 126
Trd, 258684.767, 125
Trd, 258684.883, 124
Trd, 258685.200, 131
Trd, 258685.317, 130
Trd, 258685.617, 124
Trd, 258685.733, 123
Trd, 258686.100, 126
Trd, 258686.183, 127
Trd, 258686.317, 128
Trd, 258686.350, 126
Trd, 258686.417, 124
Trd, 258686.583, 110
Trd, 258686.767, 116
Trd, 258686.833, 88
Trd, 258686.900, 140
Trd, 258687.067, 123
Trd, 258687.317, 138
Trd, 258687.333, 114
Trd, 258687.683, 113
Trd, 258688.267, 112
Trd, 258688.417, 113
Trd, 258688.733, 115
Trd, 258688.833, 116
Trd, 258689.000, 139
Trd, 258689.033, 113
Trd, 258689.567, 140
Trd, 258689.733, 109
Trd, 258689.883, 106
Trd, 258690.117, 100
Trd, 258690.233, 80
Trd, 258690.500, 109
Trd, 258690.533, 108
Trd, 258691.000, 140
Trd, 258691.350, 140
Trd, 258691.400, 138
Trd, 258691.500, 140
Trd, 258692.833, 140
Trd, 258692.933, 140
Trd, 258692.967, 139
Trd, 258693.000, 139
Trd, 258693.233, 139
Trd, 258693.317, 138
Trd, 258693.867, 139
Trd, 258694.017, 126
Trd, 258694.150, 124
Trd, 258694.333, 123
Trd, 258694.867, 125
Trd, 258694.883, 126
Trd, 258695.100, 126
Trd, 258695.167, 124
Trd, 258695.233, 122
Trd, 258695.333, 121
Trd, 258695.417, 126
Trd, 258695.450, 127
Trd, 258695.933, 118
Trd, 258696.183, 112
Trd, 258696.783, 128
Trd, 258696.917, 129
Trd, 258697.033, 126
Trd, 258697.533, 127
Trd, 258697.650, 127
Trd, 258697.867, 128
Trd, 258697.900, 127
Trd, 258698.100, 127
Trd, 258698.183, 126
Trd, 258698.233, 118
Trd, 258698.600, 111
Trd, 258698.750, 91
Trd, 258698.767, 85
Trd, 258698.833, 121
Trd, 258698.917, 62
Trd, 258699.800, 114
Trd, 258699.817, 99
Trd, 258700.417, 112
Trd, 258700.517, 113
Trd, 258700.550, 112
Trd, 258700.683, 131
Trd, 258700.717, 130
Trd, 258701.067, 140
Trd, 258701.183, 117
Trd, 258701.967, 140
Trd, 258702.233, 140
Trd, 258702.700, 140
Trd, 258703.200, 140
Trd, 258703.267, 140
Trd, 258703.417, 140
Trd, 258703.683, 140
Trd, 258703.983, 140
Trd, 258704.500, 140
Trd, 258704.600, 140
Trd, 258704.817, 140
Trd, 258705.200, 140
Trd, 258705.633, 140
Trd, 258705.667, 140
Trd, 258705.683, 140
Trd, 258705.700, 140
Trd, 258705.900, 140
Trd, 258706.117, 140
Trd, 258706.317, 139
Trd, 258706.383, 138
Trd, 258706.667, 139
Trd, 258706.967, 121
Trd, 258707.083, 137
Trd, 258707.233, 140
Trd, 258707.550, 129
Trd, 258707.683, 125
Trd, 258708.033, 116
Trd, 258708.483, 136
Trd, 258708.500, 137
Trd, 258708.733, 126
Trd, 258708.767, 112
Trd, 258709.517, 140
Trd, 258709.767, 140
Trd, 258710.050, 140
Trd, 258710.117, 140
Trd, 258710.133, 139
Trd, 258710.233, 140
Trd, 258710.300, 139
Trd, 258710.550, 138
Trd, 258710.667, 131
Trd, 258711.033, 121
Trd, 258711.533, 100
Trd, 258711.583, 106
Trd, 258711.833, 136
Trd, 258711.850, 137
Trd, 258712.000, 103
Trd, 258712.767, 132
Trd, 258712.850, 130
Trd, 258713.583, 124
Trd, 258713.667, 123
Trd, 258713.683, 121
Trd, 258713.850, 120
Trd, 258714.467, 121
Trd, 258714.633, 120
Trd, 258714.717, 119
Trd, 258714.783, 120
Trd, 258715.533, 117
Trd, 258716.133, 119
Trd, 258716.267, 119
Trd, 258716.300, 120
Trd, 258716.400, 117
Trd, 258716.467, 114
Trd, 258716.683, 108
Trd, 258717.000, 120
Trd, 258717.067, 93
Trd, 258717.133, 83
Trd, 258717.600, 118
Trd, 258717.833, 139
Trd, 258717.950, 140
Trd, 258718.050, 139
Trd, 258718.267, 140
Trd, 258718.433, 140
Trd, 258718.950, 140
Trd, 258719.100, 140
Trd, 258719.217, 140
Trd, 258719.517, 138
Trd, 258719.683, 137
Trd, 258719.933, 140
Trd, 258720.700, 137
Trd, 258721.617, 140
Trd, 258721.767, 140
Trd, 258722.050, 140
Trd, 258722.250, 140
Trd, 258722.367, 140
Trd, 258722.517, 140
Trd, 258722.750, 140
Trd, 258722.767, 140
Trd, 258722.833, 140
Trd, 258723.117, 140
Trd, 258723.300, 140
Trd, 258723.317, 139
Trd, 258724.200, 140
Trd, 258724.250, 140
Trd, 258724.283, 140
Trd, 258724.567, 140
Trd, 258724.817, 139
Trd, 258724.900, 136
Trd, 258725.117, 129
Trd, 258725.317, 137
Trd, 258725.617, 124
Trd, 258726.067, 133
Trd, 258726.133, 125
Trd, 258726.183, 124
Trd, 258726.267, 131
Trd, 258726.317, 123
Trd, 258726.350, 122
Trd, 258726.833, 126
Trd, 258726.900, 131
Trd, 258726.950, 124
Trd, 258727.000, 119
Trd, 258727.500, 130
Trd, 258728.417, 122
Trd, 258728.500, 139
Trd, 258728.567, 122
Trd, 258728.583, 121
Trd, 258729.417, 140
Trd, 258729.550, 140
Trd, 258729.633, 140
Trd, 258729.700, 140
Trd, 258729.750, 123
Trd, 258729.983, 140
Trd, 258730.017, 140
Trd, 258730.150, 140
Trd, 258730.367, 140
Trd, 258730.383, 139
Trd, 258730.667, 122
Trd, 258730.800, 139
Trd, 258731.300, 123
Trd, 258731.417, 132
Trd, 258731.517, 135
Trd, 258731.533, 138
Trd, 258732.150, 132
Trd, 258732.283, 130
Trd, 258732.667, 122
Trd, 258733.167, 123
Trd, 258733.433, 137
Trd, 258733.467, 138
Trd, 258733.650, 122
Trd, 258733.750, 139
Trd, 258734.067, 127
Trd, 258734.283, 134
Trd, 258734.533, 128
Trd, 258734.583, 135
Trd, 258734.867, 131
Trd, 258735.167, 129
Trd, 258735.333, 128
Trd, 258735.617, 136
Trd, 258735.783, 111
Trd, 258736.250, 129
Trd, 258736.367, 132
Trd, 258736.450, 112
Trd, 258736.800, 111
Trd, 258736.917, 133
Trd, 258737.433, 139
Trd, 258737.467, 110
Trd, 258737.600, 126
Trd, 258738.000, 140
Trd, 258738.050, 140
Trd, 258738.350, 122
Trd, 258738.567, 109
Trd, 258739.017, 139
Trd, 258739.050, 138
Trd, 258739.267, 140
Trd, 258740.583, 140
Trd, 258740.683, 140
Trd, 258740.867, 140
Trd, 258740.950, 140
Trd, 258741.150, 140
Trd, 258741.233, 139
Trd, 258741.583, 140
Trd, 258741.800, 140
Trd, 258741.900, 140
Trd, 258742.250, 140
Trd, 258742.400, 140
Trd, 258742.517, 138
Trd, 258742.767, 106
Trd, 258743.317, 100
Trd, 258743.900, 126
Trd, 258744.067, 113
Trd, 258744.117, 108
Trd, 258744.150, 126
Trd, 258744.333, 107
Trd, 258744.433, 107
Trd, 258744.550, 106
Trd, 258744.567, 123
Trd, 258744.700, 124
Trd, 258744.900, 128
Trd, 258745.100, 101
Trd, 258745.200, 132
Trd, 258745.517, 98
Trd, 258745.600, 94
Trd, 258745.733, 103
Trd, 258745.817, 93
Trd, 258746.300, 107
Trd, 258746.433, 97
Trd, 258746.550, 92
Trd, 258747.417, 79
Trd, 258747.467, 90
Trd, 258747.550, 117
Trd, 258748.183, 140
Trd, 258748.700, 140
Trd, 258748.933, 140
Trd, 258749.133, 140
Trd, 258749.383, 140
Trd, 258749.533, 140
Trd, 258749.617, 140
Trd, 258749.633, 140
Trd, 258749.650, 139
Trd, 258750.267, 135
Trd, 258750.367, 134
Trd, 258750.500, 134
Trd, 258750.617, 134
Trd, 258750.867, 134
Trd, 258750.917, 128
Trd, 258751.317, 128
Trd, 258751.533, 106
Trd, 258751.567, 94
Trd, 258752.117, 125
Trd, 258752.133, 126
Trd, 258752.150, 119
Trd, 258752.700, 94
Trd, 258753.000, 119
Trd, 258753.117, 93
Trd, 258753.450, 85
Trd, 258753.917, 117
Trd, 258754.000, 119
Trd, 258754.183, 120
Trd, 258754.333, 117
Trd, 258754.400, 80
Trd, 258754.417, 121
Trd, 258754.467, 89
Trd, 258754.600, 122
Trd, 258754.833, 98
Trd, 258754.983, 124
Trd, 258755.067, 125
Trd, 258755.150, 72
Trd, 258755.233, 72
Trd, 258755.567, 140
Trd, 258755.983, 140
Trd, 258756.550, 140
Trd, 258756.583, 140
Trd, 258756.833, 140
Trd, 258756.917, 140
Trd, 258756.983, 140
Trd, 258757.100, 140
Trd, 258757.883, 140
Trd, 258758.500, 140
Trd, 258758.650, 140
Trd, 258759.383, 140
Trd, 258759.600, 140
Trd, 258759.667, 140
Trd, 258759.783, 140
Trd, 258759.883, 140
Trd, 258759.917, 140
Trd, 258759.933, 140
Trd, 258760.083, 140
Trd, 258760.200, 140
Trd, 258760.233, 132
Trd, 258760.583, 130
Trd, 258760.667, 129
Trd, 258760.717, 102
Trd, 258760.833, 131
Trd, 258760.967, 134
Trd, 258761.250, 136
Trd, 258761.517, 126
Trd, 258762.083, 96
Trd, 258762.117, 95
Trd, 258762.667, 116
Trd, 258762.983, 116
Trd, 258763.100, 117
Trd, 258763.233, 116
Trd, 258763.300, 91
Trd, 258763.500, 80
Trd, 258763.600, 60
Trd, 258763.667, 100
Trd, 258763.883, 100
Trd, 258764.217, 100
Trd, 258764.250, 101
Trd, 258764.733, 81
Trd, 258765.200, 81
Trd, 258765.317, 80
Trd, 258765.333, 79
Trd, 258765.350, 81
Trd, 258765.533, 73
Trd, 258765.850, 78
Trd, 258766.500, 79
Trd, 258767.117, 82
Trd, 258767.317, 76
Trd, 258767.650, 95
Trd, 258767.833, 93
Trd, 258767.850, 94
Trd, 258768.083, 80
Trd, 258768.333, 81
Trd, 258768.483, 79
Trd, 258768.783, 95
Trd, 258768.800, 96
Trd, 258768.817, 135
Trd, 258769.333, 88
Trd, 258769.450, 140
Trd, 258769.650, 90
Trd, 258770.067, 92
Trd, 258770.267, 111
Trd, 258770.383, 92
Trd, 258770.483, 93
Trd, 258771.033, 140
Trd, 258771.250, 140
Trd, 258771.683, 140
Trd, 258771.783, 140
Trd, 258771.833, 140
Trd, 258771.883, 140
Trd, 258772.283, 140
Trd, 258772.600, 140
Trd, 258772.767, 140
Trd, 258773.033, 140
Trd, 258773.067, 140
Trd, 258773.100, 140
Trd, 258773.150, 140
Trd, 258773.200, 140
Trd, 258773.533, 138
Trd, 258773.983, 140
Trd, 258774.033, 139
Trd, 258774.450, 140
Trd, 258774.700, 140
Trd, 258775.017, 140
Trd, 258775.300, 139
Trd, 258775.433, 129
Trd, 258775.900, 136
Trd, 258776.533, 134
Trd, 258776.550, 127
Trd, 258776.833, 105
Trd, 258777.017, 126
Trd, 258777.333, 86
Trd, 258777.783, 95
Trd, 258777.800, 93
Trd, 258777.850, 127
Trd, 258778.017, 128
Trd, 258778.167, 90
Trd, 258778.317, 124
Trd, 258778.400, 89
Trd, 258778.683, 140
Trd, 258778.733, 140
Trd, 258778.867, 140
Trd, 258778.883, 140
Trd, 258778.917, 140
Trd, 258778.983, 140
Trd, 258779.150, 139
Trd, 258779.200, 115
Trd, 258779.500, 115
Trd, 258780.317, 140
Trd, 258780.450, 140
Trd, 258780.650, 139
Trd, 258781.150, 138
Trd, 258781.433, 138
Trd, 258781.450, 137
Trd, 258781.533, 119
Trd, 258781.667, 115
Trd, 258781.683, 140
Trd, 258782.050, 106
Trd, 258782.483, 97
Trd, 258782.667, 96
Trd, 258782.750, 95
Trd, 258782.800, 97
Trd, 258782.883, 111
Trd, 258783.683, 120
Trd, 258783.900, 119
Trd, 258783.967, 118
Trd, 258784.433, 139
Trd, 258784.550, 139
Trd, 258784.583, 117
Trd, 258784.633, 116
Trd, 258784.867, 115
Trd, 258785.517, 140
Trd, 258785.633, 138
Trd, 258785.917, 140
Trd, 258785.933, 140
Trd, 258786.083, 139
Trd, 258786.517, 139
Trd, 258786.550, 115
Trd, 258786.633, 114
Trd, 258786.933, 117
Trd, 258786.950, 139
Trd, 258787.267, 121
Trd, 258788.467, 140
Trd, 258788.550, 140
Trd, 258788.650, 140
Trd, 258788.800, 140
Trd, 258788.933, 140
Trd, 258789.067, 140
Trd, 258789.217, 140
Trd, 258789.317, 140
Trd, 258789.333, 140
Trd, 258789.367, 140
Trd, 258789.833, 111
Trd, 258790.083, 137
Trd, 258790.217, 111
Trd, 258790.400, 110
Trd, 258790.750, 110
Trd, 258791.083, 128
Trd, 258791.233, 122
Trd, 258791.467, 112
Trd, 258791.833, 122
Trd, 258792.783, 121
Trd, 258792.833, 122
Trd, 258792.967, 127
Trd, 258793.417, 132
Trd, 258793.583, 136
Trd, 258793.750, 130
Trd, 258793.833, 137
Trd, 258794.067, 130
Trd, 258794.167, 137
Trd, 258794.333, 138
Trd, 258794.467, 130
Trd, 258794.717, 139
Trd, 258794.767, 130
Trd, 258794.983, 131
Trd, 258795.733, 140
Trd, 258796.533, 140
Trd, 258796.883, 140
Trd, 258796.933, 140
Trd, 258797.183, 140
Trd, 258797.333, 140
Trd, 258797.450, 140
Trd, 258798.050, 140
Trd, 258798.083, 140
Trd, 258798.100, 140
Trd, 258798.367, 140
Trd, 258798.400, 140
Trd, 258798.800, 138
Trd, 258798.950, 138
Trd, 258799.167, 133
Trd, 258799.217, 130
Trd, 258799.233, 138
Trd, 258799.317, 128
Trd, 258799.567, 125
Trd, 258799.850, 125
Trd, 258800.167, 117
Trd, 258800.400, 123
Trd, 258800.533, 115
Trd, 258801.200, 118
Trd, 258801.250, 117
Trd, 258801.300, 116
Trd, 258801.433, 108
Trd, 258801.683, 104
Trd, 258801.800, 104
Trd, 258802.000, 104
Trd, 258802.033, 106
Trd, 258802.233, 108
Trd, 258802.500, 109
Trd, 258802.567, 92
Trd, 258803.617, 98
Trd, 258803.850, 101
Trd, 258803.867, 123
Trd, 258803.883, 99
Trd, 258804.050, 138
Trd, 258804.250, 132
Trd, 258804.367, 104
Trd, 258804.600, 140
Trd, 258804.700, 140
Trd, 258805.317, 140
Trd, 258805.667, 140
Trd, 258805.800, 140
Trd, 258806.067, 140
Trd, 258806.650, 140
Trd, 258806.750, 140
Trd, 258807.033, 140
Trd, 258807.533, 140
Trd, 258807.867, 140
Trd, 258807.933, 140
Trd, 258808.117, 140
Trd, 258808.167, 140
Trd, 258808.267, 140
Trd, 258808.367, 140
Trd, 258808.533, 140
Trd, 258809.367, 139
Trd, 258809.483, 138
Trd, 258809.617, 140
Trd, 258809.817, 139
Trd, 258809.833, 135
Trd, 258810.000, 140
Trd, 258810.183, 140
Trd, 258810.417, 140
Trd, 258810.683, 139
Trd, 258810.850, 140
Trd, 258811.167, 139
Trd, 258811.233, 140
Trd, 258811.750, 139
Trd, 258812.033, 131
Trd, 258812.083, 138
Trd, 258812.150, 130
Trd, 258812.183, 129
Trd, 258812.350, 103
Trd, 258812.450, 100
Trd, 258812.717, 73
Trd, 258812.983, 91
Trd, 258813.033, 74
Trd, 258813.950, 109
Trd, 258814.300, 109
Trd, 258814.767, 105
Trd, 258814.883, 107
Trd, 258814.900, 108
Trd, 258814.967, 105
Trd, 258815.050, 104
Trd, 258815.217, 114
Trd, 258815.283, 128
Trd, 258815.617, 120
Trd, 258816.050, 116
Trd, 258816.200, 116
Trd, 258816.267, 117
Trd, 258816.533, 105
Trd, 258816.600, 114
Trd, 258816.850, 70
Trd, 258816.967, 67
Trd, 258817.133, 71
Trd, 258817.150, 108
Trd, 258817.500, 107
Trd, 258817.517, 108
Trd, 258817.617, 92
Trd, 258817.633, 91
Trd, 258817.917, 138
Trd, 258818.167, 139
Trd, 258818.200, 97
Trd, 258818.517, 99
Trd, 258818.917, 98
Trd, 258819.350, 140
Trd, 258819.533, 107
Trd, 258820.250, 126
Trd, 258820.500, 124
Trd, 258820.517, 118
Trd, 258821.133, 121
Trd, 258821.400, 122
Trd, 258821.833, 127
Trd, 258822.283, 140
Trd, 258822.450, 140
Trd, 258822.717, 140
Trd, 258822.967, 140
Trd, 258823.167, 138
Trd, 258823.233, 137
Trd, 258823.317, 136
Trd, 258823.350, 137
Trd, 258823.367, 136
Trd, 258823.433, 128
Trd, 258823.683, 135
Trd, 258823.867, 128
Trd, 258824.217, 125
Trd, 258824.583, 132
Trd, 258824.733, 133
Trd, 258825.017, 125
Trd, 258825.033, 124
Trd, 258825.400, 123
Trd, 258825.417, 119
Trd, 258825.517, 134
Trd, 258825.650, 139
Trd, 258826.683, 113
Trd, 258827.333, 116
Trd, 258827.583, 140
Trd, 258827.833, 140
Trd, 258827.983, 119
Trd, 258828.933, 122
Trd, 258829.100, 123
Trd, 258829.250, 122
Trd, 258829.350, 122
Trd, 258829.383, 124
Trd, 258829.517, 138
Trd, 258829.533, 139
Trd, 258829.700, 137
Trd, 258829.933, 119
Trd, 258830.150, 139
Trd, 258830.617, 137
Trd, 258831.967, 140
Trd, 258832.050, 140
Trd, 258832.067, 140
Trd, 258832.100, 140
Trd, 258832.350, 140
Trd, 258832.850, 140
Trd, 258832.900, 140
Trd, 258832.950, 140
Trd, 258833.117, 140
Trd, 258833.133, 140
Trd, 258833.400, 140
Trd, 258833.450, 140
Trd, 258833.483, 138
Trd, 258833.800, 138
Trd, 258833.850, 140
Trd, 258834.067, 140
Trd, 258834.400, 140
Trd, 258834.683, 140
Trd, 258834.767, 140
Trd, 258834.867, 140
Trd, 258834.883, 140
Trd, 258835.067, 139
Trd, 258835.367, 138
Trd, 258835.733, 139
Trd, 258836.050, 128
Trd, 258836.083, 129
Trd, 258836.100, 130
Trd, 258836.283, 123
Trd, 258836.750, 122
Trd, 258837.083, 139
Trd, 258837.117, 122
Trd, 258837.383, 140
Trd, 258837.883, 132
Trd, 258838.033, 130
Trd, 258838.267, 138
Trd, 258838.333, 129
Trd, 258838.750, 107
Trd, 258838.850, 114
Trd, 258838.933, 130
Trd, 258839.350, 118
Trd, 258839.417, 108
Trd, 258839.833, 118
Trd, 258840.117, 117
Trd, 258840.233, 116
Trd, 258840.450, 109
Trd, 258840.467, 117
Trd, 258841.317, 113
Trd, 258841.383, 111
Trd, 258841.467, 106
Trd, 258841.633, 131
Trd, 258841.917, 96
Trd, 258842.067, 92
Trd, 258842.200, 92
Trd, 258842.250, 133
Trd, 258842.400, 134
Trd, 258842.467, 91
Trd, 258843.283, 140
Trd, 258843.367, 140
Trd, 258843.583, 140
Trd, 258843.600, 140
Trd, 258843.650, 140
Trd, 258844.150, 140
Trd, 258844.267, 140
Trd, 258844.350, 140
Trd, 258844.467, 140
Trd, 258844.617, 140
Trd, 258844.883, 140
Trd, 258845.067, 140
Trd, 258845.133, 105
Trd, 258845.450, 138
Trd, 258845.917, 120
Trd, 258846.217, 140
Trd, 258847.067, 140
Trd, 258847.100, 140
Trd, 258847.250, 139
Trd, 258847.700, 140
Trd, 258848.050, 138
Trd, 258848.133, 138
Trd, 258848.183, 137
Trd, 258848.250, 138
Trd, 258848.317, 137
Trd, 258848.383, 136
Trd, 258848.667, 131
Trd, 258849.033, 137
Trd, 258849.067, 139
Trd, 258849.317, 136
Trd, 258849.450, 135
Trd, 258849.583, 137
Trd, 258849.650, 124
Trd, 258850.317, 133
Trd, 258850.350, 127
Trd, 258850.583, 125
Trd, 258850.683, 114
Trd, 258850.767, 125
Trd, 258850.933, 99
Trd, 258851.250, 130
Trd, 258851.283, 133
Trd, 258851.417, 90
Trd, 258851.783, 90
Trd, 258851.967, 91
Trd, 258852.667, 105
Trd, 258852.783, 94
Trd, 258852.967, 104
Trd, 258853.117, 103
Trd, 258853.333, 104
Trd, 258853.850, 132
Trd, 258854.017, 132
Trd, 258854.667, 140
Trd, 258855.050, 140
Trd, 258855.100, 140
Trd, 258855.217, 139
Trd, 258855.500, 140
Trd, 258855.700, 139
Trd, 258855.817, 136
Trd, 258856.467, 138
Trd, 258856.733, 140
Trd, 258856.883, 140
Trd, 258856.933, 140
Trd, 258857.467, 131
Trd, 258857.617, 131
Trd, 258857.683, 130
Trd, 258857.700, 130
Trd, 258857.933, 136
Trd, 258858.083, 135
Trd, 258858.133, 107
Trd, 258858.417, 100
Trd, 258858.567, 100
Trd, 258858.583, 99
Trd, 258858.800, 133
Trd, 258859.033, 99
Trd, 258859.167, 134
Trd, 258859.283, 136
Trd, 258859.317, 100
Trd, 258859.633, 134
Trd, 258859.700, 137
Trd, 258859.717, 132
Trd, 258860.983, 112
Trd, 258861.017, 93
Trd, 258861.067, 87
Trd, 258861.400, 116
Trd, 258861.667, 140
Trd, 258862.650, 140
Trd, 258862.783, 140
Trd, 258862.833, 140
Trd, 258863.167, 140
Trd, 258863.617, 140
Trd, 258863.700, 140
Trd, 258863.850, 140
Trd, 258863.933, 140
Trd, 258863.983, 140
Trd, 258864.167, 140
Trd, 258864.367, 140
Trd, 258864.567, 140
Trd, 258864.933, 140
Trd, 258864.950, 140
Trd, 258865.050, 139
Trd, 258865.100, 139
Trd, 258865.450, 130
Trd, 258865.667, 129
Trd, 258865.867, 119
Trd, 258866.033, 133
Trd, 258866.867, 117
Trd, 258866.950, 118
Trd, 258867.367, 121
Trd, 258867.383, 115
Trd, 258867.500, 115
Trd, 258867.667, 121
Trd, 258867.950, 114
Trd, 258868.017, 114
Trd, 258868.250, 120
Trd, 258868.383, 114
Trd, 258868.400, 112
Trd, 258868.467, 104
Trd, 258868.583, 121
Trd, 258868.700, 94
Trd, 258868.900, 84
Trd, 258869.233, 118
Trd, 258869.717, 119
Trd, 258870.650, 140
Trd, 258870.733, 140
Trd, 258870.850, 140
Trd, 258871.067, 140
Trd, 258871.150, 140
Trd, 258871.333, 140
Trd, 258871.500, 129
Trd, 258871.717, 108
Trd, 258872.000, 93
Trd, 258872.450, 135
Trd, 258872.650, 98
Trd, 258873.100, 140
Trd, 258873.183, 140
Trd, 258873.217, 140
Trd, 258873.417, 140
Trd, 258873.783, 140
Trd, 258873.917, 140
Trd, 258874.017, 140
Trd, 258874.317, 140
Trd, 258874.600, 140
Trd, 258874.667, 140
Trd, 258874.683, 140
Trd, 258874.717, 140
Trd, 258874.867, 139
Trd, 258875.117, 112
Trd, 258875.433, 133
Trd, 258875.517, 88
Trd, 258875.767, 133
Trd, 258876.050, 88
Trd, 258876.133, 87
Trd, 258876.267, 97
Trd, 258876.383, 98
Trd, 258876.633, 135
Trd, 258876.883, 74
Trd, 258877.000, 139
Trd, 258877.067, 110
Trd, 258877.183, 140
Trd, 258877.567, 140
Trd, 258877.650, 140
Trd, 258877.733, 140
Trd, 258877.817, 134
Trd, 258878.650, 133
Trd, 258878.700, 132
Trd, 258878.867, 133
Trd, 258878.933, 132
Trd, 258879.533, 124
Trd, 258879.850, 112
Trd, 258879.967, 112
Trd, 258880.033, 112
Trd, 258880.050, 124
Trd, 258880.167, 125
Trd, 258880.383, 114
Trd, 258880.517, 113
Trd, 258881.050, 132
Trd, 258881.083, 120
Trd, 258881.433, 93
Trd, 258881.967, 138
Trd, 258882.083, 137
Trd, 258882.183, 140
Trd, 258883.150, 94
Trd, 258883.183, 117
Trd, 258883.533, 125
Trd, 258884.017, 123
Trd, 258884.083, 96
Trd, 258884.233, 125
Trd, 258884.383, 96
Trd, 258884.433, 140
Trd, 258885.067, 122
Trd, 258885.367, 107
Trd, 258885.933, 119
Trd, 258886.733, 106
Trd, 258887.117, 108
Trd, 258887.217, 107
Trd, 258887.333, 107
Trd, 258887.383, 108
Trd, 258887.533, 112
Trd, 258887.783, 113
Trd, 258888.183, 115
Trd, 258888.450, 113
Trd, 258888.683, 114
Trd, 258888.767, 121
Trd, 258888.900, 113
Trd, 258888.950, 128
Trd, 258889.167, 129
Trd, 258889.283, 140
Trd, 258889.450, 118
Trd, 258889.483, 117
Trd, 258889.583, 116
Trd, 258889.617, 110
Trd, 258889.983, 137
Trd, 258890.433, 140
Trd, 258890.583, 140
Trd, 258890.700, 140
Trd, 258890.850, 140
Trd, 258891.100, 139
Trd, 258891.200, 130
Trd, 258891.833, 136
Trd, 258892.000, 113
Trd, 258892.333, 107
Trd, 258892.817, 137
Trd, 258892.900, 115
Trd, 258893.983, 140
Trd, 258894.050, 140
Trd, 258894.100, 140
Trd, 258894.233, 140
Trd, 258894.283, 140
Trd, 258894.350, 140
Trd, 258894.367, 140
Trd, 258894.483, 140
Trd, 258894.533, 139
Trd, 258894.633, 136
Trd, 258894.917, 116
Trd, 258895.350, 135
Trd, 258895.617, 117
Trd, 258895.667, 116
Trd, 258895.950, 113
Trd, 258896.033, 113
Trd, 258896.100, 106
Trd, 258896.133, 101
Trd, 258896.233, 100
Trd, 258896.833, 129
Trd, 258897.300, 119
Trd, 258897.767, 103
Trd, 258898.183, 115
Trd, 258898.233, 115
Trd, 258898.600, 103
Trd, 258898.667, 104
Trd, 258898.967, 104
Trd, 258899.067, 104
Trd, 258899.417, 88
Trd, 258899.500, 104
Trd, 258900.267, 96
Trd, 258900.467, 138
Trd, 258900.800, 96
Trd, 258901.367, 98
Trd, 258901.517, 98
Trd, 258901.533, 122
Trd, 258901.717, 114
Trd, 258901.833, 134
Trd, 258901.967, 97
Trd, 258902.417, 132
Trd, 258902.467, 131
Trd, 258902.633, 122
Trd, 258902.683, 131
Trd, 258902.767, 133
Trd, 258902.950, 110
Trd, 258903.317, 131
Trd, 258903.417, 132
Trd, 258903.650, 132
Trd, 258903.717, 133
Trd, 258903.883, 134
Trd, 258903.967, 133
Trd, 258904.217, 133
Trd, 258904.567, 134
Trd, 258904.800, 140
Trd, 258905.367, 134
Trd, 258905.517, 140
Trd, 258905.733, 138
Trd, 258906.333, 134
Trd, 258906.367, 136
Trd, 258906.783, 125
Trd, 258906.833, 137
Trd, 258906.967, 121
Trd, 258907.450, 128
Trd, 258907.917, 124
Trd, 258908.050, 123
Trd, 258908.133, 130
Trd, 258908.500, 123
Trd, 258908.533, 127
Trd, 258908.583, 122
Trd, 258908.883, 122
Trd, 258908.917, 121
Trd, 258909.083, 122
Trd, 258909.150, 124
Trd, 258909.183, 115
Trd, 258909.417, 127
Trd, 258909.717, 116
Trd, 258909.800, 115
Trd, 258910.217, 125
Trd, 258910.383, 128
Trd, 258910.400, 135
Trd, 258910.600, 101
Trd, 258910.667, 101
Trd, 258910.750, 99
Trd, 258911.017, 104
Trd, 258911.033, 135
Trd, 258911.917, 133
Trd, 258912.167, 114
Trd, 258912.617, 130
Trd, 258912.633, 129
Trd, 258912.867, 130
Trd, 258913.050, 130
Trd, 258913.183, 131
Trd, 258913.350, 130
Trd, 258913.417, 130
Trd, 258913.567, 128
Trd, 258913.700, 94
Trd, 258913.717, 93
Trd, 258914.100, 130
Trd, 258914.483, 129
Trd, 258914.583, 128
Trd, 258915.200, 110
Trd, 258915.283, 108
Trd, 258915.450, 131
Trd, 258915.667, 135
Trd, 258915.783, 131
Trd, 258916.000, 90
Trd, 258916.133, 120
Trd, 258916.150, 89
Trd, 258916.433, 85
Trd, 258916.750, 117
Trd, 258917.317, 96
Trd, 258917.550, 80
Trd, 258917.633, 80
Trd, 258917.817, 96
Trd, 258917.867, 95
Trd, 258918.083, 140
Trd, 258918.100, 140
Trd, 258918.333, 140
Trd, 258918.517, 140
Trd, 258918.633, 135
Trd, 258918.850, 140
Trd, 258918.950, 124
Trd, 258919.517, 108
Trd, 258919.617, 127
Trd, 258919.800, 140
Trd, 258920.300, 140
Trd, 258920.600, 140
Trd, 258920.833, 139
Trd, 258920.983, 140
Trd, 258921.683, 140
Trd, 258922.067, 140
Trd, 258922.150, 140
Trd, 258922.283, 140
Trd, 258922.317, 140
Trd, 258922.467, 140
Trd, 258922.483, 140
Trd, 258922.550, 130
Trd, 258923.200, 135
Trd, 258923.317, 116
Trd, 258923.383, 128
Trd, 258924.083, 134
Trd, 258924.200, 132
Trd, 258924.317, 133
Trd, 258924.483, 135
Trd, 258924.783, 135
Trd, 258924.917, 133
Trd, 258925.100, 133
Trd, 258925.150, 129
Trd, 258925.300, 131
Trd, 258925.950, 134
Trd, 258926.017, 126
Trd, 258926.033, 125
Trd, 258926.083, 125
Trd, 258926.283, 124
Trd, 258926.750, 140
Trd, 258927.250, 125
Trd, 258927.350, 132
Trd, 258927.650, 135
Trd, 258927.867, 125
Trd, 258927.983, 124
Trd, 258928.017, 115
Trd, 258928.167, 135
Trd, 258928.333, 97
Trd, 258928.783, 63
Trd, 258929.200, 64
Trd, 258929.833, 60
Trd, 258929.917, 60
Trd, 258930.017, 60
Trd, 258930.183, 60
Trd, 258930.400, 62
Trd, 258930.417, 64
Trd, 258930.833, 63
Trd, 258931.083, 65
Trd, 258931.233, 105
Trd, 258932.200, 135
Trd, 258932.333, 125
Trd, 258932.367, 124
Trd, 258932.517, 125
Trd, 258932.550, 123
Trd, 258932.600, 120
Trd, 258932.733, 131
Trd, 258932.767, 116
Trd, 258933.183, 113
Trd, 258933.267, 112
Trd, 258933.483, 120
Trd, 258933.800, 125
Trd, 258933.867, 129
Trd, 258934.000, 112
Trd, 258934.017, 130
Trd, 258934.300, 112
Trd, 258934.333, 111
Trd, 258934.667, 66
Trd, 258935.067, 90
Trd, 258935.600, 62
Trd, 258935.917, 101
Trd, 258936.433, 101
Trd, 258936.617, 101
Trd, 258936.767, 102
Trd, 258937.217, 140
Trd, 258937.517, 140
Trd, 258937.600, 140
Trd, 258938.233, 140
Trd, 258938.283, 140
Trd, 258938.600, 140
Trd, 258938.650, 140
Trd, 258938.983, 140
Trd, 258939.117, 140
Trd, 258939.283, 140
Trd, 258939.367, 140
Trd, 258939.967, 140
Trd, 258940.117, 140
Trd, 258940.350, 140
Trd, 258940.483, 140
Trd, 258940.583, 139
Trd, 258940.900, 139
Trd, 258941.100, 139
Trd, 258941.283, 138
Trd, 258941.533, 140
Trd, 258941.917, 135
Trd, 258941.950, 133
Trd, 258941.983, 126
Trd, 258942.133, 124
Trd, 258942.183, 138
Trd, 258942.233, 123
Trd, 258942.467, 124
Trd, 258942.550, 123
Trd, 258942.617, 117
Trd, 258943.417, 110
Trd, 258943.467, 106
Trd, 258943.533, 131
Trd, 258943.850, 127
Trd, 258943.867, 128
Trd, 258943.983, 131
Trd, 258944.033, 131
Trd, 258944.100, 130
Trd, 258944.233, 111
Trd, 258944.883, 106
Trd, 258944.950, 109
Trd, 258945.433, 139
Trd, 258945.600, 139
Trd, 258946.600, 140
Trd, 258947.567, 140
Trd, 258947.667, 140
Trd, 258947.783, 140
Trd, 258947.800, 140
Trd, 258947.967, 140
Trd, 258948.267, 140
Trd, 258948.283, 129
Trd, 258948.917, 140
Trd, 258948.933, 139
Trd, 258949.350, 140
Trd, 258949.367, 140
Trd, 258949.417, 139
Trd, 258949.717, 130
Trd, 258949.800, 128
Trd, 258949.867, 138
Trd, 258949.917, 128
Trd, 258949.950, 127
Trd, 258950.050, 137
Trd, 258950.267, 126
Trd, 258950.300, 124
Trd, 258950.883, 115
Trd, 258950.983, 116
Trd, 258951.400, 117
Trd, 258951.600, 131
Trd, 258951.667, 122
Trd, 258952.267, 127
Trd, 258952.350, 128
Trd, 258952.367, 125
Trd, 258952.517, 127
Trd, 258952.550, 124
Trd, 258952.700, 123
Trd, 258953.033, 126
Trd, 258953.200, 126
Trd, 258953.567, 126
Trd, 258953.767, 137
Trd, 258954.000, 128
Trd, 258954.683, 128
Trd, 258955.350, 127
Trd, 258955.483, 134
Trd, 258955.583, 126
Trd, 258956.050, 124
Trd, 258956.067, 123
Trd, 258956.167, 123
Trd, 258956.183, 132
Trd, 258956.417, 119
Trd, 258956.467, 132
Trd, 258956.517, 90
Trd, 258956.850, 91
Trd, 258957.150, 114
Trd, 258957.350, 113
Trd, 258957.617, 81
Trd, 258957.783, 77
Trd, 258958.100, 123
Trd, 258958.133, 124
Trd, 258958.150, 126
Trd, 258958.483, 95
Trd, 258958.817, 69
Trd, 258958.833, 80
Trd, 258959.367, 79
Trd, 258959.383, 80
Trd, 258959.417, 71
Trd, 258959.817, 79
Trd, 258959.900, 80
Trd, 258960.067, 81
Trd, 258960.117, 73
Trd, 258960.283, 70
Trd, 258960.733, 64
Trd, 258960.983, 87
Trd, 258961.550, 69
Trd, 258962.150, 71
Trd, 258962.883, 76
Trd, 258962.950, 124
Trd, 258963.000, 73
Trd, 258963.133, 125
Trd, 258963.500, 76
Trd, 258963.933, 77
Trd, 258963.983, 75
Trd, 258964.000, 122
Trd, 258964.017, 74
Trd, 258964.033, 123
Trd, 258964.133, 124
Trd, 258964.583, 103
Trd, 258965.167, 103
Trd, 258965.267, 103
Trd, 258965.367, 89
Trd, 258965.417, 104
Trd, 258965.433, 93
Trd, 258965.467, 135
Trd, 258965.617, 138
Trd, 258965.917, 117
Trd, 258966.167, 136
Trd, 258966.267, 137
Trd, 258966.650, 116
Trd, 258966.800, 138
Trd, 258966.883, 116
Trd, 258967.750, 140
Trd, 258968.317, 140
Trd, 258968.400, 140
Trd, 258968.483, 140
Trd, 258968.633, 140
Trd, 258968.800, 140
Trd, 258969.000, 140
Trd, 258969.367, 140
Trd, 258969.600, 140
Trd, 258969.633, 140
Trd, 258970.017, 140
Trd, 258970.117, 140
Trd, 258970.300, 138
Trd, 258970.933, 140
Trd, 258972.083, 140
Trd, 258972.100, 140
Trd, 258972.367, 140
Trd, 258972.617, 140
Trd, 258973.267, 140
Trd, 258973.417, 140
Trd, 258973.533, 140
Trd, 258973.567, 140
Trd, 258973.733, 140
Trd, 258973.833, 140
Trd, 258974.000, 140
Trd, 258974.267, 110
Trd, 258974.683, 139
Trd, 258974.783, 133
Trd, 258974.967, 139
Trd, 258975.150, 110
Trd, 258975.333, 125
Trd, 258975.450, 140
Trd, 258975.700, 130
Trd, 258975.983, 138
Trd, 258976.100, 112
Trd, 258976.150, 111
Trd, 258976.467, 113
Trd, 258976.733, 114
Trd, 258977.033, 114
Trd, 258977.117, 114
Trd, 258977.200, 110
Trd, 258977.283, 115
Trd, 258977.333, 116
Trd, 258977.400, 117
Trd, 258977.883, 114
Trd, 258978.467, 117
Trd, 258978.817, 117
Trd, 258978.967, 118
Trd, 258979.050, 137
Trd, 258979.483, 131
Trd, 258979.633, 139
Trd, 258979.833, 122
Trd, 258980.283, 118
Trd, 258980.617, 135
Trd, 258980.783, 117
Trd, 258980.900, 115
Trd, 258981.100, 139
Trd, 258981.767, 109
Trd, 258981.883, 92
Trd, 258982.450, 140
Trd, 258983.433, 140
Trd, 258983.450, 140
Trd, 258983.550, 140
Trd, 258983.667, 140
Trd, 258983.833, 140
Trd, 258983.950, 140
Trd, 258984.000, 140
Trd, 258984.200, 140
Trd, 258984.233, 140
Trd, 258984.867, 140
Trd, 258985.083, 140
Trd, 258985.717, 140
Trd, 258985.800, 140
Trd, 258985.850, 140
Trd, 258985.950, 140
Trd, 258986.167, 140
Trd, 258986.517, 140
Trd, 258987.550, 140
Trd, 258987.667, 140
Trd, 258988.267, 140
Trd, 258988.833, 140
Trd, 258989.350, 140
Trd, 258989.433, 140
Trd, 258989.583, 140
Trd, 258989.650, 140
Trd, 258989.700, 140
Trd, 258989.817, 140
Trd, 258989.833, 140
Trd, 258989.850, 140
Trd, 258989.900, 140
Trd, 258989.950, 140
Trd, 258990.000, 140
Trd, 258990.217, 140
Trd, 258990.350, 140
Trd, 258990.417, 140
Trd, 258990.450, 140
Trd, 258990.650, 140
Trd, 258990.917, 140
Trd, 258991.133, 138
Trd, 258991.267, 137
Trd, 258991.550, 140
Trd, 258992.100, 139
Trd, 258992.450, 140
Trd, 258992.567, 138
Trd, 258992.717, 130
Trd, 258993.650, 136
Trd, 258994.100, 140
Trd, 258994.383, 140
Trd, 258994.400, 140
Trd, 258994.567, 140
Trd, 258994.650, 140
Trd, 258994.733, 139
Trd, 258994.933, 140
Trd, 258994.950, 139
Trd, 258994.967, 134
Trd, 258995.083, 124
Trd, 258995.133, 116
Trd, 258995.683, 121
Trd, 258995.733, 138
Trd, 258995.883, 120
Trd, 258996.350, 136
Trd, 258996.433, 137
Trd, 258996.567, 138
Trd, 258996.767, 139
Trd, 258996.783, 138
Trd, 258997.233, 140
Trd, 258997.933, 140
Trd, 258998.167, 140
Trd, 258998.183, 140
Trd, 258998.533, 140
Trd, 258998.550, 140
Trd, 258998.850, 140
Trd, 258998.950, 140
Trd, 258999.300, 140
Trd, 258999.350, 135
Trd, 259000.267, 140
Trd, 259000.500, 140
Trd, 259000.567, 140
Trd, 259000.933, 140
Trd, 259001.217, 140
Trd, 259001.717, 140
Trd, 259002.000, 140
Trd, 259002.483, 140
Trd, 259002.550, 140
Trd, 259002.633, 140
Trd, 259003.067, 140
Trd, 259003.850, 126
Trd, 259004.450, 128
Trd, 259004.633, 128
Trd, 259004.650, 129
Trd, 259004.733, 127
Trd, 259004.850, 126
Trd, 259004.933, 130
Trd, 259005.367, 124
Trd, 259005.567, 124
Trd, 259005.583, 122
Trd, 259005.683, 128
Trd, 259005.950, 122
Trd, 259006.033, 113
Trd, 259006.933, 118
Trd, 259006.967, 102
Trd, 259007.333, 120
Trd, 259007.433, 102
Trd, 259007.483, 121
Trd, 259007.633, 137
Trd, 259007.950, 101
Trd, 259008.100, 81
Trd, 259008.483, 104
Trd, 259008.550, 108
Trd, 259008.700, 111
Trd, 259008.867, 90
Trd, 259008.983, 83
Trd, 259009.100, 81
Trd, 259009.283, 103
Trd, 259009.550, 81
Trd, 259009.800, 61
Trd, 259010.250, 60
Trd, 259010.367, 60
Trd, 259010.500, 61
Trd, 259010.517, 62
Trd, 259010.717, 71
Trd, 259011.117, 140
Trd, 259011.667, 140
Trd, 259011.767, 140
Trd, 259011.917, 140
Trd, 259011.933, 140
Trd, 259012.033, 139
Trd, 259012.583, 140
Trd, 259012.667, 140
Trd, 259012.783, 140
Trd, 259012.800, 140
Trd, 259012.983, 139
Trd, 259013.050, 140
Trd, 259013.100, 138
Trd, 259013.300, 138
Trd, 259013.500, 137
Trd, 259013.650, 139
Trd, 259013.933, 130
Trd, 259013.950, 129
Trd, 259013.967, 102
Trd, 259014.183, 128
Trd, 259014.383, 99
Trd, 259014.783, 138
Trd, 259014.950, 91
Trd, 259015.233, 114
Trd, 259015.583, 113
Trd, 259015.600, 114
Trd, 259015.683, 117
Trd, 259016.067, 134
Trd, 259016.300, 138
Trd, 259016.533, 123
Trd, 259016.567, 140
Trd, 259016.800, 132
Trd, 259017.000, 123
Trd, 259017.533, 137
Trd, 259017.567, 121
Trd, 259017.750, 135
Trd, 259017.950, 125
Trd, 259018.200, 124
Trd, 259018.483, 125
Trd, 259018.783, 126
Trd, 259018.800, 125
Trd, 259018.950, 122
Trd, 259019.250, 132
Trd, 259019.633, 122
Trd, 259019.750, 116
Trd, 259019.867, 116
Trd, 259019.983, 125
Trd, 259020.150, 116
Trd, 259020.183, 115
Trd, 259020.217, 116
Trd, 259020.467, 93
Trd, 259020.517, 116
Trd, 259020.633, 109
Trd, 259020.833, 116
Trd, 259021.217, 69
Trd, 259021.617, 88
Trd, 259022.283, 93
Trd, 259022.517, 94
Trd, 259022.667, 95
Trd, 259022.733, 97
Trd, 259022.917, 97
Trd, 259023.017, 97
Trd, 259023.267, 106
Trd, 259023.400, 117
Trd, 259023.450, 119
Trd, 259023.750, 104
Trd, 259024.317, 132
Trd, 259024.333, 111
Trd, 259024.533, 118
Trd, 259024.733, 107
Trd, 259025.283, 139
Trd, 259025.433, 140
Trd, 259025.483, 140
Trd, 259025.650, 140
Trd, 259025.833, 140
Trd, 259025.917, 140
Trd, 259026.017, 140
Trd, 259026.100, 139
Trd, 259026.450, 140
Trd, 259026.817, 140
Trd, 259027.450, 140
Trd, 259027.983, 140
Trd, 259028.300, 140
Trd, 259028.383, 140
Trd, 259028.833, 140
Trd, 259029.517, 140
Trd, 259029.883, 140
Trd, 259029.950, 140
Trd, 259030.050, 140
Trd, 259030.083, 140
Trd, 259030.283, 140
Trd, 259030.433, 139
Trd, 259030.667, 130
Trd, 259030.683, 138
Trd, 259031.017, 120
Trd, 259031.033, 120
Trd, 259031.150, 118
Trd, 259031.383, 106
Trd, 259031.517, 106
Trd, 259031.867, 102
Trd, 259032.167, 87
Trd, 259032.317, 84
Trd, 259032.467, 84
Trd, 259032.483, 88
Trd, 259032.550, 135
Trd, 259032.950, 86
Trd, 259033.550, 96
Trd, 259033.683, 131
Trd, 259033.750, 95
Trd, 259033.867, 95
Trd, 259034.233, 129
Trd, 259034.933, 127
Trd, 259035.050, 126
Trd, 259035.133, 128
Trd, 259035.650, 117
Trd, 259035.817, 117
Trd, 259035.883, 118
Trd, 259036.150, 131
Trd, 259036.267, 133
Trd, 259036.400, 118
Trd, 259036.700, 120
Trd, 259036.817, 135
Trd, 259037.233, 132
Trd, 259037.300, 129
Trd, 259037.417, 128
Trd, 259037.483, 120
Trd, 259037.517, 132
Trd, 259037.550, 119
Trd, 259038.183, 140
Trd, 259038.500, 140
Trd, 259038.550, 140
Trd, 259038.967, 140
Trd, 259039.150, 140
Trd, 259039.633, 140
Trd, 259039.950, 140
Trd, 259040.117, 140
Trd, 259040.567, 140
Trd, 259040.583, 140
Trd, 259041.117, 138
Trd, 259041.183, 139
Trd, 259041.217, 139
Trd, 259041.267, 140
Trd, 259041.467, 133
Trd, 259041.533, 132
Trd, 259041.617, 140
Trd, 259041.867, 133
Trd, 259042.033, 132
Trd, 259042.217, 132
Trd, 259042.633, 112
Trd, 259042.733, 138
Trd, 259042.883, 86
Trd, 259043.333, 112
Trd, 259043.400, 113
Trd, 259044.167, 110
Trd, 259044.383, 96
Trd, 259044.483, 95
Trd, 259044.583, 85
Trd, 259044.683, 112
Trd, 259044.700, 85
Trd, 259044.733, 113
Trd, 259044.883, 113
Trd, 259044.933, 114
Trd, 259045.000, 86
Trd, 259045.017, 124
Trd, 259045.283, 106
Trd, 259045.317, 105
Trd, 259046.183, 140
Trd, 259046.767, 140
Trd, 259046.933, 140
Trd, 259046.967, 140
Trd, 259047.667, 140
Trd, 259047.833, 140
Trd, 259048.017, 140
Trd, 259048.367, 140
Trd, 259048.400, 140
Trd, 259048.750, 140
Trd, 259048.967, 140
Trd, 259049.050, 140
Trd, 259049.083, 140
Trd, 259049.100, 140
Trd, 259049.283, 139
Trd, 259049.500, 138
Trd, 259049.917, 134
Trd, 259050.350, 130
Trd, 259050.483, 130
Trd, 259050.550, 132
Trd, 259050.933, 138
Trd, 259051.750, 140
Trd, 259052.033, 140
Trd, 259052.133, 140
Trd, 259052.350, 140
Trd, 259052.517, 140
Trd, 259052.550, 140
Trd, 259052.633, 138
Trd, 259052.667, 140
Trd, 259052.800, 136
Trd, 259052.883, 130
Trd, 259053.117, 138
Trd, 259053.200, 130
Trd, 259053.233, 139
Trd, 259053.500, 129
Trd, 259053.700, 136
Trd, 259053.867, 110
Trd, 259053.917, 111
Trd, 259054.133, 140
Trd, 259054.833, 135
Trd, 259055.133, 133
Trd, 259055.783, 135
Trd, 259056.167, 137
Trd, 259056.283, 136
Trd, 259056.650, 136
Trd, 259056.767, 135
Trd, 259057.000, 137
Trd, 259057.333, 134
Trd, 259057.383, 130
Trd, 259057.483, 132
Trd, 259057.883, 127
Trd, 259058.150, 137
Trd, 259058.333, 137
Trd, 259058.717, 137
Trd, 259058.783, 136
Trd, 259059.250, 122
Trd, 259059.567, 122
Trd, 259059.750, 117
Trd, 259059.783, 122
Trd, 259059.800, 93
Trd, 259059.883, 124
Trd, 259059.900, 103
Trd, 259059.967, 123
Trd, 259060.067, 60
Trd, 259060.367, 125
Trd, 259060.700, 66
Trd, 259061.200, 67
Trd, 259061.267, 68
Trd, 259061.283, 70
Trd, 259061.550, 139
Trd, 259062.667, 140
Trd, 259062.750, 140
Trd, 259063.083, 140
Trd, 259063.167, 140
Trd, 259063.400, 140
Trd, 259063.683, 140
Trd, 259064.183, 140
Trd, 259064.700, 140
Trd, 259065.150, 140
Trd, 259065.200, 140
Trd, 259065.550, 140
Trd, 259065.717, 140
Trd, 259065.783, 140
Trd, 259065.833, 140
Trd, 259065.850, 140
Trd, 259066.333, 139
Trd, 259066.367, 139
Trd, 259066.683, 140
Trd, 259066.800, 140
Trd, 259066.817, 140
Trd, 259067.150, 140
Trd, 259067.383, 139
Trd, 259067.800, 139
Trd, 259067.900, 140
Trd, 259068.050, 139
Trd, 259068.083, 138
Trd, 259068.150, 122
Trd, 259068.333, 121
Trd, 259068.467, 104
Trd, 259069.167, 120
Trd, 259069.217, 120
Trd, 259069.283, 137
Trd, 259069.550, 138
Trd, 259069.817, 137
Trd, 259070.100, 119
Trd, 259070.983, 114
Trd, 259071.083, 140
Trd, 259071.517, 140
Trd, 259071.533, 140
Trd, 259072.217, 140
Trd, 259073.400, 140
Trd, 259073.483, 140
Trd, 259073.983, 140
Trd, 259074.000, 140
Trd, 259074.050, 140
Trd, 259074.083, 140
Trd, 259074.317, 140
Trd, 259074.333, 140
Trd, 259074.467, 140
Trd, 259074.650, 139
Trd, 259074.717, 138
Trd, 259074.867, 136
Trd, 259074.883, 127
Trd, 259075.167, 136
Trd, 259075.183, 137
Trd, 259075.283, 138
Trd, 259075.317, 129
Trd, 259075.333, 121
Trd, 259075.433, 104
Trd, 259076.383, 108
Trd, 259076.417, 132
Trd, 259077.267, 128
Trd, 259077.800, 118
Trd, 259077.950, 126
Trd, 259078.133, 119
Trd, 259078.217, 118
Trd, 259078.450, 127
Trd, 259078.733, 123
Trd, 259078.817, 121
Trd, 259079.033, 124
Trd, 259079.400, 124
Trd, 259079.500, 125
Trd, 259079.583, 128
Trd, 259079.867, 127
Trd, 259079.933, 131
Trd, 259080.017, 123
Trd, 259080.167, 125
Trd, 259080.250, 122
Trd, 259080.633, 123
Trd, 259080.767, 122
Trd, 259080.833, 121
Trd, 259081.783, 115
Trd, 259082.067, 117
Trd, 259082.100, 119
Trd, 259082.117, 121
Trd, 259082.917, 140
Trd, 259082.933, 140
Trd, 259083.017, 139
Trd, 259083.633, 139
Trd, 259083.717, 139
Trd, 259083.817, 138
Trd, 259083.833, 128
Trd, 259084.267, 117
Trd, 259084.700, 137
Trd, 259084.917, 128
Trd, 259084.933, 127
Trd, 259085.067, 115
Trd, 259085.250, 138
Trd, 259085.283, 136
Trd, 259085.933, 138
Trd, 259085.950, 106
Trd, 259086.067, 112
Trd, 259086.117, 135
Trd, 259086.400, 105
Trd, 259086.533, 135
Trd, 259086.850, 95
Trd, 259086.950, 95
Trd, 259087.117, 137
Trd, 259087.200, 109
Trd, 259087.350, 108
Trd, 259087.817, 140
Trd, 259087.933, 140
Trd, 259088.233, 140
Trd, 259088.500, 140
Trd, 259088.533, 140
Trd, 259088.667, 140
Trd, 259089.267, 139
Trd, 259089.283, 111
Trd, 259089.567, 78
Trd, 259089.650, 77
Trd, 259089.700, 74
Trd, 259090.250, 134
Trd, 259090.283, 135
Trd, 259090.400, 97
Trd, 259090.683, 123
Trd, 259090.717, 136
Trd, 259091.267, 72
Trd, 259091.567, 72
Trd, 259091.783, 72
Trd, 259091.867, 73
Trd, 259092.717, 89
Trd, 259092.867, 89
Trd, 259092.983, 89
Trd, 259093.067, 90
Trd, 259093.150, 89
Trd, 259093.200, 88
Trd, 259093.250, 89
Trd, 259093.333, 87
Trd, 259093.800, 124
Trd, 259093.950, 124
Trd, 259094.050, 123
Trd, 259094.350, 137
Trd, 259094.517, 126
Trd, 259094.600, 125
Trd, 259094.717, 123
Trd, 259094.850, 118
Trd, 259095.100, 107
Trd, 259095.150, 104
Trd, 259095.167, 133
Trd, 259095.467, 99
Trd, 259095.600, 131
Trd, 259095.750, 133
Trd, 259096.433, 132
Trd, 259096.600, 113
Trd, 259096.700, 135
Trd, 259097.167, 139
Trd, 259097.267, 138
Trd, 259097.733, 122
Trd, 259097.933, 140
Trd, 259098.383, 140
Trd, 259098.450, 139
Trd, 259098.583, 139
Trd, 259099.567, 140
Trd, 259099.650, 140
Trd, 259099.750, 140
Trd, 259099.767, 140
Trd, 259099.933, 139
Trd, 259100.233, 138
Trd, 259100.283, 139
Trd, 259100.517, 138
Trd, 259100.900, 134
Trd, 259101.183, 129
Trd, 259101.317, 136
Trd, 259101.483, 127
Trd, 259101.517, 123
Trd, 259101.817, 124
Trd, 259102.133, 123
Trd, 259102.150, 114
Trd, 259102.200, 107
Trd, 259102.767, 77
Trd, 259102.817, 76
Trd, 259103.067, 75
Trd, 259103.600, 79
Trd, 259104.233, 112
Trd, 259104.350, 114
Trd, 259104.533, 119
Trd, 259104.717, 94
Trd, 259104.850, 93
Trd, 259104.933, 93
Trd, 259104.950, 92
Trd, 259105.033, 115
Trd, 259105.183, 114
Trd, 259105.200, 117
Trd, 259105.483, 81
Trd, 259105.950, 81
Trd, 259106.867, 108
Trd, 259107.083, 105
Trd, 259107.383, 103
Trd, 259107.617, 105
Trd, 259107.683, 110
Trd, 259107.833, 120
Trd, 259107.950, 105
Trd, 259108.133, 102
Trd, 259108.167, 101
Trd, 259108.650, 90
Trd, 259108.717, 122
Trd, 259109.333, 109
Trd, 259109.467, 112
Trd, 259109.650, 124
Trd, 259109.667, 126
Trd, 259109.883, 127
Trd, 259109.967, 111
Trd, 259110.067, 110
Trd, 259110.233, 105
Trd, 259110.750, 123
Trd, 259110.767, 127
Trd, 259110.783, 136
Trd, 259111.283, 138
Trd, 259111.317, 137
Trd, 259111.500, 138
Trd, 259111.683, 110
Trd, 259111.700, 139
Trd, 259112.017, 140
Trd, 259112.700, 140
Trd, 259113.017, 140
Trd, 259113.400, 140
Trd, 259113.467, 139
Trd, 259113.900, 133
Trd, 259113.917, 132
Trd, 259114.283, 135
Trd, 259114.317, 134
Trd, 259114.733, 140
Trd, 259114.800, 140
Trd, 259114.917, 140
Trd, 259115.233, 140
Trd, 259115.433, 140
Trd, 259115.583, 140
Trd, 259115.633, 140
Trd, 259115.783, 137
Trd, 259116.517, 132
Trd, 259116.800, 108
Trd, 259116.983, 109
Trd, 259117.017, 110
Trd, 259117.267, 103
Trd, 259117.467, 106
Trd, 259117.483, 105
Trd, 259117.567, 107
Trd, 259118.133, 105
Trd, 259118.167, 103
Trd, 259118.217, 100
Trd, 259118.317, 108
Trd, 259118.417, 134
Trd, 259119.433, 140
Trd, 259119.567, 140
Trd, 259119.867, 140
Trd, 259120.583, 140
Trd, 259120.700, 140
Trd, 259120.867, 140
Trd, 259120.900, 140
Trd, 259121.033, 140
Trd, 259121.150, 137
Trd, 259121.317, 140
Trd, 259121.433, 140
Trd, 259121.750, 140
Trd, 259121.850, 140
Trd, 259121.883, 140
Trd, 259122.317, 140
Trd, 259122.333, 140
Trd, 259122.417, 140
Trd, 259122.550, 139
Trd, 259122.800, 136
Trd, 259122.917, 134
Trd, 259123.000, 134
Trd, 259123.083, 133
Trd, 259123.633, 130
Trd, 259123.933, 133
Trd, 259124.117, 136
Trd, 259124.267, 136
Trd, 259124.483, 129
Trd, 259124.650, 104
Trd, 259124.917, 115
Trd, 259125.083, 113
Trd, 259125.200, 112
Trd, 259125.383, 103
Trd, 259125.550, 130
Trd, 259125.783, 91
Trd, 259125.817, 107
Trd, 259126.033, 130
Trd, 259127.500, 87
Trd, 259127.583, 102
Trd, 259127.967, 118
Trd, 259127.983, 94
Trd, 259128.117, 119
Trd, 259128.150, 122
Trd, 259128.267, 123
Trd, 259128.317, 90
Trd, 259128.333, 88
Trd, 259128.667, 140
Trd, 259128.683, 140
Trd, 259129.250, 140
Trd, 259129.300, 140
Trd, 259129.833, 140
Trd, 259129.933, 139
Trd, 259130.133, 135
Trd, 259130.167, 129
Trd, 259130.550, 140
Trd, 259130.567, 140
Trd, 259130.800, 118
Trd, 259130.933, 117
Trd, 259131.033, 135
Trd, 259131.500, 121
Trd, 259132.150, 124
Trd, 259132.283, 126
Trd, 259132.317, 125
Trd, 259132.467, 127
Trd, 259132.533, 126
Trd, 259132.550, 128
Trd, 259132.867, 128
Trd, 259132.917, 129
Trd, 259133.083, 137
Trd, 259133.217, 120
Trd, 259133.400, 119
Trd, 259133.500, 106
Trd, 259133.700, 72
Trd, 259135.000, 67
Trd, 259135.367, 64
Trd, 259135.400, 65
Trd, 259135.483, 65
Trd, 259135.900, 65
Trd, 259135.917, 67
Trd, 259135.950, 63
Trd, 259135.967, 70
Trd, 259136.100, 90
Trd, 259136.200, 116
Trd, 259136.267, 133
Trd, 259136.317, 85
Trd, 259136.850, 115
Trd, 259137.550, 140
Trd, 259137.933, 140
Trd, 259138.267, 140
Trd, 259138.300, 140
Trd, 259138.350, 140
Trd, 259138.783, 140
Trd, 259138.967, 140
Trd, 259139.083, 140
Trd, 259139.167, 140
Trd, 259139.333, 140
Trd, 259139.650, 140
Trd, 259139.917, 140
Trd, 259140.133, 140
Trd, 259140.300, 140
Trd, 259140.367, 140
Trd, 259140.567, 140
Trd, 259140.633, 140
Trd, 259140.983, 139
Trd, 259141.117, 136
Trd, 259141.367, 136
Trd, 259141.600, 134
Trd, 259141.650, 137
Trd, 259141.767, 131
Trd, 259142.467, 140
Trd, 259142.650, 140
Trd, 259143.167, 140
Trd, 259143.200, 140
Trd, 259143.750, 140
Trd, 259144.000, 140
Trd, 259144.483, 140
Trd, 259145.050, 140
Trd, 259145.117, 140
Trd, 259145.467, 140
Trd, 259146.017, 140
Trd, 259146.050, 140
Trd, 259146.083, 140
Trd, 259146.117, 140
Trd, 259146.150, 140
Trd, 259146.233, 140
Trd, 259146.500, 140
Trd, 259146.550, 140
Trd, 259146.583, 140
Trd, 259146.750, 139
Trd, 259146.883, 139
Trd, 259147.133, 138
Trd, 259147.433, 139
Trd, 259147.500, 132
Trd, 259147.650, 131
Trd, 259148.317, 140
Trd, 259148.400, 140
Trd, 259148.467, 140
Trd, 259148.600, 140
Trd, 259148.767, 139
Trd, 259149.000, 133
Trd, 259149.250, 133
Trd, 259149.267, 132
Trd, 259149.533, 131
Trd, 259149.583, 123
Trd, 259149.783, 102
Trd, 259149.867, 101
Trd, 259149.883, 89
Trd, 259149.917, 85
Trd, 259150.600, 95
Trd, 259150.617, 135
Trd, 259150.783, 135
Trd, 259151.450, 112
Trd, 259151.467, 107
Trd, 259151.650, 104
Trd, 259151.783, 88
Trd, 259152.183, 63
Trd, 259152.517, 87
Trd, 259153.783, 60
Trd, 259154.183, 60
Trd, 259154.300, 60
Trd, 259154.483, 60
Trd, 259154.600, 60
Trd, 259154.783, 65
Trd, 259154.867, 62
Trd, 259154.917, 65
Trd, 259155.133, 80
Trd, 259155.367, 81
Trd, 259155.583, 98
Trd, 259155.900, 110
Trd, 259155.933, 99
Trd, 259155.950, 81
Trd, 259156.383, 88
Trd, 259156.483, 86
Trd, 259156.950, 87
Trd, 259157.067, 107
Trd, 259157.117, 86
Trd, 259157.500, 129
Trd, 259157.567, 106
Trd, 259158.267, 113
Trd, 259158.300, 112
Trd, 259158.817, 116
Trd, 259158.983, 118
Trd, 259159.300, 121
Trd, 259159.317, 122
Trd, 259159.517, 115
Trd, 259159.667, 112
Trd, 259159.833, 117
Trd, 259159.850, 111
Trd, 259160.017, 124
Trd, 259160.967, 117
Trd, 259161.050, 118
Trd, 259161.333, 121
Trd, 259161.367, 118
Trd, 259161.583, 122
Trd, 259161.667, 114
Trd, 259162.050, 122
Trd, 259162.150, 118
Trd, 259162.317, 122
Trd, 259162.800, 129
Trd, 259162.983, 112
Trd, 259163.083, 139
Trd, 259163.500, 117
Trd, 259163.817, 135
Trd, 259164.667, 139
Trd, 259164.783, 139
Trd, 259164.900, 140
Trd, 259164.967, 140
Trd, 259165.300, 140
Trd, 259165.467, 140
Trd, 259165.583, 140
Trd, 259165.850, 140
Trd, 259166.100, 138
Trd, 259166.483, 138
Trd, 259167.200, 140
Trd, 259167.383, 140
Trd, 259167.417, 140
Trd, 259167.800, 140
Trd, 259168.267, 140
Trd, 259168.633, 140
Trd, 259168.783, 140
Trd, 259168.850, 140
Trd, 259169.117, 140
Trd, 259169.400, 139
Trd, 259169.617, 140
Trd, 259169.967, 140
Trd, 259169.983, 140
Trd, 259170.083, 139
Trd, 259170.133, 129
Trd, 259170.167, 127
Trd, 259170.667, 136
Trd, 259170.950, 137
Trd, 259171.017, 107
Trd, 259171.233, 88
Trd, 259171.783, 98
Trd, 259171.800, 111
Trd, 259171.917, 98
Trd, 259172.000, 96
Trd, 259172.133, 97
Trd, 259172.217, 118
Trd, 259172.333, 139
Trd, 259172.517, 95
Trd, 259172.550, 93
Trd, 259172.683, 140
Trd, 259173.283, 121
Trd, 259173.300, 86
Trd, 259173.833, 140
Trd, 259173.917, 140
Trd, 259173.983, 140
Trd, 259174.217, 140
Trd, 259174.367, 139
Trd, 259174.883, 90
Trd, 259174.983, 90
Trd, 259175.250, 98
Trd, 259175.417, 88
Trd, 259175.500, 86
Trd, 259175.967, 130
Trd, 259177.000, 119
Trd, 259177.633, 140
Trd, 259177.767, 140
Trd, 259178.067, 140
Trd, 259178.217, 140
Trd, 259178.517, 140
Trd, 259178.600, 140
Trd, 259178.783, 140
Trd, 259179.017, 139
Trd, 259179.150, 138
Trd, 259179.183, 140
Trd, 259179.283, 129
Trd, 259180.067, 132
Trd, 259180.317, 102
Trd, 259180.900, 89
Trd, 259180.967, 129
Trd, 259181.100, 130
Trd, 259181.133, 87
Trd, 259181.167, 133
Trd, 259181.217, 134
Trd, 259181.550, 89
Trd, 259181.700, 90
Trd, 259181.967, 117
Trd, 259182.583, 129
Trd, 259182.667, 134
Trd, 259182.983, 135
Trd, 259183.217, 134
Trd, 259183.450, 135
Trd, 259183.733, 140
Trd, 259184.017, 140
Trd, 259184.117, 140
Trd, 259184.200, 140
Trd, 259184.517, 140
Trd, 259184.550, 140
Trd, 259184.683, 140
Trd, 259184.700, 139
Trd, 259184.883, 140
Trd, 259185.100, 140
Trd, 259185.133, 139
Trd, 259185.250, 140
Trd, 259185.333, 131
Trd, 259185.767, 98
Trd, 259185.950, 95
Trd, 259186.217, 94
Trd, 259186.283, 93
Trd, 259186.750, 127
Trd, 259186.767, 129
Trd, 259186.850, 119
Trd, 259186.867, 134
Trd, 259187.033, 140
Trd, 259187.433, 117
Trd, 259187.650, 116
Trd, 259188.150, 104
Trd, 259188.417, 126
Trd, 259188.717, 111
Trd, 259188.733, 110
Trd, 259188.850, 125
Trd, 259188.950, 126
Trd, 259189.183, 103
Trd, 259189.233, 101
Trd, 259189.583, 105
Trd, 259190.750, 117
Trd, 259190.933, 117
Trd, 259191.000, 119
Trd, 259191.383, 120
Trd, 259191.417, 128
Trd, 259191.500, 115
Trd, 259191.700, 126
Trd, 259192.067, 140
Trd, 259192.217, 139
Trd, 259192.400, 140
Trd, 259192.917, 140
Trd, 259193.017, 140
Trd, 259193.183, 140
Trd, 259193.433, 140
Trd, 259193.667, 140
Trd, 259193.800, 140
Trd, 259193.917, 134
Trd, 259193.967, 131
Trd, 259194.283, 140
Trd, 259194.450, 140
Trd, 259195.400, 123
Trd, 259195.417, 118
Trd, 259195.900, 117
Trd, 259196.033, 123
Trd, 259196.383, 117
Trd, 259196.567, 118
Trd, 259196.700, 118
Trd, 259196.717, 117
Trd, 259196.767, 113
Trd, 259196.883, 95
Trd, 259196.967, 124
Trd, 259197.150, 96
Trd, 259197.433, 91
Trd, 259197.833, 90
Trd, 259199.050, 140
Trd, 259199.217, 140
Trd, 259199.583, 140
