Trd, 258561.167, 116
Trd, 258561.633, 103
Trd, 258561.767, 118
Trd, 258562.483, 138
Trd, 258563.300, 118
Trd, 258563.450, 109
Trd, 258563.483, 100
Trd, 258563.633, 99
Trd, 258563.917, 121
Trd, 258564.333, 110
Trd, 258564.583, 116
Trd, 258565.217, 136
Trd, 258565.267, 126
Trd, 258566.017, 139
Trd, 258566.383, 123
Trd, 258566.583, 124
Trd, 258566.800, 121
Trd, 258566.817, 119
Trd, 258566.833, 118
Trd, 258567.200, 123
Trd, 258567.500, 122
Trd, 258567.700, 120
Trd, 258568.183, 118
Trd, 258568.567, 129
Trd, 258568.683, 115
Trd, 258569.683, 120
Trd, 258570.267, 119
Trd, 258570.317, 115
Trd, 258570.633, 108
Trd, 258571.017, 117
Trd, 258571.217, 118
Trd, 258571.383, 114
Trd, 258571.500, 106
Trd, 258571.667, 128
Trd, 258571.700, 131
Trd, 258571.717, 132
Trd, 258571.750, 127
Trd, 258571.900, 112
Trd, 258572.083, 110
Trd, 258572.217, 133
Trd, 258572.450, 97
Trd, 258572.617, 121
Trd, 258572.783, 132
Trd, 258572.933, 123
Trd, 258573.467, 104
Trd, 258573.733, 117
Trd, 258574.650, 131
Trd, 258574.950, 131
Trd, 258575.283, 129
Trd, 258575.767, 123
Trd, 258575.933, 120
Trd, 258576.083, 119
Trd, 258576.183, 115
Trd, 258576.333, 123
Trd, 258576.767, 139
Trd, 258576.967, 139
Trd, 258577.167, 128
Trd, 258577.433, 130
Trd, 258577.783, 123
Trd, 258577.850, 121
Trd, 258578.750, 113
Trd, 258578.883, 113
Trd, 258579.083, 112
Trd, 258579.133, 109
Trd, 258579.367, 131
Trd, 258579.900, 123
Trd, 258580.133, 113
Trd, 258580.333, 110
Trd, 258580.467, 106
Trd, 258580.567, 122
Trd, 258580.633, 127
Trd, 258580.683, 132
Trd, 258580.833, 106
Trd, 258580.983, 100
Trd, 258581.317, 97
Trd, 258582.033, 110
Trd, 258582.367, 110
Trd, 258582.583, 111
Trd, 258582.967, 118
Trd, 258583.050, 100
Trd, 258583.383, 96
Trd, 258583.533, 132
Trd, 258583.767, 83
Trd, 258583.900, 81
Trd, 258584.483, 104
Trd, 258584.833, 125
Trd, 258584.967, 90
Trd, 258585.117, 90
Trd, 258585.283, 95
Trd, 258585.817, 103
Trd, 258586.117, 102
Trd, 258586.200, 110
Trd, 258586.467, 120
Trd, 258586.583, 135
Trd, 258586.817, 99
Trd, 258586.983, 129
Trd, 258587.600, 133
Trd, 258587.667, 132
Trd, 258587.733, 139
Trd, 258588.300, 112
Trd, 258588.317, 109
Trd, 258589.417, 135
Trd, 258589.900, 137
Trd, 258590.867, 140
Trd, 258591.150, 134
Trd, 258591.183, 133
Trd, 258591.450, 128
Trd, 258591.750, 120
Trd, 258591.867, 121
Trd, 258591.900, 115
Trd, 258591.917, 108
Trd, 258592.300, 104
Trd, 258592.700, 99
Trd, 258592.900, 107
Trd, 258593.067, 106
Trd, 258593.117, 99
Trd, 258593.617, 140
Trd, 258593.667, 124
Trd, 258593.917, 123
Trd, 258594.183, 125
Trd, 258594.333, 120
Trd, 258594.433, 112
Trd, 258594.933, 127
Trd, 258595.333, 117
Trd, 258595.700, 129
Trd, 258595.767, 114
Trd, 258595.850, 125
Trd, 258596.650, 116
Trd, 258596.867, 119
Trd, 258597.317, 120
Trd, 258597.683, 109
Trd, 258597.750, 134
Trd, 258598.483, 119
Trd, 258598.517, 115
Trd, 258598.583, 112
Trd, 258598.867, 140
Trd, 258599.267, 133
Trd, 258599.450, 123
Trd, 258599.717, 122
Trd, 258599.800, 122
Trd, 258599.850, 116
Trd, 258600.117, 133
Trd, 258600.733, 138
Trd, 258601.300, 140
Trd, 258601.583, 132
Trd, 258601.683, 131
Trd, 258601.733, 126
Trd, 258601.800, 114
Trd, 258602.433, 114
Trd, 258602.467, 119
Trd, 258602.950, 133
Trd, 258603.367, 117
Trd, 258603.717, 136
Trd, 258603.817, 105
Trd, 258604.017, 103
Trd, 258604.083, 109
Trd, 258604.417, 123
Trd, 258604.517, 91
Trd, 258604.667, 90
Trd, 258604.883, 113
Trd, 258605.267, 95
Trd, 258605.283, 122
Trd, 258605.367, 87
Trd, 258605.517, 82
Trd, 258605.567, 106
Trd, 258606.433, 62
Trd, 258606.450, 63
Trd, 258606.483, 72
Trd, 258606.683, 74
Trd, 258606.867, 64
Trd, 258607.217, 68
Trd, 258607.650, 125
Trd, 258608.050, 121
Trd, 258608.067, 109
Trd, 258608.167, 135
Trd, 258608.883, 110
Trd, 258608.967, 109
Trd, 258609.117, 103
Trd, 258609.367, 120
Trd, 258609.467, 115
Trd, 258609.817, 134
Trd, 258609.867, 124
Trd, 258610.417, 112
Trd, 258610.633, 132
Trd, 258610.933, 128
Trd, 258611.017, 125
Trd, 258611.167, 109
Trd, 258611.433, 107
Trd, 258612.250, 140
Trd, 258612.567, 134
Trd, 258612.867, 111
Trd, 258613.083, 127
Trd, 258613.183, 134
Trd, 258613.350, 139
Trd, 258613.400, 137
Trd, 258614.633, 104
Trd, 258615.350, 117
Trd, 258615.467, 122
Trd, 258615.550, 106
Trd, 258616.217, 107
Trd, 258616.250, 106
Trd, 258616.350, 137
Trd, 258616.417, 103
Trd, 258616.433, 102
Trd, 258616.767, 112
Trd, 258616.917, 111
Trd, 258617.033, 115
Trd, 258617.233, 138
Trd, 258617.317, 121
Trd, 258617.717, 124
Trd, 258617.767, 104
Trd, 258618.117, 130
Trd, 258618.167, 115
Trd, 258618.317, 102
Trd, 258618.833, 106
Trd, 258618.850, 101
Trd, 258618.917, 98
Trd, 258619.033, 129
Trd, 258619.100, 103
Trd, 258619.517, 135
Trd, 258619.817, 129
Trd, 258620.383, 124
Trd, 258620.750, 121
Trd, 258621.033, 124
Trd, 258621.217, 115
Trd, 258621.283, 137
Trd, 258621.333, 136
Trd, 258622.183, 122
Trd, 258622.200, 121
Trd, 258622.467, 120
Trd, 258622.483, 116
Trd, 258622.600, 138
Trd, 258622.633, 111
Trd, 258622.967, 106
Trd, 258623.367, 119
Trd, 258623.717, 139
Trd, 258623.800, 138
Trd, 258623.833, 118
Trd, 258624.050, 139
Trd, 258624.167, 116
Trd, 258625.117, 122
Trd, 258625.267, 116
Trd, 258625.700, 139
Trd, 258625.867, 122
Trd, 258626.017, 129
Trd, 258626.933, 102
Trd, 258626.967, 103
Trd, 258627.300, 95
Trd, 258627.333, 116
Trd, 258627.450, 92
Trd, 258628.100, 135
Trd, 258628.283, 115
Trd, 258628.500, 105
Trd, 258628.633, 104
Trd, 258628.717, 106
Trd, 258628.933, 107
Trd, 258629.333, 115
Trd, 258629.467, 93
Trd, 258629.533, 119
Trd, 258629.750, 92
Trd, 258630.000, 131
Trd, 258630.333, 125
Trd, 258630.350, 97
Trd, 258630.417, 133
Trd, 258630.483, 79
Trd, 258630.600, 69
Trd, 258630.900, 118
Trd, 258631.317, 117
Trd, 258631.900, 132
Trd, 258632.400, 130
Trd, 258632.617, 130
Trd, 258632.667, 115
Trd, 258632.967, 112
Trd, 258633.017, 90
Trd, 258633.367, 84
Trd, 258633.433, 100
Trd, 258633.800, 105
Trd, 258634.050, 130
Trd, 258634.217, 108
Trd, 258634.400, 100
Trd, 258634.467, 110
Trd, 258634.550, 95
Trd, 258634.633, 94
Trd, 258634.683, 93
Trd, 258634.917, 111
Trd, 258635.150, 100
Trd, 258635.833, 128
Trd, 258636.017, 120
Trd, 258636.550, 121
Trd, 258636.717, 99
Trd, 258637.017, 98
Trd, 258637.367, 112
Trd, 258637.517, 108
Trd, 258637.533, 119
Trd, 258637.817, 106
Trd, 258637.850, 108
Trd, 258637.967, 113
Trd, 258638.150, 106
Trd, 258638.200, 109
Trd, 258638.850, 114
Trd, 258639.000, 121
Trd, 258639.300, 123
Trd, 258639.333, 111
Trd, 258639.400, 104
Trd, 258640.233, 112
Trd, 258641.000, 109
Trd, 258641.567, 100
Trd, 258641.917, 130
Trd, 258642.017, 125
Trd, 258642.550, 102
Trd, 258642.567, 103
Trd, 258642.850, 114
Trd, 258643.100, 98
Trd, 258643.383, 104
Trd, 258643.467, 107
Trd, 258643.583, 95
Trd, 258644.333, 115
Trd, 258644.483, 111
Trd, 258644.767, 94
Trd, 258645.267, 94
Trd, 258645.317, 110
Trd, 258645.550, 112
Trd, 258645.717, 88
Trd, 258645.850, 87
Trd, 258645.967, 96
Trd, 258646.300, 98
Trd, 258646.533, 106
Trd, 258646.900, 130
Trd, 258647.567, 129
Trd, 258647.733, 103
Trd, 258647.850, 125
Trd, 258647.883, 94
Trd, 258647.933, 94
Trd, 258648.083, 131
Trd, 258648.550, 91
Trd, 258649.267, 89
Trd, 258649.283, 85
Trd, 258649.367, 129
Trd, 258649.650, 137
Trd, 258649.783, 106
Trd, 258650.167, 99
Trd, 258650.283, 100
Trd, 258650.867, 136
Trd, 258651.750, 125
Trd, 258652.333, 139
Trd, 258652.483, 136
Trd, 258652.517, 135
Trd, 258652.617, 133
Trd, 258652.667, 128
Trd, 258653.050, 127
Trd, 258653.167, 121
Trd, 258653.300, 114
Trd, 258653.383, 109
Trd, 258654.100, 115
Trd, 258654.133, 105
Trd, 258654.767, 95
Trd, 258655.150, 138
Trd, 258655.683, 120
Trd, 258655.833, 120
Trd, 258656.033, 136
Trd, 258656.133, 111
Trd, 258656.300, 128
Trd, 258656.350, 110
Trd, 258656.400, 131
Trd, 258656.600, 135
Trd, 258657.583, 128
Trd, 258657.633, 116
Trd, 258657.717, 113
Trd, 258657.933, 127
Trd, 258657.983, 135
Trd, 258658.167, 111
Trd, 258658.450, 110
Trd, 258658.467, 107
Trd, 258658.533, 104
Trd, 258658.817, 122
Trd, 258659.050, 100
Trd, 258659.250, 93
Trd, 258659.350, 89
Trd, 258659.400, 87
Trd, 258660.100, 116
Trd, 258660.167, 120
Trd, 258660.983, 118
Trd, 258661.167, 116
Trd, 258661.517, 126
Trd, 258661.950, 124
Trd, 258662.033, 129
Trd, 258662.217, 115
Trd, 258662.317, 122
Trd, 258662.683, 127
Trd, 258662.983, 126
Trd, 258663.100, 125
Trd, 258663.183, 121
Trd, 258663.583, 130
Trd, 258663.983, 139
Trd, 258664.117, 138
Trd, 258664.383, 105
Trd, 258664.600, 138
Trd, 258664.950, 114
Trd, 258665.517, 103
Trd, 258665.933, 97
Trd, 258666.067, 98
Trd, 258666.333, 122
Trd, 258666.367, 91
Trd, 258666.500, 89
Trd, 258666.767, 132
Trd, 258667.300, 113
Trd, 258667.667, 113
Trd, 258667.783, 132
Trd, 258667.817, 111
Trd, 258668.017, 109
Trd, 258668.083, 77
Trd, 258668.133, 60
Trd, 258668.233, 88
Trd, 258668.417, 126
Trd, 258668.433, 109
Trd, 258668.467, 68
Trd, 258669.150, 132
Trd, 258669.333, 118
Trd, 258669.417, 109
Trd, 258669.550, 106
Trd, 258669.900, 121
Trd, 258670.233, 114
Trd, 258670.633, 106
Trd, 258670.983, 103
Trd, 258671.200, 103
Trd, 258671.250, 119
Trd, 258672.133, 119
Trd, 258672.250, 134
Trd, 258672.567, 118
Trd, 258672.850, 106
Trd, 258672.950, 108
Trd, 258673.017, 109
Trd, 258673.033, 105
Trd, 258673.183, 85
Trd, 258673.617, 140
Trd, 258673.650, 85
Trd, 258674.317, 125
Trd, 258674.867, 115
Trd, 258675.417, 124
Trd, 258675.983, 127
Trd, 258676.100, 115
Trd, 258676.633, 119
Trd, 258676.800, 130
Trd, 258676.983, 122
Trd, 258677.217, 112
Trd, 258677.550, 109
Trd, 258677.583, 109
Trd, 258677.633, 116
Trd, 258677.817, 120
Trd, 258678.300, 118
Trd, 258678.750, 117
Trd, 258678.983, 109
Trd, 258679.067, 109
Trd, 258679.117, 108
Trd, 258679.150, 104
Trd, 258679.500, 124
Trd, 258679.533, 110
Trd, 258679.683, 102
Trd, 258679.750, 100
Trd, 258679.883, 97
Trd, 258680.100, 94
Trd, 258680.767, 126
Trd, 258681.067, 98
Trd, 258681.433, 118
Trd, 258681.700, 120
Trd, 258681.750, 88
Trd, 258681.867, 124
Trd, 258681.983, 123
Trd, 258682.033, 122
Trd, 258682.250, 118
Trd, 258682.450, 129
Trd, 258682.600, 139
Trd, 258682.617, 125
Trd, 258683.333, 139
Trd, 258683.633, 134
Trd, 258683.683, 117
Trd, 258684.083, 112
Trd, 258684.500, 114
Trd, 258684.733, 118
Trd, 258685.350, 120
Trd, 258685.500, 115
Trd, 258685.567, 113
Trd, 258685.667, 130
Trd, 258685.683, 128
Trd, 258686.467, 126
Trd, 258686.667, 125
Trd, 258687.217, 124
Trd, 258687.300, 132
Trd, 258687.450, 112
Trd, 258687.500, 133
Trd, 258688.083, 110
Trd, 258688.433, 129
Trd, 258689.017, 129
Trd, 258689.033, 128
Trd, 258689.733, 126
Trd, 258690.617, 127
Trd, 258690.717, 125
Trd, 258691.000, 129
Trd, 258691.033, 124
Trd, 258691.083, 121
Trd, 258691.317, 119
Trd, 258691.450, 118
Trd, 258691.783, 113
Trd, 258691.917, 105
Trd, 258691.950, 131
Trd, 258692.650, 134
Trd, 258692.750, 128
Trd, 258693.300, 127
Trd, 258693.400, 120
Trd, 258693.800, 136
Trd, 258693.933, 132
Trd, 258694.100, 127
Trd, 258694.383, 134
Trd, 258694.883, 111
Trd, 258695.317, 112
Trd, 258695.367, 110
Trd, 258695.633, 115
Trd, 258696.017, 115
Trd, 258696.150, 110
Trd, 258696.783, 138
Trd, 258697.033, 137
Trd, 258697.050, 136
Trd, 258697.067, 129
Trd, 258697.083, 127
Trd, 258697.517, 126
Trd, 258697.650, 111
Trd, 258698.417, 111
Trd, 258698.433, 110
Trd, 258698.800, 126
Trd, 258698.883, 118
Trd, 258699.083, 113
Trd, 258699.250, 109
Trd, 258699.567, 99
Trd, 258699.617, 127
Trd, 258699.900, 131
Trd, 258699.967, 110
Trd, 258701.100, 120
Trd, 258701.333, 111
Trd, 258701.533, 97
Trd, 258702.300, 91
Trd, 258702.383, 86
Trd, 258702.550, 119
Trd, 258702.667, 116
Trd, 258702.933, 86
Trd, 258704.117, 136
Trd, 258704.333, 123
Trd, 258704.367, 111
Trd, 258704.667, 131
Trd, 258704.950, 130
Trd, 258705.550, 129
Trd, 258705.883, 123
Trd, 258705.933, 110
Trd, 258706.167, 136
Trd, 258706.683, 139
Trd, 258706.850, 135
Trd, 258707.133, 138
Trd, 258707.167, 124
Trd, 258707.400, 121
Trd, 258708.250, 130
Trd, 258708.550, 129
Trd, 258709.317, 131
Trd, 258709.417, 128
Trd, 258709.650, 123
Trd, 258709.733, 113
Trd, 258709.800, 112
Trd, 258709.867, 105
Trd, 258710.100, 111
Trd, 258710.933, 135
Trd, 258711.017, 109
Trd, 258711.100, 138
Trd, 258711.650, 134
Trd, 258711.700, 133
Trd, 258712.250, 134
Trd, 258712.300, 124
Trd, 258712.517, 121
Trd, 258712.983, 128
Trd, 258713.317, 132
Trd, 258713.917, 129
Trd, 258714.000, 119
Trd, 258714.333, 120
Trd, 258714.367, 115
Trd, 258714.517, 114
Trd, 258714.850, 97
Trd, 258715.050, 132
Trd, 258715.183, 92
Trd, 258715.250, 91
Trd, 258715.383, 90
Trd, 258715.500, 86
Trd, 258715.567, 116
Trd, 258715.850, 117
Trd, 258715.883, 120
Trd, 258716.100, 118
Trd, 258716.167, 136
Trd, 258717.350, 140
Trd, 258717.500, 140
Trd, 258717.717, 135
Trd, 258718.067, 133
Trd, 258718.100, 132
Trd, 258718.833, 133
Trd, 258719.900, 133
Trd, 258720.183, 133
Trd, 258720.283, 132
Trd, 258720.550, 126
Trd, 258720.583, 126
Trd, 258720.800, 122
Trd, 258720.817, 119
Trd, 258721.450, 124
Trd, 258721.483, 117
Trd, 258721.833, 138
Trd, 258722.383, 135
Trd, 258722.967, 140
Trd, 258723.183, 140
Trd, 258723.317, 139
Trd, 258723.667, 126
Trd, 258723.850, 125
Trd, 258724.300, 121
Trd, 258725.350, 114
Trd, 258725.750, 139
Trd, 258725.950, 138
Trd, 258726.533, 138
Trd, 258726.750, 123
Trd, 258727.100, 129
Trd, 258727.133, 124
Trd, 258727.550, 123
Trd, 258727.717, 123
Trd, 258728.100, 136
Trd, 258728.283, 129
Trd, 258728.367, 139
Trd, 258729.033, 125
Trd, 258729.233, 116
Trd, 258729.283, 107
Trd, 258729.367, 129
Trd, 258729.633, 107
Trd, 258729.900, 103
Trd, 258729.967, 101
Trd, 258730.050, 100
Trd, 258730.317, 99
Trd, 258730.367, 98
Trd, 258730.867, 131
Trd, 258730.983, 108
Trd, 258732.033, 138
Trd, 258733.450, 139
Trd, 258733.717, 138
Trd, 258733.800, 130
Trd, 258734.300, 127
Trd, 258734.333, 114
Trd, 258734.367, 110
Trd, 258734.383, 109
Trd, 258734.617, 105
Trd, 258734.650, 97
Trd, 258734.917, 112
Trd, 258735.117, 97
Trd, 258735.400, 134
Trd, 258735.483, 128
Trd, 258736.083, 120
Trd, 258736.500, 120
Trd, 258736.767, 117
Trd, 258736.900, 116
Trd, 258737.233, 109
Trd, 258737.283, 108
Trd, 258737.367, 112
Trd, 258737.433, 113
Trd, 258738.567, 140
Trd, 258738.583, 140
Trd, 258738.700, 134
Trd, 258738.900, 119
Trd, 258739.067, 115
Trd, 258739.633, 111
Trd, 258739.717, 109
Trd, 258739.867, 107
Trd, 258739.950, 89
Trd, 258740.550, 114
Trd, 258740.567, 103
Trd, 258741.133, 95
Trd, 258741.167, 96
Trd, 258741.250, 130
Trd, 258741.283, 86
Trd, 258741.950, 81
Trd, 258742.633, 128
Trd, 258742.733, 119
Trd, 258742.933, 132
Trd, 258743.250, 135
Trd, 258743.400, 125
Trd, 258743.633, 121
Trd, 258743.950, 113
Trd, 258744.100, 118
Trd, 258744.250, 124
Trd, 258745.067, 122
Trd, 258745.567, 109
Trd, 258745.683, 107
Trd, 258745.833, 107
Trd, 258745.967, 115
Trd, 258746.167, 124
Trd, 258746.250, 122
Trd, 258746.350, 121
Trd, 258746.383, 119
Trd, 258746.400, 109
Trd, 258746.883, 98
Trd, 258747.633, 119
Trd, 258748.300, 124
Trd, 258748.350, 114
Trd, 258748.467, 108
Trd, 258748.917, 127
Trd, 258749.333, 130
Trd, 258750.267, 140
Trd, 258750.650, 127
Trd, 258750.667, 115
Trd, 258751.200, 107
Trd, 258751.217, 106
Trd, 258751.267, 105
Trd, 258751.350, 103
Trd, 258751.467, 94
Trd, 258751.783, 105
Trd, 258752.183, 110
Trd, 258752.383, 112
Trd, 258752.667, 107
Trd, 258753.000, 139
Trd, 258753.183, 139
Trd, 258753.533, 117
Trd, 258753.883, 116
Trd, 258754.017, 124
Trd, 258754.250, 119
Trd, 258754.633, 135
Trd, 258754.700, 133
Trd, 258755.167, 128
Trd, 258755.217, 105
Trd, 258755.517, 116
Trd, 258755.933, 116
Trd, 258756.167, 92
Trd, 258756.400, 103
Trd, 258756.450, 87
Trd, 258756.933, 135
Trd, 258756.983, 109
Trd, 258757.033, 101
Trd, 258757.133, 98
Trd, 258757.200, 98
Trd, 258757.750, 108
Trd, 258757.850, 101
Trd, 258758.750, 115
Trd, 258758.850, 114
Trd, 258758.967, 110
Trd, 258759.250, 101
Trd, 258759.317, 101
Trd, 258759.700, 99
Trd, 258759.800, 110
Trd, 258759.900, 96
Trd, 258760.167, 113
Trd, 258760.517, 106
Trd, 258760.583, 105
Trd, 258760.700, 102
Trd, 258760.750, 139
Trd, 258760.933, 132
Trd, 258761.117, 126
Trd, 258761.750, 136
Trd, 258762.500, 137
Trd, 258762.667, 130
Trd, 258762.683, 128
Trd, 258762.750, 125
Trd, 258762.800, 115
Trd, 258763.150, 125
Trd, 258763.433, 113
Trd, 258763.567, 117
Trd, 258763.700, 108
Trd, 258764.017, 104
Trd, 258764.817, 122
Trd, 258764.917, 123
Trd, 258765.200, 140
Trd, 258765.683, 134
Trd, 258766.083, 120
Trd, 258766.300, 117
Trd, 258766.450, 109
Trd, 258766.583, 108
Trd, 258766.933, 106
Trd, 258766.983, 106
Trd, 258767.000, 104
Trd, 258767.267, 102
Trd, 258767.450, 106
Trd, 258767.517, 119
Trd, 258767.567, 101
Trd, 258768.450, 120
Trd, 258769.133, 137
Trd, 258769.550, 140
Trd, 258769.683, 114
Trd, 258769.800, 110
Trd, 258770.000, 126
Trd, 258770.150, 130
Trd, 258770.183, 115
Trd, 258771.267, 138
Trd, 258771.600, 130
Trd, 258772.050, 129
Trd, 258772.700, 129
Trd, 258772.717, 124
Trd, 258773.100, 122
Trd, 258773.217, 115
Trd, 258773.550, 130
Trd, 258773.750, 115
Trd, 258773.783, 114
Trd, 258774.567, 133
Trd, 258774.583, 134
Trd, 258774.767, 128
Trd, 258774.883, 126
Trd, 258775.583, 120
Trd, 258775.600, 118
Trd, 258775.633, 129
Trd, 258775.767, 121
Trd, 258775.783, 130
Trd, 258775.833, 109
Trd, 258775.950, 113
Trd, 258776.483, 137
Trd, 258776.650, 127
Trd, 258777.200, 132
Trd, 258777.450, 127
Trd, 258777.467, 126
Trd, 258777.550, 119
Trd, 258777.933, 129
Trd, 258777.950, 115
Trd, 258778.267, 112
Trd, 258778.817, 111
Trd, 258779.183, 130
Trd, 258779.700, 129
Trd, 258779.800, 125
Trd, 258779.867, 124
Trd, 258780.167, 118
Trd, 258780.217, 117
Trd, 258780.233, 131
Trd, 258780.483, 137
Trd, 258780.800, 124
Trd, 258780.900, 122
Trd, 258780.917, 119
Trd, 258781.317, 121
Trd, 258781.683, 118
Trd, 258782.050, 124
Trd, 258782.333, 129
Trd, 258783.283, 140
Trd, 258783.417, 120
Trd, 258783.500, 117
Trd, 258783.667, 113
Trd, 258784.283, 113
Trd, 258784.400, 102
Trd, 258784.433, 93
Trd, 258784.483, 102
Trd, 258784.867, 139
Trd, 258785.067, 123
Trd, 258785.783, 109
Trd, 258785.967, 113
Trd, 258786.550, 112
Trd, 258786.817, 111
Trd, 258787.300, 111
Trd, 258787.667, 108
Trd, 258787.883, 108
Trd, 258788.250, 119
Trd, 258788.617, 121
Trd, 258788.667, 120
Trd, 258788.750, 116
Trd, 258789.100, 126
Trd, 258789.167, 103
Trd, 258789.217, 134
Trd, 258789.317, 111
Trd, 258789.767, 118
Trd, 258790.317, 103
Trd, 258790.350, 102
Trd, 258790.383, 111
Trd, 258790.633, 98
Trd, 258791.733, 105
Trd, 258792.033, 129
Trd, 258792.183, 136
Trd, 258792.450, 135
Trd, 258792.667, 119
Trd, 258792.700, 112
Trd, 258793.300, 115
Trd, 258793.350, 110
Trd, 258793.700, 96
Trd, 258793.750, 96
Trd, 258793.767, 92
Trd, 258793.850, 92
Trd, 258794.317, 113
Trd, 258794.683, 107
Trd, 258794.917, 124
Trd, 258795.100, 110
Trd, 258795.767, 115
Trd, 258795.917, 114
Trd, 258795.933, 129
Trd, 258796.167, 113
Trd, 258796.267, 112
Trd, 258796.950, 123
Trd, 258797.100, 103
Trd, 258797.200, 102
Trd, 258797.250, 103
Trd, 258797.750, 125
Trd, 258797.883, 120
Trd, 258797.950, 110
Trd, 258799.283, 110
Trd, 258799.333, 108
Trd, 258799.517, 127
Trd, 258799.850, 122
Trd, 258799.967, 128
Trd, 258800.200, 116
Trd, 258800.333, 114
Trd, 258800.633, 124
Trd, 258800.667, 111
Trd, 258800.867, 112
Trd, 258800.983, 100
Trd, 258801.133, 116
Trd, 258801.233, 126
Trd, 258801.517, 114
Trd, 258801.983, 113
Trd, 258802.067, 115
Trd, 258802.967, 133
Trd, 258803.000, 125
Trd, 258803.050, 123
Trd, 258803.100, 127
Trd, 258803.117, 104
Trd, 258803.133, 103
Trd, 258803.267, 120
Trd, 258803.883, 108
Trd, 258804.617, 107
Trd, 258804.850, 119
Trd, 258804.933, 118
Trd, 258805.067, 114
Trd, 258805.183, 113
Trd, 258805.283, 135
Trd, 258805.633, 128
Trd, 258805.967, 116
Trd, 258806.217, 138
Trd, 258807.000, 121
Trd, 258807.083, 134
Trd, 258807.200, 114
Trd, 258807.233, 113
Trd, 258807.333, 106
Trd, 258807.683, 104
Trd, 258807.717, 128
Trd, 258808.167, 97
Trd, 258808.200, 135
Trd, 258808.633, 128
Trd, 258809.867, 118
Trd, 258810.183, 121
Trd, 258810.517, 114
Trd, 258810.817, 140
Trd, 258810.950, 121
Trd, 258811.267, 110
Trd, 258811.350, 108
Trd, 258812.017, 129
Trd, 258812.250, 124
Trd, 258812.483, 130
Trd, 258812.500, 122
Trd, 258812.583, 119
Trd, 258812.817, 118
Trd, 258812.967, 107
Trd, 258813.083, 117
Trd, 258813.267, 136
Trd, 258813.933, 103
Trd, 258813.983, 115
Trd, 258814.167, 116
Trd, 258815.433, 132
Trd, 258815.517, 131
Trd, 258815.650, 128
Trd, 258815.917, 132
Trd, 258815.950, 122
Trd, 258816.083, 133
Trd, 258816.683, 132
Trd, 258816.750, 124
Trd, 258817.633, 134
Trd, 258817.717, 104
Trd, 258818.033, 127
Trd, 258818.050, 122
Trd, 258818.067, 102
Trd, 258818.283, 96
Trd, 258818.317, 93
Trd, 258818.450, 92
Trd, 258818.483, 91
Trd, 258818.783, 112
Trd, 258819.000, 115
Trd, 258819.067, 111
Trd, 258819.300, 106
Trd, 258820.150, 135
Trd, 258820.217, 128
Trd, 258820.500, 113
Trd, 258821.217, 114
Trd, 258821.433, 116
Trd, 258821.800, 113
Trd, 258822.100, 116
Trd, 258822.117, 109
Trd, 258822.167, 120
Trd, 258822.483, 101
Trd, 258822.650, 112
Trd, 258822.917, 121
Trd, 258823.683, 112
Trd, 258823.750, 133
Trd, 258824.233, 114
Trd, 258824.300, 114
Trd, 258824.650, 116
Trd, 258824.750, 111
Trd, 258825.217, 112
Trd, 258825.450, 111
Trd, 258825.567, 119
Trd, 258825.783, 136
Trd, 258825.900, 136
Trd, 258825.917, 135
Trd, 258826.683, 131
Trd, 258826.883, 118
Trd, 258827.000, 117
Trd, 258827.767, 129
Trd, 258829.017, 130
Trd, 258829.683, 124
Trd, 258829.767, 121
Trd, 258829.933, 120
Trd, 258830.200, 117
Trd, 258830.267, 112
Trd, 258830.333, 123
Trd, 258830.650, 108
Trd, 258830.833, 107
Trd, 258831.350, 115
Trd, 258832.067, 116
Trd, 258832.533, 121
Trd, 258832.667, 120
Trd, 258832.700, 116
Trd, 258833.083, 114
Trd, 258833.417, 140
Trd, 258833.467, 124
Trd, 258833.967, 139
Trd, 258834.367, 125
Trd, 258834.583, 112
Trd, 258834.733, 110
Trd, 258834.750, 101
Trd, 258835.417, 118
Trd, 258836.117, 124
Trd, 258836.200, 123
Trd, 258836.267, 118
Trd, 258836.433, 115
Trd, 258836.500, 114
Trd, 258836.550, 130
Trd, 258836.917, 113
Trd, 258837.283, 122
Trd, 258837.450, 113
Trd, 258837.667, 110
Trd, 258837.750, 109
Trd, 258838.333, 138
Trd, 258838.400, 119
Trd, 258839.083, 121
Trd, 258839.533, 103
Trd, 258839.767, 102
Trd, 258839.950, 126
Trd, 258840.383, 129
Trd, 258840.600, 100
Trd, 258840.650, 91
Trd, 258840.683, 88
Trd, 258840.867, 83
Trd, 258841.000, 130
Trd, 258841.533, 120
Trd, 258841.733, 119
Trd, 258842.650, 117
Trd, 258842.967, 116
Trd, 258843.017, 116
Trd, 258844.283, 119
Trd, 258844.317, 118
Trd, 258844.333, 115
Trd, 258844.517, 109
Trd, 258844.733, 135
Trd, 258845.100, 136
Trd, 258845.267, 134
Trd, 258845.867, 134
Trd, 258846.200, 122
Trd, 258846.300, 133
Trd, 258846.733, 136
Trd, 258847.367, 134
Trd, 258847.400, 131
Trd, 258847.417, 120
Trd, 258847.433, 103
Trd, 258847.467, 102
Trd, 258847.717, 89
Trd, 258848.333, 138
Trd, 258848.517, 118
Trd, 258848.650, 140
Trd, 258848.783, 116
Trd, 258849.050, 126
Trd, 258849.217, 112
Trd, 258849.300, 111
Trd, 258850.050, 103
Trd, 258850.233, 97
Trd, 258850.317, 94
Trd, 258850.500, 134
Trd, 258850.550, 93
Trd, 258850.883, 139
Trd, 258850.983, 89
Trd, 258851.217, 131
Trd, 258851.417, 112
Trd, 258851.517, 120
Trd, 258852.167, 120
Trd, 258852.633, 105
Trd, 258852.950, 118
Trd, 258853.050, 139
Trd, 258853.183, 105
Trd, 258853.483, 128
Trd, 258853.800, 129
Trd, 258854.283, 135
Trd, 258854.517, 128
Trd, 258854.533, 126
Trd, 258854.667, 114
Trd, 258855.200, 138
Trd, 258855.583, 120
Trd, 258855.717, 137
Trd, 258855.850, 128
Trd, 258856.233, 114
Trd, 258856.617, 130
Trd, 258857.200, 137
Trd, 258857.267, 131
Trd, 258857.317, 112
Trd, 258857.533, 106
Trd, 258857.683, 102
Trd, 258858.333, 115
Trd, 258859.283, 117
Trd, 258859.550, 123
Trd, 258859.900, 123
Trd, 258860.167, 116
Trd, 258860.183, 102
Trd, 258860.383, 119
Trd, 258860.617, 102
Trd, 258861.183, 101
Trd, 258861.300, 101
Trd, 258861.733, 111
Trd, 258861.750, 111
Trd, 258861.883, 126
Trd, 258862.050, 97
Trd, 258862.183, 131
Trd, 258862.333, 123
Trd, 258862.700, 137
Trd, 258863.117, 137
Trd, 258863.267, 122
Trd, 258863.717, 124
Trd, 258864.050, 124
Trd, 258864.400, 137
Trd, 258864.583, 136
Trd, 258864.783, 128
Trd, 258865.083, 140
Trd, 258865.933, 134
Trd, 258866.250, 135
Trd, 258866.700, 137
Trd, 258866.733, 134
Trd, 258866.917, 133
Trd, 258867.217, 131
Trd, 258867.267, 126
Trd, 258867.717, 125
Trd, 258867.833, 127
Trd, 258867.867, 124
Trd, 258868.733, 133
Trd, 258868.967, 132
Trd, 258869.250, 113
Trd, 258869.583, 109
Trd, 258869.600, 131
Trd, 258869.717, 134
Trd, 258869.833, 102
Trd, 258870.117, 102
Trd, 258870.133, 96
Trd, 258870.400, 96
Trd, 258870.567, 119
Trd, 258870.917, 115
Trd, 258871.333, 107
Trd, 258871.483, 106
Trd, 258871.533, 105
Trd, 258871.667, 110
Trd, 258871.700, 107
Trd, 258872.000, 104
Trd, 258872.400, 116
Trd, 258872.550, 122
Trd, 258873.467, 140
Trd, 258873.567, 139
Trd, 258873.700, 134
Trd, 258873.883, 134
Trd, 258874.283, 123
Trd, 258874.383, 109
Trd, 258874.983, 97
Trd, 258875.017, 90
Trd, 258875.383, 137
Trd, 258876.100, 138
Trd, 258876.283, 126
Trd, 258876.450, 121
Trd, 258876.550, 125
Trd, 258876.867, 123
Trd, 258877.050, 115
Trd, 258877.267, 124
Trd, 258877.317, 110
Trd, 258877.750, 130
Trd, 258878.300, 127
Trd, 258878.450, 122
Trd, 258878.500, 110
Trd, 258878.817, 129
Trd, 258879.133, 120
Trd, 258879.200, 97
Trd, 258879.567, 134
Trd, 258880.133, 115
Trd, 258880.533, 112
Trd, 258880.850, 111
Trd, 258880.883, 89
Trd, 258881.183, 129
Trd, 258881.283, 114
Trd, 258881.367, 89
Trd, 258881.467, 118
Trd, 258881.867, 138
Trd, 258882.617, 136
Trd, 258883.167, 125
Trd, 258883.350, 102
Trd, 258883.717, 101
Trd, 258883.817, 103
Trd, 258883.950, 100
Trd, 258884.600, 136
Trd, 258884.617, 131
Trd, 258884.767, 118
Trd, 258884.983, 103
Trd, 258885.917, 135
Trd, 258885.967, 130
Trd, 258886.333, 126
Trd, 258886.533, 138
Trd, 258886.767, 139
Trd, 258886.967, 113
Trd, 258887.267, 115
Trd, 258887.333, 112
Trd, 258887.617, 122
Trd, 258887.933, 130
Trd, 258888.133, 133
Trd, 258888.150, 126
Trd, 258888.567, 119
Trd, 258888.600, 115
Trd, 258888.700, 125
Trd, 258889.200, 140
Trd, 258889.267, 109
Trd, 258889.767, 117
Trd, 258890.100, 117
Trd, 258890.183, 103
Trd, 258890.533, 99
Trd, 258890.567, 97
Trd, 258891.217, 103
Trd, 258891.300, 104
Trd, 258891.717, 111
Trd, 258892.333, 110
Trd, 258892.633, 110
Trd, 258892.683, 108
Trd, 258892.917, 99
Trd, 258892.967, 97
Trd, 258893.067, 96
Trd, 258893.117, 119
Trd, 258893.717, 114
Trd, 258893.950, 113
Trd, 258894.050, 108
Trd, 258894.650, 129
Trd, 258894.850, 134
Trd, 258894.933, 137
Trd, 258895.283, 115
Trd, 258895.567, 138
Trd, 258895.617, 129
Trd, 258895.850, 121
Trd, 258896.033, 120
Trd, 258896.417, 118
Trd, 258896.917, 134
Trd, 258897.050, 128
Trd, 258897.150, 98
Trd, 258897.233, 137
Trd, 258897.400, 95
Trd, 258897.450, 94
Trd, 258897.550, 122
Trd, 258897.633, 88
Trd, 258897.983, 128
Trd, 258898.433, 113
Trd, 258898.467, 114
Trd, 258898.567, 96
Trd, 258899.783, 100
Trd, 258900.000, 96
Trd, 258900.017, 102
Trd, 258900.283, 123
Trd, 258900.983, 138
Trd, 258901.167, 135
Trd, 258901.217, 123
Trd, 258902.383, 133
Trd, 258902.533, 133
Trd, 258902.567, 128
Trd, 258902.783, 133
Trd, 258902.800, 124
Trd, 258903.150, 120
Trd, 258903.367, 120
Trd, 258903.383, 118
Trd, 258903.800, 134
Trd, 258904.250, 135
Trd, 258904.333, 133
Trd, 258904.500, 120
Trd, 258904.750, 119
Trd, 258904.800, 119
Trd, 258904.950, 114
Trd, 258905.033, 113
Trd, 258905.233, 112
Trd, 258905.783, 124
Trd, 258906.767, 111
Trd, 258906.900, 112
Trd, 258907.217, 107
Trd, 258907.567, 127
Trd, 258908.000, 112
Trd, 258908.050, 120
Trd, 258908.567, 107
Trd, 258908.833, 107
Trd, 258908.983, 113
Trd, 258909.217, 106
Trd, 258909.333, 95
Trd, 258909.567, 118
Trd, 258909.717, 123
Trd, 258909.800, 99
Trd, 258910.167, 98
Trd, 258910.200, 96
Trd, 258910.333, 113
Trd, 258910.350, 92
Trd, 258910.517, 125
Trd, 258911.933, 137
Trd, 258911.967, 136
Trd, 258912.217, 137
Trd, 258912.383, 133
Trd, 258912.533, 129
Trd, 258912.733, 123
Trd, 258912.817, 115
Trd, 258912.950, 123
Trd, 258913.050, 113
Trd, 258913.367, 130
Trd, 258914.633, 124
Trd, 258914.650, 119
Trd, 258915.017, 120
Trd, 258915.367, 113
Trd, 258915.633, 112
Trd, 258916.300, 133
Trd, 258916.667, 120
Trd, 258916.717, 119
Trd, 258916.817, 117
Trd, 258916.833, 116
Trd, 258917.017, 111
Trd, 258917.583, 117
Trd, 258917.700, 116
Trd, 258917.750, 127
Trd, 258917.883, 104
Trd, 258918.317, 119
Trd, 258918.750, 119
Trd, 258919.050, 137
Trd, 258919.550, 123
Trd, 258919.833, 119
Trd, 258919.967, 118
Trd, 258920.150, 135
Trd, 258920.183, 111
Trd, 258920.433, 118
Trd, 258920.767, 114
Trd, 258920.950, 100
Trd, 258921.417, 127
Trd, 258921.917, 101
Trd, 258922.233, 110
Trd, 258922.367, 96
Trd, 258922.517, 92
Trd, 258922.550, 89
Trd, 258922.833, 92
Trd, 258923.300, 121
Trd, 258923.733, 111
Trd, 258923.950, 110
Trd, 258923.967, 116
Trd, 258924.333, 134
Trd, 258924.350, 116
Trd, 258924.450, 119
Trd, 258924.733, 116
Trd, 258925.233, 123
Trd, 258926.167, 140
Trd, 258926.267, 140
Trd, 258926.883, 136
Trd, 258926.900, 134
Trd, 258926.950, 131
Trd, 258927.233, 114
Trd, 258927.250, 107
Trd, 258927.283, 107
Trd, 258927.417, 120
Trd, 258927.950, 105
Trd, 258928.050, 103
Trd, 258928.467, 135
Trd, 258928.533, 121
Trd, 258929.050, 139
Trd, 258929.167, 136
Trd, 258930.117, 128
Trd, 258930.217, 132
Trd, 258930.233, 120
Trd, 258930.683, 129
Trd, 258930.933, 119
Trd, 258931.400, 111
Trd, 258931.433, 103
Trd, 258932.583, 120
Trd, 258932.683, 116
Trd, 258932.700, 96
Trd, 258932.717, 94
Trd, 258933.500, 129
Trd, 258933.633, 119
Trd, 258934.217, 113
Trd, 258934.333, 112
Trd, 258934.383, 115
Trd, 258934.483, 117
Trd, 258935.150, 138
Trd, 258936.033, 115
Trd, 258936.367, 115
Trd, 258936.717, 126
Trd, 258937.633, 137
Trd, 258937.717, 134
Trd, 258938.117, 133
Trd, 258938.200, 132
Trd, 258938.733, 115
Trd, 258939.050, 135
Trd, 258939.400, 131
Trd, 258939.500, 128
Trd, 258939.850, 136
Trd, 258939.967, 131
Trd, 258940.117, 123
Trd, 258940.333, 115
Trd, 258940.517, 123
Trd, 258940.567, 122
Trd, 258940.750, 113
Trd, 258940.950, 112
Trd, 258941.283, 138
Trd, 258942.100, 137
Trd, 258942.183, 136
Trd, 258942.250, 120
Trd, 258943.033, 125
Trd, 258943.267, 137
Trd, 258943.750, 130
Trd, 258944.050, 131
Trd, 258944.450, 127
Trd, 258945.133, 127
Trd, 258945.367, 122
Trd, 258945.567, 126
Trd, 258945.650, 128
Trd, 258946.017, 124
Trd, 258946.183, 116
Trd, 258946.433, 125
Trd, 258946.650, 109
Trd, 258947.283, 130
Trd, 258947.617, 127
Trd, 258947.883, 125
Trd, 258948.167, 134
Trd, 258948.217, 133
Trd, 258948.233, 128
Trd, 258948.350, 127
Trd, 258948.633, 118
Trd, 258948.867, 116
Trd, 258949.100, 111
Trd, 258949.433, 102
Trd, 258949.500, 99
Trd, 258949.517, 114
Trd, 258949.850, 98
Trd, 258949.967, 97
Trd, 258950.067, 109
Trd, 258950.217, 110
Trd, 258950.367, 100
Trd, 258950.433, 93
Trd, 258950.450, 89
Trd, 258950.783, 98
Trd, 258950.833, 90
Trd, 258950.900, 119
Trd, 258951.533, 74
Trd, 258951.650, 96
Trd, 258951.967, 81
Trd, 258952.233, 113
Trd, 258952.283, 81
Trd, 258952.467, 93
Trd, 258953.167, 137
Trd, 258953.567, 116
Trd, 258953.817, 139
Trd, 258955.533, 119
Trd, 258955.583, 122
Trd, 258955.617, 115
Trd, 258955.817, 123
Trd, 258956.033, 114
Trd, 258956.133, 111
Trd, 258956.517, 139
Trd, 258956.700, 138
Trd, 258957.283, 111
Trd, 258957.567, 106
Trd, 258957.667, 134
Trd, 258958.617, 126
Trd, 258959.183, 117
Trd, 258959.367, 124
Trd, 258959.383, 121
Trd, 258959.967, 113
Trd, 258960.100, 112
Trd, 258960.767, 113
Trd, 258960.867, 124
Trd, 258961.100, 108
Trd, 258961.133, 106
Trd, 258961.200, 105
Trd, 258961.683, 104
Trd, 258962.267, 108
Trd, 258962.350, 105
Trd, 258962.400, 120
Trd, 258962.733, 107
Trd, 258963.200, 102
Trd, 258963.233, 101
Trd, 258963.433, 138
Trd, 258963.867, 126
Trd, 258964.300, 111
Trd, 258964.533, 114
Trd, 258964.683, 107
Trd, 258964.883, 105
Trd, 258965.317, 132
Trd, 258965.483, 138
Trd, 258965.500, 102
Trd, 258965.533, 99
Trd, 258965.600, 98
Trd, 258966.383, 112
Trd, 258966.433, 126
Trd, 258966.450, 96
Trd, 258966.667, 114
Trd, 258967.367, 116
Trd, 258967.383, 104
Trd, 258967.467, 103
Trd, 258967.650, 112
Trd, 258968.217, 118
Trd, 258968.467, 103
Trd, 258969.200, 120
Trd, 258969.383, 98
Trd, 258969.667, 125
Trd, 258969.917, 99
Trd, 258970.200, 128
Trd, 258970.500, 131
Trd, 258970.883, 124
Trd, 258971.050, 139
Trd, 258971.083, 123
Trd, 258971.100, 114
Trd, 258971.250, 115
Trd, 258971.983, 120
Trd, 258972.033, 121
Trd, 258972.717, 116
Trd, 258972.983, 123
Trd, 258973.250, 110
Trd, 258974.100, 110
Trd, 258974.950, 107
Trd, 258975.067, 106
Trd, 258975.133, 105
Trd, 258975.167, 126
Trd, 258975.333, 102
Trd, 258975.500, 96
Trd, 258975.700, 98
Trd, 258975.833, 98
Trd, 258976.133, 115
Trd, 258976.250, 113
Trd, 258976.433, 112
Trd, 258977.133, 138
Trd, 258977.183, 123
Trd, 258977.483, 121
Trd, 258977.567, 126
Trd, 258977.717, 119
Trd, 258977.917, 137
Trd, 258978.333, 117
Trd, 258978.350, 112
Trd, 258978.467, 139
Trd, 258978.867, 131
Trd, 258978.883, 126
Trd, 258978.900, 114
Trd, 258979.100, 109
Trd, 258979.950, 127
Trd, 258979.967, 126
Trd, 258980.300, 124
Trd, 258980.333, 126
Trd, 258980.350, 109
Trd, 258980.600, 131
Trd, 258981.450, 116
Trd, 258981.750, 113
Trd, 258981.867, 112
Trd, 258981.950, 121
Trd, 258981.983, 101
Trd, 258982.283, 131
Trd, 258982.350, 123
Trd, 258982.433, 115
Trd, 258982.517, 90
Trd, 258983.083, 137
Trd, 258983.183, 134
Trd, 258983.500, 131
Trd, 258983.617, 130
Trd, 258983.950, 125
Trd, 258984.200, 139
Trd, 258984.450, 135
Trd, 258984.950, 118
Trd, 258985.450, 130
Trd, 258985.683, 134
Trd, 258985.800, 135
Trd, 258985.917, 117
Trd, 258986.000, 113
Trd, 258986.183, 112
Trd, 258986.433, 114
Trd, 258986.533, 99
Trd, 258986.833, 103
Trd, 258987.100, 101
Trd, 258987.183, 89
Trd, 258987.217, 84
Trd, 258987.417, 104
Trd, 258987.517, 102
Trd, 258987.900, 132
Trd, 258988.600, 96
Trd, 258989.067, 97
Trd, 258989.983, 126
Trd, 258990.400, 124
Trd, 258990.633, 127
Trd, 258990.667, 123
Trd, 258991.400, 136
Trd, 258991.633, 124
Trd, 258991.650, 123
Trd, 258991.783, 122
Trd, 258992.050, 117
Trd, 258992.133, 112
Trd, 258992.583, 123
Trd, 258992.633, 125
Trd, 258992.750, 116
Trd, 258992.767, 110
Trd, 258993.167, 119
Trd, 258993.500, 123
Trd, 258993.700, 111
Trd, 258994.033, 108
Trd, 258994.283, 107
Trd, 258994.317, 105
Trd, 258994.333, 124
Trd, 258995.367, 133
Trd, 258995.533, 131
Trd, 258996.050, 132
Trd, 258996.117, 130
Trd, 258996.450, 131
Trd, 258996.667, 115
Trd, 258996.783, 114
Trd, 258996.967, 112
Trd, 258997.017, 111
Trd, 258997.383, 139
Trd, 258997.467, 124
Trd, 258998.133, 140
Trd, 258998.467, 139
Trd, 258998.500, 138
Trd, 258998.783, 135
Trd, 258998.833, 130
Trd, 258998.983, 119
Trd, 258999.133, 133
Trd, 258999.217, 110
Trd, 258999.300, 103
Trd, 258999.367, 109
Trd, 259000.100, 103
Trd, 259000.650, 100
Trd, 259001.017, 110
Trd, 259001.183, 112
Trd, 259002.250, 131
Trd, 259002.550, 124
Trd, 259002.600, 124
Trd, 259002.783, 129
Trd, 259002.817, 119
Trd, 259003.333, 107
Trd, 259004.383, 140
Trd, 259004.400, 140
Trd, 259004.567, 133
Trd, 259004.967, 121
Trd, 259005.033, 114
Trd, 259005.333, 95
Trd, 259005.767, 105
Trd, 259006.000, 104
Trd, 259006.317, 125
Trd, 259006.867, 120
Trd, 259006.967, 119
Trd, 259007.450, 131
Trd, 259007.933, 139
Trd, 259008.233, 125
Trd, 259008.467, 120
Trd, 259008.817, 119
Trd, 259009.500, 124
Trd, 259009.633, 124
Trd, 259009.800, 127
Trd, 259010.100, 116
Trd, 259010.167, 129
Trd, 259010.183, 115
Trd, 259010.800, 107
Trd, 259011.900, 108
Trd, 259012.417, 107
Trd, 259012.600, 119
Trd, 259012.633, 103
Trd, 259012.700, 120
Trd, 259012.917, 132
Trd, 259013.333, 134
Trd, 259013.417, 133
Trd, 259013.467, 131
Trd, 259013.550, 127
Trd, 259013.583, 114
Trd, 259013.783, 114
Trd, 259014.383, 113
Trd, 259014.800, 112
Trd, 259015.267, 114
Trd, 259015.317, 112
Trd, 259015.383, 124
Trd, 259015.767, 133
Trd, 259015.817, 117
Trd, 259015.850, 113
Trd, 259016.200, 99
Trd, 259016.600, 133
Trd, 259016.667, 113
Trd, 259017.267, 112
Trd, 259017.450, 120
Trd, 259018.167, 113
Trd, 259018.383, 110
Trd, 259018.667, 105
Trd, 259018.683, 106
Trd, 259018.767, 100
Trd, 259018.867, 101
Trd, 259019.283, 100
Trd, 259019.333, 99
Trd, 259019.933, 96
Trd, 259019.950, 111
Trd, 259020.183, 92
Trd, 259020.383, 108
Trd, 259020.400, 107
Trd, 259020.433, 92
Trd, 259020.650, 94
Trd, 259020.700, 111
Trd, 259020.783, 117
Trd, 259021.500, 118
Trd, 259021.800, 116
Trd, 259022.083, 118
Trd, 259022.250, 102
Trd, 259022.683, 94
Trd, 259022.817, 93
Trd, 259022.933, 111
Trd, 259023.083, 90
Trd, 259023.100, 117
Trd, 259023.650, 138
Trd, 259023.750, 135
Trd, 259024.733, 121
Trd, 259025.167, 131
Trd, 259025.250, 121
Trd, 259025.583, 120
Trd, 259025.650, 113
Trd, 259025.750, 107
Trd, 259026.200, 130
Trd, 259026.800, 131
Trd, 259027.150, 122
Trd, 259027.433, 119
Trd, 259027.767, 140
Trd, 259027.817, 118
Trd, 259028.117, 107
Trd, 259028.450, 116
Trd, 259028.483, 125
Trd, 259028.517, 102
Trd, 259028.767, 103
Trd, 259029.367, 113
Trd, 259029.633, 98
Trd, 259029.933, 139
Trd, 259030.217, 97
Trd, 259030.250, 106
Trd, 259030.433, 115
Trd, 259030.533, 103
Trd, 259030.667, 93
Trd, 259031.117, 134
Trd, 259031.517, 107
Trd, 259031.750, 107
Trd, 259031.833, 106
Trd, 259032.333, 97
Trd, 259032.567, 87
Trd, 259032.683, 94
Trd, 259033.000, 81
Trd, 259033.233, 125
Trd, 259033.433, 106
Trd, 259033.633, 125
Trd, 259033.733, 106
Trd, 259034.217, 140
Trd, 259034.383, 140
Trd, 259034.517, 134
Trd, 259034.650, 124
Trd, 259034.950, 120
Trd, 259035.000, 117
Trd, 259035.117, 124
Trd, 259035.883, 118
Trd, 259035.917, 118
Trd, 259036.067, 127
Trd, 259036.200, 110
Trd, 259036.450, 125
Trd, 259036.583, 113
Trd, 259037.250, 115
Trd, 259037.517, 112
Trd, 259037.567, 116
Trd, 259038.383, 108
Trd, 259038.767, 113
Trd, 259038.983, 114
Trd, 259039.183, 130
Trd, 259039.400, 112
Trd, 259039.600, 124
Trd, 259039.850, 138
Trd, 259039.883, 101
Trd, 259040.117, 94
Trd, 259040.350, 89
Trd, 259040.417, 125
Trd, 259041.450, 116
Trd, 259041.667, 123
Trd, 259041.817, 108
Trd, 259042.150, 121
Trd, 259042.383, 119
Trd, 259043.000, 118
Trd, 259043.117, 117
Trd, 259043.233, 115
Trd, 259043.533, 138
Trd, 259043.633, 111
Trd, 259044.033, 97
Trd, 259044.467, 98
Trd, 259044.483, 107
Trd, 259045.067, 116
Trd, 259045.183, 119
Trd, 259045.283, 118
Trd, 259045.333, 117
Trd, 259045.467, 117
Trd, 259045.483, 116
Trd, 259046.067, 134
Trd, 259046.833, 131
Trd, 259046.867, 135
Trd, 259046.917, 130
Trd, 259047.133, 106
Trd, 259047.167, 109
Trd, 259047.267, 97
Trd, 259047.950, 132
Trd, 259048.067, 118
Trd, 259048.417, 112
Trd, 259049.067, 127
Trd, 259049.133, 119
Trd, 259049.583, 116
Trd, 259049.600, 108
Trd, 259049.617, 108
Trd, 259050.250, 132
Trd, 259051.750, 116
Trd, 259051.767, 116
Trd, 259051.867, 115
Trd, 259052.067, 120
Trd, 259052.400, 129
Trd, 259052.900, 122
Trd, 259053.450, 126
Trd, 259053.933, 135
Trd, 259053.983, 130
Trd, 259054.117, 130
Trd, 259054.200, 125
Trd, 259054.233, 117
Trd, 259054.600, 137
Trd, 259054.867, 116
Trd, 259056.267, 126
Trd, 259056.433, 131
Trd, 259057.033, 120
Trd, 259057.500, 121
Trd, 259057.650, 119
Trd, 259057.683, 123
Trd, 259057.733, 118
Trd, 259057.833, 114
Trd, 259058.100, 105
Trd, 259058.400, 112
Trd, 259058.650, 93
Trd, 259059.083, 123
Trd, 259059.133, 116
Trd, 259059.267, 126
Trd, 259059.550, 122
Trd, 259059.850, 108
Trd, 259060.017, 103
Trd, 259060.100, 125
Trd, 259060.250, 100
Trd, 259060.667, 133
Trd, 259060.750, 130
Trd, 259061.583, 120
Trd, 259061.717, 119
Trd, 259061.800, 109
Trd, 259061.883, 123
Trd, 259062.567, 121
Trd, 259062.583, 109
Trd, 259062.800, 107
Trd, 259062.817, 105
Trd, 259062.850, 138
Trd, 259063.067, 101
Trd, 259063.117, 115
Trd, 259063.800, 136
Trd, 259063.850, 126
Trd, 259063.983, 107
Trd, 259064.100, 138
Trd, 259064.467, 105
Trd, 259064.600, 120
Trd, 259065.300, 94
Trd, 259066.233, 91
Trd, 259066.317, 103
Trd, 259066.367, 95
Trd, 259066.533, 120
Trd, 259066.967, 105
Trd, 259067.650, 137
Trd, 259068.317, 116
Trd, 259068.783, 124
Trd, 259068.850, 117
Trd, 259069.183, 131
Trd, 259069.783, 131
Trd, 259069.917, 130
Trd, 259070.033, 124
Trd, 259070.433, 125
Trd, 259070.517, 135
Trd, 259070.717, 140
Trd, 259070.950, 129
Trd, 259071.133, 115
Trd, 259071.367, 124
Trd, 259071.650, 115
Trd, 259072.050, 140
Trd, 259072.317, 136
Trd, 259072.517, 135
Trd, 259072.867, 137
Trd, 259073.167, 126
Trd, 259073.250, 134
Trd, 259073.300, 126
Trd, 259073.617, 122
Trd, 259073.717, 121
Trd, 259074.267, 118
Trd, 259074.317, 105
Trd, 259074.450, 128
Trd, 259074.733, 120
Trd, 259075.217, 103
Trd, 259075.433, 96
Trd, 259076.250, 131
Trd, 259076.267, 121
Trd, 259076.517, 131
Trd, 259077.533, 135
Trd, 259077.917, 133
Trd, 259077.967, 133
Trd, 259078.283, 128
Trd, 259078.483, 121
Trd, 259078.667, 119
Trd, 259078.767, 115
Trd, 259078.950, 114
Trd, 259078.967, 108
Trd, 259079.167, 105
Trd, 259079.183, 104
Trd, 259079.317, 128
Trd, 259079.400, 104
Trd, 259079.933, 135
Trd, 259080.117, 138
Trd, 259080.317, 123
Trd, 259080.333, 93
Trd, 259080.800, 101
Trd, 259081.017, 114
Trd, 259081.033, 115
Trd, 259081.667, 87
Trd, 259082.100, 99
Trd, 259082.283, 113
Trd, 259082.400, 85
Trd, 259082.433, 83
Trd, 259082.600, 101
Trd, 259082.950, 98
Trd, 259083.333, 100
Trd, 259083.667, 106
Trd, 259083.817, 103
Trd, 259084.183, 110
Trd, 259084.200, 109
Trd, 259084.483, 114
Trd, 259084.717, 104
Trd, 259084.933, 102
Trd, 259085.533, 117
Trd, 259086.200, 129
Trd, 259086.467, 108
Trd, 259086.533, 107
Trd, 259087.083, 102
Trd, 259087.167, 100
Trd, 259087.283, 105
Trd, 259087.417, 110
Trd, 259087.467, 117
Trd, 259088.050, 140
Trd, 259088.250, 127
Trd, 259088.300, 123
Trd, 259089.000, 122
Trd, 259089.550, 121
Trd, 259089.700, 118
Trd, 259089.950, 135
Trd, 259090.400, 133
Trd, 259090.717, 130
Trd, 259090.733, 125
Trd, 259091.167, 118
Trd, 259091.617, 113
Trd, 259091.633, 118
Trd, 259091.933, 121
Trd, 259092.100, 112
Trd, 259092.467, 111
Trd, 259092.633, 103
Trd, 259092.683, 105
Trd, 259092.967, 126
Trd, 259093.183, 124
Trd, 259093.200, 109
Trd, 259093.283, 134
Trd, 259093.533, 132
Trd, 259093.767, 130
Trd, 259094.600, 128
Trd, 259094.767, 125
Trd, 259094.950, 124
Trd, 259095.317, 123
Trd, 259095.350, 117
Trd, 259095.550, 129
Trd, 259095.867, 117
Trd, 259096.033, 118
Trd, 259096.433, 129
Trd, 259096.500, 131
Trd, 259096.850, 124
Trd, 259097.033, 140
Trd, 259097.117, 116
Trd, 259097.283, 104
Trd, 259097.500, 128
Trd, 259097.867, 114
Trd, 259098.300, 117
Trd, 259098.400, 112
Trd, 259098.650, 123
Trd, 259098.700, 111
Trd, 259099.083, 99
Trd, 259099.567, 113
Trd, 259099.933, 134
Trd, 259100.517, 113
Trd, 259100.567, 113
Trd, 259100.650, 138
Trd, 259101.333, 121
Trd, 259101.733, 121
Trd, 259101.833, 118
Trd, 259101.867, 112
Trd, 259101.900, 103
Trd, 259102.583, 122
Trd, 259102.600, 103
Trd, 259102.850, 97
Trd, 259102.950, 94
Trd, 259103.400, 92
Trd, 259103.550, 112
Trd, 259103.867, 80
Trd, 259103.883, 136
Trd, 259104.450, 127
Trd, 259104.550, 125
Trd, 259104.567, 120
Trd, 259104.583, 79
Trd, 259104.800, 105
Trd, 259105.167, 80
Trd, 259105.517, 84
Trd, 259105.950, 119
Trd, 259106.133, 111
Trd, 259106.167, 121
Trd, 259106.250, 84
Trd, 259106.417, 87
Trd, 259106.483, 83
Trd, 259106.883, 80
Trd, 259106.983, 97
Trd, 259107.650, 99
Trd, 259107.767, 86
Trd, 259108.967, 130
Trd, 259109.250, 135
Trd, 259109.483, 128
Trd, 259109.533, 123
Trd, 259109.633, 140
Trd, 259109.683, 122
Trd, 259110.283, 139
Trd, 259110.367, 135
Trd, 259111.183, 137
Trd, 259111.200, 134
Trd, 259111.617, 121
Trd, 259111.983, 119
Trd, 259112.000, 114
Trd, 259112.600, 135
Trd, 259112.650, 110
Trd, 259112.817, 123
Trd, 259112.900, 109
Trd, 259113.133, 139
Trd, 259113.483, 108
Trd, 259114.050, 135
Trd, 259114.250, 114
Trd, 259114.267, 108
Trd, 259114.550, 99
Trd, 259114.917, 138
Trd, 259115.450, 133
Trd, 259115.700, 128
Trd, 259115.983, 135
Trd, 259116.350, 130
Trd, 259116.450, 121
Trd, 259116.583, 121
Trd, 259116.750, 121
Trd, 259117.133, 108
Trd, 259117.533, 111
Trd, 259117.650, 139
Trd, 259117.700, 136
Trd, 259118.267, 138
Trd, 259118.500, 135
Trd, 259118.550, 135
Trd, 259119.267, 117
Trd, 259119.417, 112
Trd, 259119.467, 111
Trd, 259119.517, 109
Trd, 259119.783, 138
Trd, 259120.550, 113
Trd, 259120.733, 118
Trd, 259120.750, 119
Trd, 259120.833, 120
Trd, 259121.050, 113
Trd, 259121.083, 114
Trd, 259121.167, 112
Trd, 259121.283, 129
Trd, 259121.633, 111
Trd, 259121.883, 132
Trd, 259122.117, 136
Trd, 259122.233, 135
Trd, 259122.583, 140
Trd, 259122.633, 92
Trd, 259122.783, 92
Trd, 259123.483, 117
Trd, 259123.983, 124
Trd, 259124.500, 136
Trd, 259124.733, 123
Trd, 259125.083, 128
Trd, 259125.333, 122
Trd, 259125.400, 110
Trd, 259125.417, 107
Trd, 259125.750, 107
Trd, 259126.133, 134
Trd, 259126.217, 115
Trd, 259126.383, 107
Trd, 259126.650, 138
Trd, 259127.033, 113
Trd, 259127.217, 110
Trd, 259127.267, 107
Trd, 259127.367, 116
Trd, 259127.717, 111
Trd, 259127.917, 101
Trd, 259127.967, 98
Trd, 259128.433, 123
Trd, 259128.600, 140
Trd, 259128.733, 140
Trd, 259128.933, 120
Trd, 259129.467, 115
Trd, 259129.800, 128
Trd, 259129.833, 127
Trd, 259130.067, 116
Trd, 259130.833, 115
Trd, 259131.433, 120
Trd, 259131.467, 126
Trd, 259131.500, 118
Trd, 259131.550, 114
Trd, 259131.767, 112
Trd, 259131.783, 127
Trd, 259131.817, 111
Trd, 259131.950, 130
Trd, 259133.083, 139
Trd, 259133.533, 139
Trd, 259133.767, 139
Trd, 259133.817, 129
Trd, 259134.117, 123
Trd, 259134.233, 117
Trd, 259134.333, 122
Trd, 259134.383, 131
Trd, 259134.717, 139
Trd, 259135.017, 130
Trd, 259135.033, 140
Trd, 259135.200, 128
Trd, 259135.800, 123
Trd, 259135.833, 124
Trd, 259136.117, 122
Trd, 259136.150, 120
Trd, 259136.217, 119
Trd, 259136.350, 106
Trd, 259137.383, 140
Trd, 259137.400, 119
Trd, 259137.567, 114
Trd, 259137.850, 98
Trd, 259137.967, 96
Trd, 259138.717, 117
Trd, 259138.917, 116
Trd, 259138.950, 118
Trd, 259139.050, 114
Trd, 259140.117, 132
Trd, 259140.200, 128
Trd, 259140.233, 119
Trd, 259140.417, 124
Trd, 259141.017, 134
Trd, 259141.083, 120
Trd, 259141.183, 114
Trd, 259141.617, 120
Trd, 259141.983, 119
Trd, 259142.233, 116
Trd, 259142.267, 115
Trd, 259142.600, 106
Trd, 259142.850, 126
Trd, 259143.000, 134
Trd, 259143.083, 129
Trd, 259143.317, 129
Trd, 259143.417, 128
Trd, 259143.483, 103
Trd, 259144.717, 140
Trd, 259144.783, 115
Trd, 259145.317, 118
Trd, 259145.450, 112
Trd, 259145.533, 125
Trd, 259145.583, 102
Trd, 259145.817, 132
Trd, 259145.967, 102
Trd, 259146.033, 90
Trd, 259146.767, 136
Trd, 259147.183, 100
Trd, 259147.667, 98
Trd, 259148.350, 128
Trd, 259148.367, 122
Trd, 259148.400, 118
Trd, 259148.450, 112
Trd, 259148.783, 135
Trd, 259149.200, 120
Trd, 259149.217, 119
Trd, 259149.467, 118
Trd, 259150.383, 117
Trd, 259150.633, 118
Trd, 259150.867, 104
Trd, 259151.233, 119
Trd, 259151.267, 102
Trd, 259151.317, 101
Trd, 259151.600, 120
Trd, 259151.883, 119
Trd, 259152.000, 106
Trd, 259152.050, 123
Trd, 259152.350, 109
Trd, 259152.933, 101
Trd, 259153.067, 98
Trd, 259153.933, 133
Trd, 259154.033, 122
Trd, 259154.150, 121
Trd, 259154.683, 122
Trd, 259154.733, 121
Trd, 259154.900, 115
Trd, 259155.017, 114
Trd, 259155.150, 136
Trd, 259155.317, 129
Trd, 259155.967, 106
Trd, 259156.467, 98
Trd, 259156.700, 136
Trd, 259156.817, 130
Trd, 259157.117, 117
Trd, 259157.183, 88
Trd, 259157.450, 82
Trd, 259157.867, 95
Trd, 259158.700, 139
Trd, 259158.833, 138
Trd, 259159.250, 133
Trd, 259159.283, 132
Trd, 259159.300, 128
Trd, 259159.600, 126
Trd, 259159.683, 132
Trd, 259160.483, 134
Trd, 259160.667, 129
Trd, 259160.800, 126
Trd, 259161.400, 126
Trd, 259161.833, 125
Trd, 259161.917, 130
Trd, 259162.767, 126
Trd, 259162.833, 116
Trd, 259162.900, 115
Trd, 259163.017, 135
Trd, 259163.333, 123
Trd, 259163.683, 104
Trd, 259163.717, 101
Trd, 259163.867, 101
Trd, 259163.950, 83
Trd, 259164.533, 125
Trd, 259164.650, 114
Trd, 259164.800, 121
Trd, 259164.850, 110
Trd, 259165.417, 139
Trd, 259165.483, 125
Trd, 259165.517, 110
Trd, 259165.867, 125
Trd, 259166.450, 109
Trd, 259166.467, 114
Trd, 259167.100, 117
Trd, 259167.517, 124
Trd, 259167.567, 116
Trd, 259167.683, 123
Trd, 259167.783, 115
Trd, 259167.933, 112
Trd, 259168.067, 126
Trd, 259168.283, 122
Trd, 259168.500, 115
Trd, 259169.500, 140
Trd, 259169.717, 124
Trd, 259169.867, 136
Trd, 259170.217, 138
Trd, 259170.317, 140
Trd, 259170.367, 137
Trd, 259170.450, 124
Trd, 259170.583, 138
Trd, 259170.967, 122
Trd, 259171.350, 134
Trd, 259172.450, 113
Trd, 259172.517, 112
Trd, 259172.700, 109
Trd, 259172.950, 135
Trd, 259172.967, 122
Trd, 259173.133, 138
Trd, 259173.850, 109
Trd, 259174.350, 132
Trd, 259174.400, 129
Trd, 259175.733, 140
Trd, 259175.817, 137
Trd, 259176.250, 134
Trd, 259176.417, 134
Trd, 259176.500, 132
Trd, 259176.833, 139
Trd, 259177.533, 128
Trd, 259177.583, 118
Trd, 259178.067, 127
Trd, 259178.400, 121
Trd, 259178.983, 122
Trd, 259179.200, 132
Trd, 259179.233, 115
Trd, 259179.850, 138
Trd, 259180.033, 137
Trd, 259180.200, 128
Trd, 259180.333, 132
Trd, 259180.700, 133
Trd, 259180.783, 128
Trd, 259180.883, 116
Trd, 259180.983, 114
Trd, 259181.250, 111
Trd, 259181.300, 123
Trd, 259181.667, 125
Trd, 259181.733, 117
Trd, 259181.883, 112
Trd, 259182.700, 108
Trd, 259183.033, 120
Trd, 259183.233, 106
Trd, 259183.467, 97
Trd, 259184.200, 109
Trd, 259184.367, 97
Trd, 259184.967, 105
Trd, 259184.983, 107
Trd, 259185.133, 101
Trd, 259185.183, 138
Trd, 259185.467, 131
Trd, 259185.883, 117
Trd, 259186.183, 118
Trd, 259186.567, 105
Trd, 259186.717, 100
Trd, 259186.883, 99
Trd, 259186.933, 97
Trd, 259187.300, 107
Trd, 259187.383, 98
Trd, 259187.417, 97
Trd, 259187.633, 107
Trd, 259187.733, 83
Trd, 259187.883, 108
Trd, 259187.983, 107
Trd, 259188.567, 133
Trd, 259188.700, 101
Trd, 259189.050, 131
Trd, 259189.300, 139
Trd, 259189.667, 130
Trd, 259189.750, 122
Trd, 259189.900, 111
Trd, 259190.200, 102
Trd, 259191.033, 96
Trd, 259191.100, 140
Trd, 259191.200, 93
Trd, 259191.800, 122
Trd, 259191.817, 121
Trd, 259191.833, 110
Trd, 259192.050, 119
Trd, 259192.317, 118
Trd, 259192.350, 108
Trd, 259192.383, 131
Trd, 259192.767, 108
Trd, 259192.933, 139
Trd, 259193.000, 124
Trd, 259193.450, 123
Trd, 259193.667, 124
Trd, 259193.783, 107
Trd, 259194.100, 140
Trd, 259194.467, 116
Trd, 259196.050, 114
Trd, 259196.283, 115
Trd, 259196.333, 113
Trd, 259196.450, 110
Trd, 259196.967, 117
Trd, 259197.233, 116
Trd, 259197.433, 124
Trd, 259197.583, 125
Trd, 259197.733, 140
Trd, 259198.233, 113
Trd, 259198.850, 108
Trd, 259198.883, 132
Trd, 259199.033, 116
Trd, 259199.217, 138
Trd, 259199.567, 134
