Trd, 258595.083, 129
Trd, 258595.200, 134
Trd, 258595.233, 124
Trd, 258595.283, 121
Trd, 258595.317, 114
Trd, 258595.450, 98
Trd, 258595.517, 97
Trd, 258595.800, 61
Trd, 258595.850, 73
Trd, 258596.000, 133
Trd, 258596.183, 133
Trd, 258596.417, 111
Trd, 258597.050, 122
Trd, 258597.067, 124
Trd, 258597.250, 123
Trd, 258597.350, 124
Trd, 258597.417, 122
Trd, 258597.550, 114
Trd, 258597.567, 113
Trd, 258598.133, 78
Trd, 258598.183, 77
Trd, 258598.200, 123
Trd, 258598.400, 84
Trd, 258598.567, 76
Trd, 258598.850, 85
Trd, 258599.167, 71
Trd, 258599.267, 85
Trd, 258599.350, 85
Trd, 258599.417, 84
Trd, 258599.617, 122
Trd, 258599.983, 72
Trd, 258600.367, 95
Trd, 258600.517, 91
Trd, 258600.700, 91
Trd, 258601.050, 91
Trd, 258601.250, 90
Trd, 258601.450, 90
Trd, 258601.467, 92
Trd, 258601.583, 74
Trd, 258601.933, 92
Trd, 258602.483, 90
Trd, 258602.500, 91
Trd, 258602.567, 116
Trd, 258603.433, 137
Trd, 258603.500, 137
Trd, 258604.033, 140
Trd, 258604.133, 140
Trd, 258604.400, 140
Trd, 258604.417, 140
Trd, 258604.567, 140
Trd, 258605.667, 140
Trd, 258605.883, 140
Trd, 258606.033, 140
Trd, 258606.067, 140
Trd, 258606.367, 140
Trd, 258607.283, 140
Trd, 258607.350, 140
Trd, 258607.367, 140
Trd, 258607.850, 140
Trd, 258607.867, 140
Trd, 258607.933, 140
Trd, 258608.033, 140
Trd, 258608.200, 140
Trd, 258608.217, 140
Trd, 258608.467, 140
Trd, 258608.950, 140
Trd, 258609.017, 140
Trd, 258609.117, 140
Trd, 258609.800, 140
Trd, 258610.700, 140
Trd, 258610.900, 140
Trd, 258610.983, 140
Trd, 258611.050, 140
Trd, 258611.200, 140
Trd, 258611.633, 140
Trd, 258611.733, 140
Trd, 258611.767, 140
Trd, 258611.917, 140
Trd, 258612.000, 140
Trd, 258612.017, 140
Trd, 258612.250, 140
Trd, 258612.317, 140
Trd, 258612.400, 140
Trd, 258612.417, 140
Trd, 258612.483, 140
Trd, 258612.567, 140
Trd, 258612.617, 140
Trd, 258612.667, 140
Trd, 258612.717, 123
Trd, 258612.917, 139
Trd, 258613.067, 124
Trd, 258613.183, 106
Trd, 258613.400, 136
Trd, 258613.533, 140
Trd, 258614.067, 137
Trd, 258614.350, 138
Trd, 258614.717, 128
Trd, 258614.750, 137
Trd, 258615.383, 131
Trd, 258615.500, 131
Trd, 258615.617, 131
Trd, 258615.700, 130
Trd, 258615.750, 126
Trd, 258615.767, 127
Trd, 258616.233, 135
Trd, 258616.300, 129
Trd, 258616.533, 130
Trd, 258616.800, 132
Trd, 258616.817, 131
Trd, 258616.900, 133
Trd, 258616.967, 130
Trd, 258617.017, 129
Trd, 258617.683, 129
Trd, 258617.900, 128
Trd, 258618.333, 126
Trd, 258618.450, 112
Trd, 258618.833, 126
Trd, 258618.933, 111
Trd, 258619.267, 103
Trd, 258619.333, 83
Trd, 258619.500, 127
Trd, 258619.517, 128
Trd, 258619.983, 108
Trd, 258620.200, 109
Trd, 258620.900, 140
Trd, 258621.267, 140
Trd, 258621.333, 140
Trd, 258621.683, 140
Trd, 258621.900, 140
Trd, 258622.217, 140
Trd, 258622.667, 140
Trd, 258622.933, 140
Trd, 258623.183, 140
Trd, 258623.417, 140
Trd, 258624.033, 140
Trd, 258624.083, 140
Trd, 258624.683, 140
Trd, 258624.767, 140
Trd, 258624.867, 140
Trd, 258624.950, 140
Trd, 258625.000, 139
Trd, 258625.033, 139
Trd, 258625.117, 136
Trd, 258625.683, 133
Trd, 258625.800, 133
Trd, 258625.883, 122
Trd, 258626.050, 112
Trd, 258626.550, 99
Trd, 258626.683, 84
Trd, 258626.700, 100
Trd, 258626.717, 126
Trd, 258626.767, 126
Trd, 258626.833, 86
Trd, 258627.700, 100
Trd, 258627.717, 98
Trd, 258627.800, 115
Trd, 258628.067, 94
Trd, 258628.083, 121
Trd, 258628.350, 116
Trd, 258628.417, 103
Trd, 258628.617, 103
Trd, 258628.833, 111
Trd, 258629.200, 109
Trd, 258629.250, 105
Trd, 258629.367, 104
Trd, 258629.517, 112
Trd, 258629.717, 120
Trd, 258629.983, 131
Trd, 258630.583, 140
Trd, 258630.933, 140
Trd, 258631.033, 140
Trd, 258631.183, 140
Trd, 258631.650, 140
Trd, 258632.467, 140
Trd, 258632.483, 140
Trd, 258632.517, 140
Trd, 258632.550, 140
Trd, 258632.667, 140
Trd, 258632.683, 140
Trd, 258632.700, 140
Trd, 258633.083, 140
Trd, 258633.100, 140
Trd, 258633.733, 140
Trd, 258633.900, 140
Trd, 258634.067, 140
Trd, 258634.083, 140
Trd, 258634.100, 140
Trd, 258634.217, 140
Trd, 258634.583, 140
Trd, 258635.267, 140
Trd, 258635.750, 140
Trd, 258635.833, 140
Trd, 258635.867, 140
Trd, 258635.900, 139
Trd, 258636.317, 140
Trd, 258636.867, 140
Trd, 258637.033, 140
Trd, 258637.350, 140
Trd, 258637.400, 140
Trd, 258637.467, 140
Trd, 258637.800, 140
Trd, 258638.183, 140
Trd, 258638.217, 140
Trd, 258638.267, 140
Trd, 258638.750, 140
Trd, 258639.000, 140
Trd, 258639.050, 140
Trd, 258639.067, 140
Trd, 258639.183, 140
Trd, 258639.917, 140
Trd, 258639.983, 140
Trd, 258640.567, 139
Trd, 258640.600, 134
Trd, 258640.683, 133
Trd, 258640.817, 123
Trd, 258640.967, 121
Trd, 258641.100, 140
Trd, 258641.317, 140
Trd, 258642.233, 140
Trd, 258642.833, 140
Trd, 258642.900, 140
Trd, 258643.267, 140
Trd, 258643.300, 140
Trd, 258643.583, 140
Trd, 258643.667, 140
Trd, 258643.750, 138
Trd, 258643.983, 140
Trd, 258644.517, 138
Trd, 258644.667, 137
Trd, 258644.683, 137
Trd, 258644.917, 133
Trd, 258644.950, 132
Trd, 258644.983, 125
Trd, 258645.133, 120
Trd, 258645.350, 128
Trd, 258645.517, 132
Trd, 258645.567, 102
Trd, 258645.833, 85
Trd, 258646.267, 88
Trd, 258646.417, 138
Trd, 258646.633, 101
Trd, 258646.700, 100
Trd, 258646.733, 99
Trd, 258647.650, 140
Trd, 258647.817, 126
Trd, 258647.850, 125
Trd, 258647.867, 120
Trd, 258647.900, 140
Trd, 258648.567, 94
Trd, 258648.717, 140
Trd, 258649.017, 140
Trd, 258649.233, 140
Trd, 258649.400, 140
Trd, 258649.500, 140
Trd, 258649.717, 140
Trd, 258649.800, 140
Trd, 258649.900, 140
Trd, 258650.483, 140
Trd, 258650.567, 140
Trd, 258650.933, 140
Trd, 258651.117, 140
Trd, 258651.167, 139
Trd, 258651.367, 138
Trd, 258651.733, 140
Trd, 258651.900, 117
Trd, 258651.967, 117
Trd, 258652.000, 116
Trd, 258652.767, 140
Trd, 258652.850, 139
Trd, 258652.883, 138
Trd, 258653.383, 137
Trd, 258653.500, 135
Trd, 258653.583, 126
Trd, 258653.750, 139
Trd, 258653.933, 140
Trd, 258654.217, 140
Trd, 258654.700, 140
Trd, 258655.233, 140
Trd, 258655.317, 140
Trd, 258655.650, 140
Trd, 258655.683, 140
Trd, 258655.733, 140
Trd, 258655.783, 140
Trd, 258655.983, 139
Trd, 258656.083, 139
Trd, 258656.333, 125
Trd, 258656.433, 124
Trd, 258656.850, 126
Trd, 258657.333, 129
Trd, 258657.367, 128
Trd, 258657.467, 130
Trd, 258657.583, 131
Trd, 258657.850, 129
Trd, 258657.967, 128
Trd, 258658.017, 127
Trd, 258658.500, 118
Trd, 258658.717, 117
Trd, 258658.883, 127
Trd, 258658.967, 102
Trd, 258659.150, 75
Trd, 258659.533, 140
Trd, 258659.767, 140
Trd, 258660.383, 140
Trd, 258660.500, 140
Trd, 258660.533, 140
Trd, 258660.850, 140
Trd, 258661.650, 140
Trd, 258661.683, 140
Trd, 258661.833, 140
Trd, 258662.117, 140
Trd, 258662.367, 140
Trd, 258662.783, 140
Trd, 258662.967, 140
Trd, 258663.100, 140
Trd, 258663.150, 140
Trd, 258663.367, 140
Trd, 258663.400, 140
Trd, 258663.450, 140
Trd, 258663.783, 139
Trd, 258663.950, 138
Trd, 258664.400, 139
Trd, 258664.533, 132
Trd, 258664.767, 138
Trd, 258664.950, 139
Trd, 258665.050, 137
Trd, 258665.433, 133
Trd, 258665.650, 136
Trd, 258665.733, 135
Trd, 258665.800, 134
Trd, 258665.917, 133
Trd, 258665.983, 131
Trd, 258666.117, 135
Trd, 258666.433, 133
Trd, 258666.500, 131
Trd, 258666.567, 130
Trd, 258666.783, 132
Trd, 258667.033, 140
Trd, 258667.083, 140
Trd, 258667.333, 133
Trd, 258667.417, 132
Trd, 258668.050, 140
Trd, 258668.217, 140
Trd, 258668.333, 139
Trd, 258668.633, 130
Trd, 258668.767, 121
Trd, 258669.017, 107
Trd, 258669.283, 105
Trd, 258669.433, 101
Trd, 258669.783, 103
Trd, 258670.033, 84
Trd, 258670.100, 103
Trd, 258670.933, 87
Trd, 258671.067, 101
Trd, 258671.100, 102
Trd, 258671.150, 102
Trd, 258671.467, 105
Trd, 258671.767, 124
Trd, 258672.183, 125
Trd, 258672.500, 113
Trd, 258672.550, 113
Trd, 258672.667, 127
Trd, 258672.817, 113
Trd, 258672.983, 140
Trd, 258673.133, 140
Trd, 258673.167, 139
Trd, 258673.617, 113
Trd, 258673.833, 112
Trd, 258673.867, 111
Trd, 258674.050, 134
Trd, 258674.200, 140
Trd, 258674.383, 140
Trd, 258674.400, 140
Trd, 258674.833, 140
Trd, 258674.967, 140
Trd, 258675.150, 140
Trd, 258675.433, 137
Trd, 258675.800, 128
Trd, 258676.233, 138
Trd, 258676.483, 140
Trd, 258676.783, 140
Trd, 258676.867, 140
Trd, 258677.033, 139
Trd, 258677.100, 128
Trd, 258677.167, 137
Trd, 258677.583, 130
Trd, 258677.700, 129
Trd, 258678.450, 137
Trd, 258678.633, 135
Trd, 258678.683, 137
Trd, 258678.800, 135
Trd, 258678.817, 134
Trd, 258679.000, 138
Trd, 258679.117, 133
Trd, 258679.533, 134
Trd, 258679.667, 134
Trd, 258679.917, 134
Trd, 258680.167, 133
Trd, 258680.350, 135
Trd, 258681.150, 124
Trd, 258681.300, 131
Trd, 258681.517, 133
Trd, 258681.600, 127
Trd, 258681.933, 128
Trd, 258682.150, 131
Trd, 258682.183, 127
Trd, 258682.267, 126
Trd, 258682.317, 132
Trd, 258682.333, 122
Trd, 258682.350, 121
Trd, 258682.817, 133
Trd, 258682.917, 108
Trd, 258683.000, 132
Trd, 258683.300, 118
Trd, 258683.467, 119
Trd, 258683.483, 116
Trd, 258683.617, 134
Trd, 258684.233, 140
Trd, 258684.283, 140
Trd, 258684.517, 140
Trd, 258685.717, 140
Trd, 258685.983, 140
Trd, 258686.300, 140
Trd, 258686.617, 140
Trd, 258686.717, 140
Trd, 258686.767, 140
Trd, 258686.900, 140
Trd, 258686.967, 140
Trd, 258687.333, 140
Trd, 258687.383, 139
Trd, 258687.600, 136
Trd, 258687.767, 135
Trd, 258687.883, 130
Trd, 258687.933, 127
Trd, 258688.200, 127
Trd, 258688.283, 139
Trd, 258688.433, 115
Trd, 258689.467, 133
Trd, 258689.583, 115
Trd, 258689.683, 114
Trd, 258689.717, 110
Trd, 258689.833, 127
Trd, 258689.900, 109
Trd, 258691.333, 114
Trd, 258691.417, 115
Trd, 258691.467, 113
Trd, 258691.633, 113
Trd, 258691.683, 113
Trd, 258691.733, 112
Trd, 258691.933, 114
Trd, 258692.017, 126
Trd, 258692.083, 113
Trd, 258692.800, 119
Trd, 258692.850, 126
Trd, 258693.033, 121
Trd, 258693.100, 127
Trd, 258693.283, 128
Trd, 258693.483, 140
Trd, 258693.683, 132
Trd, 258693.783, 132
Trd, 258694.150, 139
Trd, 258694.367, 140
Trd, 258694.383, 140
Trd, 258694.883, 140
Trd, 258694.967, 138
Trd, 258695.150, 130
Trd, 258695.383, 133
Trd, 258695.467, 134
Trd, 258695.950, 140
Trd, 258696.167, 139
Trd, 258696.183, 130
Trd, 258696.433, 121
Trd, 258697.150, 140
Trd, 258697.317, 140
Trd, 258697.400, 140
Trd, 258697.417, 140
Trd, 258697.800, 140
Trd, 258697.833, 140
Trd, 258697.933, 140
Trd, 258697.950, 140
Trd, 258698.100, 140
Trd, 258698.267, 139
Trd, 258698.300, 134
Trd, 258698.450, 138
Trd, 258698.467, 123
Trd, 258698.583, 60
Trd, 258699.050, 89
Trd, 258699.333, 90
Trd, 258700.317, 126
Trd, 258700.333, 125
Trd, 258700.800, 140
Trd, 258701.067, 140
Trd, 258701.117, 140
Trd, 258701.233, 140
Trd, 258701.483, 140
Trd, 258701.600, 140
Trd, 258701.983, 140
Trd, 258702.167, 140
Trd, 258702.350, 140
Trd, 258702.433, 140
Trd, 258702.517, 140
Trd, 258702.650, 140
Trd, 258702.717, 140
Trd, 258702.767, 139
Trd, 258702.933, 140
Trd, 258702.950, 139
Trd, 258703.083, 138
Trd, 258703.117, 132
Trd, 258703.333, 138
Trd, 258703.583, 140
Trd, 258703.633, 139
Trd, 258703.950, 140
Trd, 258704.050, 140
Trd, 258704.383, 140
Trd, 258704.600, 140
Trd, 258705.000, 140
Trd, 258705.200, 140
Trd, 258705.217, 140
Trd, 258706.633, 140
Trd, 258706.967, 140
Trd, 258707.017, 140
Trd, 258707.067, 140
Trd, 258707.083, 140
Trd, 258707.150, 139
Trd, 258707.583, 140
Trd, 258707.850, 140
Trd, 258707.900, 140
Trd, 258708.500, 135
Trd, 258708.583, 131
Trd, 258708.667, 131
Trd, 258708.817, 132
Trd, 258708.900, 130
Trd, 258709.083, 133
Trd, 258709.133, 135
Trd, 258709.867, 132
Trd, 258710.000, 133
Trd, 258710.100, 136
Trd, 258710.667, 128
Trd, 258710.733, 127
Trd, 258710.817, 113
Trd, 258711.050, 80
Trd, 258711.183, 130
Trd, 258711.617, 86
Trd, 258711.733, 109
Trd, 258711.883, 82
Trd, 258711.983, 128
Trd, 258712.900, 123
Trd, 258712.983, 124
Trd, 258713.050, 125
Trd, 258713.250, 103
Trd, 258713.450, 103
Trd, 258713.750, 109
Trd, 258713.917, 110
Trd, 258713.967, 108
Trd, 258714.000, 118
Trd, 258714.067, 108
Trd, 258714.200, 105
Trd, 258714.283, 105
Trd, 258714.350, 104
Trd, 258714.467, 119
Trd, 258714.567, 120
Trd, 258714.600, 121
Trd, 258714.733, 104
Trd, 258715.200, 119
Trd, 258715.700, 119
Trd, 258715.867, 109
Trd, 258716.433, 109
Trd, 258716.933, 121
Trd, 258716.967, 122
Trd, 258716.983, 112
Trd, 258717.100, 123
Trd, 258717.250, 111
Trd, 258717.400, 126
Trd, 258717.550, 114
Trd, 258718.317, 121
Trd, 258718.633, 122
Trd, 258718.733, 122
Trd, 258718.983, 123
Trd, 258719.183, 122
Trd, 258719.400, 122
Trd, 258719.683, 115
Trd, 258719.783, 122
Trd, 258719.883, 116
Trd, 258719.917, 124
Trd, 258720.050, 124
Trd, 258720.300, 123
Trd, 258720.433, 115
Trd, 258720.533, 125
Trd, 258720.783, 139
Trd, 258720.800, 124
Trd, 258721.567, 115
Trd, 258722.267, 110
Trd, 258722.350, 114
Trd, 258722.367, 110
Trd, 258722.417, 108
Trd, 258722.500, 104
Trd, 258722.650, 72
Trd, 258722.983, 74
Trd, 258723.017, 76
Trd, 258723.050, 89
Trd, 258723.083, 117
Trd, 258723.733, 138
Trd, 258723.967, 104
Trd, 258724.467, 138
Trd, 258724.517, 103
Trd, 258724.633, 104
Trd, 258725.150, 140
Trd, 258725.467, 140
Trd, 258725.483, 140
Trd, 258725.633, 140
Trd, 258725.800, 140
Trd, 258725.917, 140
Trd, 258726.167, 139
Trd, 258726.350, 138
Trd, 258726.800, 118
Trd, 258727.600, 140
Trd, 258727.717, 140
Trd, 258728.517, 140
Trd, 258728.783, 140
Trd, 258729.017, 140
Trd, 258729.033, 140
Trd, 258729.133, 140
Trd, 258729.367, 140
Trd, 258729.600, 140
Trd, 258729.967, 140
Trd, 258729.983, 140
Trd, 258730.683, 140
Trd, 258731.767, 140
Trd, 258731.917, 140
Trd, 258732.183, 140
Trd, 258732.200, 140
Trd, 258732.400, 140
Trd, 258732.533, 140
Trd, 258732.550, 140
Trd, 258732.683, 139
Trd, 258732.700, 140
Trd, 258732.850, 140
Trd, 258732.867, 139
Trd, 258732.950, 139
Trd, 258733.283, 136
Trd, 258733.300, 121
Trd, 258733.600, 136
Trd, 258733.867, 137
Trd, 258734.183, 138
Trd, 258734.450, 127
Trd, 258734.500, 133
Trd, 258734.517, 126
Trd, 258734.917, 136
Trd, 258735.617, 140
Trd, 258735.700, 140
Trd, 258735.950, 140
Trd, 258736.367, 140
Trd, 258736.633, 140
Trd, 258736.983, 140
Trd, 258737.267, 140
Trd, 258738.100, 140
Trd, 258738.250, 140
Trd, 258738.283, 140
Trd, 258738.317, 140
Trd, 258738.417, 140
Trd, 258738.450, 140
Trd, 258738.483, 140
Trd, 258738.533, 138
Trd, 258738.717, 136
Trd, 258738.800, 130
Trd, 258738.900, 138
Trd, 258739.000, 139
Trd, 258739.167, 138
Trd, 258739.183, 116
Trd, 258739.617, 115
Trd, 258739.783, 98
Trd, 258739.800, 115
Trd, 258740.083, 79
Trd, 258740.217, 68
Trd, 258740.367, 108
Trd, 258740.450, 92
Trd, 258740.517, 76
Trd, 258741.417, 100
Trd, 258741.517, 79
Trd, 258741.850, 61
Trd, 258742.067, 63
Trd, 258742.100, 101
Trd, 258742.183, 101
Trd, 258742.300, 104
Trd, 258742.683, 99
Trd, 258743.217, 110
Trd, 258743.283, 109
Trd, 258743.483, 121
Trd, 258743.700, 112
Trd, 258744.233, 126
Trd, 258744.417, 117
Trd, 258744.533, 117
Trd, 258744.850, 140
Trd, 258744.867, 135
Trd, 258744.983, 117
Trd, 258745.083, 117
Trd, 258745.133, 116
Trd, 258746.467, 130
Trd, 258746.500, 126
Trd, 258746.633, 125
Trd, 258746.817, 123
Trd, 258746.933, 124
Trd, 258746.983, 124
Trd, 258747.100, 124
Trd, 258747.183, 125
Trd, 258747.200, 131
Trd, 258747.300, 140
Trd, 258747.917, 133
Trd, 258747.983, 126
Trd, 258748.483, 140
Trd, 258748.950, 140
Trd, 258749.000, 140
Trd, 258749.183, 140
Trd, 258749.433, 140
Trd, 258750.133, 140
Trd, 258750.650, 140
Trd, 258750.917, 140
Trd, 258750.950, 140
Trd, 258751.100, 140
Trd, 258751.133, 140
Trd, 258751.150, 140
Trd, 258751.467, 140
Trd, 258751.533, 140
Trd, 258751.583, 140
Trd, 258751.667, 134
Trd, 258751.833, 123
Trd, 258751.867, 140
Trd, 258752.383, 139
Trd, 258752.700, 126
Trd, 258752.767, 134
Trd, 258753.167, 134
Trd, 258753.283, 135
Trd, 258753.300, 133
Trd, 258753.367, 136
Trd, 258753.417, 121
Trd, 258753.450, 120
Trd, 258753.800, 116
Trd, 258753.900, 116
Trd, 258754.067, 90
Trd, 258754.167, 85
Trd, 258754.350, 128
Trd, 258755.400, 139
Trd, 258755.650, 139
Trd, 258755.667, 133
Trd, 258756.033, 140
Trd, 258756.483, 140
Trd, 258756.850, 140
Trd, 258756.883, 140
Trd, 258757.017, 140
Trd, 258757.767, 140
Trd, 258758.000, 140
Trd, 258758.300, 140
Trd, 258758.517, 140
Trd, 258758.583, 140
Trd, 258758.783, 140
Trd, 258759.017, 140
Trd, 258759.133, 140
Trd, 258759.267, 140
Trd, 258759.283, 140
Trd, 258759.317, 140
Trd, 258759.333, 140
Trd, 258759.817, 138
Trd, 258760.567, 132
Trd, 258760.900, 136
Trd, 258760.967, 130
Trd, 258761.117, 129
Trd, 258761.367, 125
Trd, 258761.567, 124
Trd, 258761.717, 118
Trd, 258761.900, 133
Trd, 258762.683, 125
Trd, 258762.733, 128
Trd, 258762.817, 125
Trd, 258762.850, 129
Trd, 258762.967, 125
Trd, 258763.383, 129
Trd, 258763.517, 127
Trd, 258763.700, 129
Trd, 258763.867, 125
Trd, 258763.917, 129
Trd, 258763.983, 124
Trd, 258764.267, 124
Trd, 258764.417, 116
Trd, 258764.600, 101
Trd, 258765.217, 117
Trd, 258765.450, 108
Trd, 258765.600, 120
Trd, 258765.683, 105
Trd, 258766.033, 104
Trd, 258766.167, 103
Trd, 258766.250, 94
Trd, 258766.383, 115
Trd, 258766.450, 87
Trd, 258766.833, 115
Trd, 258766.950, 116
Trd, 258767.083, 116
Trd, 258767.600, 118
Trd, 258767.717, 119
Trd, 258768.250, 123
Trd, 258768.350, 122
Trd, 258768.483, 121
Trd, 258768.550, 120
Trd, 258768.950, 140
Trd, 258769.300, 140
Trd, 258769.917, 140
Trd, 258770.367, 140
Trd, 258770.400, 140
Trd, 258771.017, 140
Trd, 258771.033, 139
Trd, 258771.150, 138
Trd, 258771.283, 137
Trd, 258771.400, 136
Trd, 258771.533, 124
Trd, 258771.733, 136
Trd, 258772.000, 127
Trd, 258772.117, 134
Trd, 258772.417, 136
Trd, 258772.483, 127
Trd, 258772.500, 126
Trd, 258772.700, 127
Trd, 258772.800, 126
Trd, 258773.350, 140
Trd, 258773.533, 139
Trd, 258773.633, 129
Trd, 258774.267, 140
Trd, 258774.517, 140
Trd, 258774.783, 140
Trd, 258774.817, 140
Trd, 258775.083, 140
Trd, 258775.383, 140
Trd, 258775.617, 140
Trd, 258775.983, 139
Trd, 258776.133, 139
Trd, 258776.367, 140
Trd, 258776.533, 140
Trd, 258776.633, 139
Trd, 258776.733, 132
Trd, 258777.017, 126
Trd, 258777.433, 116
Trd, 258777.600, 116
Trd, 258777.983, 123
Trd, 258778.250, 121
Trd, 258778.400, 121
Trd, 258778.517, 122
Trd, 258778.633, 121
Trd, 258778.683, 121
Trd, 258778.717, 119
Trd, 258779.067, 120
Trd, 258779.250, 123
Trd, 258779.400, 125
Trd, 258779.567, 124
Trd, 258779.933, 124
Trd, 258780.033, 127
Trd, 258780.283, 123
Trd, 258780.583, 125
Trd, 258780.667, 122
Trd, 258780.683, 126
Trd, 258780.950, 121
Trd, 258781.017, 114
Trd, 258781.067, 103
Trd, 258781.633, 140
Trd, 258781.717, 140
Trd, 258782.117, 140
Trd, 258782.367, 140
Trd, 258782.467, 140
Trd, 258782.517, 138
Trd, 258782.633, 137
Trd, 258783.217, 123
Trd, 258783.350, 126
Trd, 258783.767, 126
Trd, 258783.883, 127
Trd, 258784.233, 137
Trd, 258784.700, 132
Trd, 258785.067, 131
Trd, 258785.133, 131
Trd, 258785.167, 130
Trd, 258785.267, 133
Trd, 258785.350, 140
Trd, 258785.450, 128
Trd, 258786.433, 135
Trd, 258786.500, 136
Trd, 258786.583, 131
Trd, 258786.783, 129
Trd, 258787.183, 125
Trd, 258787.267, 124
Trd, 258787.517, 133
Trd, 258787.867, 124
Trd, 258788.000, 123
Trd, 258788.267, 122
Trd, 258788.300, 124
Trd, 258788.400, 123
Trd, 258788.500, 124
Trd, 258788.650, 125
Trd, 258788.683, 134
Trd, 258788.717, 125
Trd, 258788.833, 124
Trd, 258789.117, 116
Trd, 258789.300, 115
Trd, 258789.333, 124
Trd, 258789.483, 111
Trd, 258789.650, 106
Trd, 258790.100, 126
Trd, 258790.267, 129
Trd, 258791.350, 140
Trd, 258791.400, 140
Trd, 258791.633, 140
Trd, 258791.667, 140
Trd, 258791.750, 140
Trd, 258791.983, 140
Trd, 258792.033, 140
Trd, 258792.333, 140
Trd, 258792.367, 140
Trd, 258792.500, 140
Trd, 258792.617, 140
Trd, 258792.633, 140
Trd, 258792.883, 140
Trd, 258793.117, 140
Trd, 258793.317, 139
Trd, 258793.867, 138
Trd, 258794.183, 133
Trd, 258794.200, 136
Trd, 258794.283, 135
Trd, 258794.400, 132
Trd, 258794.517, 131
Trd, 258794.783, 124
Trd, 258795.050, 118
Trd, 258795.083, 114
Trd, 258795.817, 110
Trd, 258796.017, 124
Trd, 258796.150, 110
Trd, 258796.217, 109
Trd, 258796.917, 125
Trd, 258796.983, 122
Trd, 258797.000, 126
Trd, 258797.083, 121
Trd, 258797.100, 129
Trd, 258797.133, 119
Trd, 258797.267, 99
Trd, 258797.383, 124
Trd, 258797.767, 61
Trd, 258797.850, 62
Trd, 258798.350, 62
Trd, 258798.550, 93
Trd, 258798.600, 94
Trd, 258798.700, 95
Trd, 258799.067, 93
Trd, 258799.167, 94
Trd, 258799.417, 95
Trd, 258799.500, 94
Trd, 258799.600, 95
Trd, 258799.683, 95
Trd, 258799.767, 95
Trd, 258799.900, 94
Trd, 258800.383, 112
Trd, 258801.350, 140
Trd, 258801.417, 140
Trd, 258802.100, 140
Trd, 258802.150, 140
Trd, 258802.767, 140
Trd, 258802.800, 140
Trd, 258802.817, 140
Trd, 258803.100, 140
Trd, 258803.400, 140
Trd, 258804.100, 140
Trd, 258804.217, 140
Trd, 258804.550, 140
Trd, 258804.650, 140
Trd, 258804.850, 140
Trd, 258805.483, 140
Trd, 258805.617, 140
Trd, 258805.733, 140
Trd, 258805.750, 140
Trd, 258805.950, 140
Trd, 258805.983, 140
Trd, 258806.317, 140
Trd, 258806.383, 140
Trd, 258806.400, 140
Trd, 258806.483, 140
Trd, 258806.583, 140
Trd, 258806.800, 140
Trd, 258807.083, 140
Trd, 258807.150, 139
Trd, 258807.250, 139
Trd, 258807.350, 133
Trd, 258807.483, 129
Trd, 258807.717, 121
Trd, 258807.900, 115
Trd, 258808.467, 132
Trd, 258808.483, 133
Trd, 258808.550, 133
Trd, 258808.617, 131
Trd, 258808.650, 130
Trd, 258808.700, 80
Trd, 258809.117, 133
Trd, 258809.450, 112
Trd, 258809.483, 133
Trd, 258809.817, 134
Trd, 258809.867, 132
Trd, 258810.117, 112
Trd, 258810.467, 140
Trd, 258810.700, 140
Trd, 258810.883, 111
Trd, 258810.900, 101
Trd, 258811.150, 93
Trd, 258811.833, 140
Trd, 258812.100, 140
Trd, 258812.583, 140
Trd, 258812.817, 140
Trd, 258812.867, 140
Trd, 258812.917, 140
Trd, 258812.967, 140
Trd, 258813.300, 140
Trd, 258813.367, 140
Trd, 258813.467, 140
Trd, 258813.483, 130
Trd, 258813.617, 126
Trd, 258814.217, 110
Trd, 258814.233, 137
Trd, 258814.400, 139
Trd, 258814.617, 140
Trd, 258814.700, 140
Trd, 258814.717, 139
Trd, 258814.733, 125
Trd, 258815.017, 137
Trd, 258815.150, 112
Trd, 258815.317, 111
Trd, 258815.417, 110
Trd, 258815.633, 105
Trd, 258816.450, 140
Trd, 258817.233, 140
Trd, 258817.267, 140
Trd, 258817.400, 140
Trd, 258817.550, 139
Trd, 258817.600, 140
Trd, 258817.950, 140
Trd, 258818.233, 140
Trd, 258818.383, 140
Trd, 258818.533, 139
Trd, 258818.917, 136
Trd, 258819.150, 122
Trd, 258819.317, 123
Trd, 258819.633, 127
Trd, 258819.650, 130
Trd, 258820.067, 127
Trd, 258820.117, 128
Trd, 258820.133, 126
Trd, 258820.183, 115
Trd, 258820.433, 131
Trd, 258820.817, 122
Trd, 258820.867, 133
Trd, 258821.550, 119
Trd, 258821.817, 118
Trd, 258822.233, 116
Trd, 258822.283, 114
Trd, 258822.383, 119
Trd, 258822.583, 78
Trd, 258822.633, 77
Trd, 258822.817, 76
Trd, 258822.867, 126
Trd, 258823.350, 121
Trd, 258823.683, 122
Trd, 258823.833, 122
Trd, 258824.150, 121
Trd, 258824.183, 109
Trd, 258824.267, 107
Trd, 258824.367, 124
Trd, 258824.567, 108
Trd, 258825.000, 120
Trd, 258825.283, 113
Trd, 258825.483, 114
Trd, 258825.567, 113
Trd, 258825.617, 112
Trd, 258825.950, 112
Trd, 258825.983, 117
Trd, 258826.267, 113
Trd, 258826.583, 114
Trd, 258826.617, 115
Trd, 258827.517, 117
Trd, 258827.683, 129
Trd, 258827.783, 133
Trd, 258828.333, 140
Trd, 258828.667, 127
Trd, 258829.033, 140
Trd, 258829.600, 140
Trd, 258829.700, 140
Trd, 258829.717, 140
Trd, 258829.750, 140
Trd, 258829.867, 140
Trd, 258830.300, 140
Trd, 258830.317, 140
Trd, 258830.517, 140
Trd, 258830.817, 140
Trd, 258830.983, 140
Trd, 258831.000, 140
Trd, 258831.100, 140
Trd, 258831.117, 140
Trd, 258831.333, 139
Trd, 258831.533, 113
Trd, 258831.750, 107
Trd, 258832.317, 78
Trd, 258832.433, 78
Trd, 258832.517, 83
Trd, 258832.533, 77
Trd, 258832.567, 84
Trd, 258833.200, 83
Trd, 258833.600, 80
Trd, 258833.650, 84
Trd, 258833.883, 84
Trd, 258834.117, 84
Trd, 258834.133, 115
Trd, 258834.600, 107
Trd, 258834.700, 126
Trd, 258834.967, 107
Trd, 258835.183, 108
Trd, 258835.450, 112
Trd, 258835.733, 110
Trd, 258836.100, 120
Trd, 258836.333, 121
Trd, 258836.383, 113
Trd, 258836.400, 122
Trd, 258836.867, 115
Trd, 258837.017, 115
Trd, 258837.150, 113
Trd, 258837.283, 112
Trd, 258837.383, 111
Trd, 258837.650, 107
Trd, 258837.667, 125
Trd, 258837.967, 123
Trd, 258838.167, 125
Trd, 258838.317, 127
Trd, 258838.350, 119
Trd, 258839.000, 122
Trd, 258839.100, 121
Trd, 258839.183, 118
Trd, 258839.217, 113
Trd, 258839.350, 120
Trd, 258839.400, 111
Trd, 258839.567, 100
Trd, 258839.833, 121
Trd, 258839.933, 125
Trd, 258840.267, 121
Trd, 258840.567, 140
Trd, 258840.900, 140
Trd, 258841.250, 140
Trd, 258841.267, 140
Trd, 258841.500, 126
Trd, 258841.783, 121
Trd, 258842.000, 121
Trd, 258842.250, 137
Trd, 258842.283, 136
Trd, 258842.333, 139
Trd, 258842.450, 132
Trd, 258842.517, 120
Trd, 258842.783, 110
Trd, 258843.200, 124
Trd, 258843.267, 105
Trd, 258843.600, 104
Trd, 258843.700, 125
Trd, 258843.733, 138
Trd, 258843.817, 95
Trd, 258844.000, 138
Trd, 258844.283, 113
Trd, 258844.700, 135
Trd, 258845.017, 116
Trd, 258845.050, 115
Trd, 258845.100, 134
Trd, 258845.250, 114
Trd, 258845.567, 114
Trd, 258845.683, 106
Trd, 258846.400, 130
Trd, 258846.900, 139
Trd, 258847.150, 134
Trd, 258847.467, 134
Trd, 258847.533, 134
Trd, 258847.650, 138
Trd, 258847.683, 129
Trd, 258847.767, 139
Trd, 258848.117, 140
Trd, 258848.200, 133
Trd, 258848.300, 140
Trd, 258848.600, 135
Trd, 258848.800, 135
Trd, 258848.833, 134
Trd, 258848.900, 136
Trd, 258848.983, 132
Trd, 258849.033, 116
Trd, 258849.150, 115
Trd, 258849.800, 125
Trd, 258849.817, 124
Trd, 258850.100, 127
Trd, 258850.167, 127
Trd, 258850.333, 129
Trd, 258850.600, 130
Trd, 258850.750, 130
Trd, 258851.017, 130
Trd, 258851.117, 129
Trd, 258851.267, 128
Trd, 258851.633, 140
Trd, 258851.683, 140
Trd, 258852.400, 140
Trd, 258852.417, 139
Trd, 258852.450, 138
Trd, 258853.167, 140
Trd, 258853.183, 140
Trd, 258853.267, 140
Trd, 258853.417, 137
Trd, 258853.583, 119
Trd, 258853.833, 100
Trd, 258854.033, 99
Trd, 258854.150, 125
Trd, 258854.750, 101
Trd, 258854.800, 100
Trd, 258854.883, 101
Trd, 258854.950, 118
Trd, 258855.000, 117
Trd, 258855.217, 116
Trd, 258855.417, 116
Trd, 258855.467, 101
Trd, 258855.733, 118
Trd, 258856.050, 112
Trd, 258856.217, 112
Trd, 258856.267, 119
Trd, 258856.500, 111
Trd, 258856.733, 139
Trd, 258856.967, 105
Trd, 258857.033, 104
Trd, 258857.217, 95
Trd, 258857.417, 93
Trd, 258857.433, 81
Trd, 258857.700, 115
Trd, 258857.867, 114
Trd, 258857.933, 135
Trd, 258858.433, 84
Trd, 258858.633, 85
Trd, 258858.733, 136
Trd, 258859.233, 133
Trd, 258859.267, 132
Trd, 258859.483, 135
Trd, 258859.767, 131
Trd, 258859.783, 130
Trd, 258859.917, 119
Trd, 258860.050, 120
Trd, 258860.650, 122
Trd, 258860.800, 122
Trd, 258860.867, 121
Trd, 258860.933, 124
Trd, 258861.300, 122
Trd, 258861.433, 124
Trd, 258861.617, 132
Trd, 258861.800, 136
Trd, 258862.050, 130
Trd, 258862.150, 134
Trd, 258862.517, 131
Trd, 258862.567, 138
Trd, 258863.750, 140
Trd, 258863.850, 140
Trd, 258863.917, 139
Trd, 258864.050, 138
Trd, 258864.083, 131
Trd, 258864.133, 123
Trd, 258864.283, 122
Trd, 258864.417, 129
Trd, 258864.600, 111
Trd, 258864.883, 130
Trd, 258864.933, 131
Trd, 258864.967, 132
Trd, 258865.050, 112
Trd, 258865.217, 111
Trd, 258865.300, 110
Trd, 258865.350, 136
Trd, 258866.050, 136
Trd, 258866.133, 96
Trd, 258866.567, 114
Trd, 258866.583, 126
Trd, 258866.950, 139
Trd, 258867.183, 139
Trd, 258867.717, 123
Trd, 258868.200, 127
Trd, 258868.217, 123
Trd, 258868.283, 122
Trd, 258868.333, 121
Trd, 258868.933, 124
Trd, 258869.017, 123
Trd, 258869.200, 123
Trd, 258869.300, 122
Trd, 258869.383, 123
Trd, 258869.417, 122
Trd, 258869.583, 120
Trd, 258870.200, 115
Trd, 258870.533, 99
Trd, 258870.683, 102
Trd, 258870.733, 113
Trd, 258870.800, 115
Trd, 258870.850, 99
Trd, 258870.950, 117
Trd, 258871.200, 100
Trd, 258871.467, 104
Trd, 258871.550, 99
Trd, 258871.567, 118
Trd, 258871.583, 98
Trd, 258872.167, 90
Trd, 258872.200, 83
Trd, 258872.333, 80
Trd, 258872.667, 67
Trd, 258872.933, 100
Trd, 258873.100, 100
Trd, 258873.383, 101
Trd, 258874.083, 102
Trd, 258874.117, 103
Trd, 258874.133, 75
Trd, 258874.150, 104
Trd, 258874.817, 84
Trd, 258875.133, 128
Trd, 258875.417, 120
Trd, 258875.433, 132
Trd, 258875.733, 117
Trd, 258875.783, 86
Trd, 258876.200, 97
Trd, 258876.450, 99
Trd, 258876.600, 100
Trd, 258876.617, 108
Trd, 258876.783, 100
Trd, 258876.883, 101
Trd, 258876.967, 107
Trd, 258877.000, 108
Trd, 258877.533, 107
Trd, 258877.633, 108
Trd, 258877.800, 107
Trd, 258877.817, 106
Trd, 258878.133, 133
Trd, 258878.267, 110
Trd, 258879.033, 140
Trd, 258879.733, 140
Trd, 258879.817, 140
Trd, 258880.300, 140
Trd, 258880.833, 140
Trd, 258881.317, 140
Trd, 258881.400, 140
Trd, 258881.450, 140
Trd, 258881.917, 140
Trd, 258882.250, 140
Trd, 258882.333, 140
Trd, 258882.350, 140
Trd, 258882.483, 140
Trd, 258882.783, 140
Trd, 258882.817, 140
Trd, 258882.933, 140
Trd, 258882.983, 140
Trd, 258883.633, 110
Trd, 258883.783, 135
Trd, 258883.950, 125
Trd, 258884.050, 109
Trd, 258884.067, 108
Trd, 258884.250, 101
Trd, 258884.283, 133
Trd, 258884.750, 134
Trd, 258885.067, 135
Trd, 258885.683, 140
Trd, 258885.850, 140
Trd, 258885.983, 140
Trd, 258886.167, 140
Trd, 258886.317, 140
Trd, 258887.683, 140
Trd, 258887.783, 140
Trd, 258887.800, 140
Trd, 258887.833, 140
Trd, 258887.917, 140
Trd, 258887.950, 140
Trd, 258888.100, 140
Trd, 258888.117, 140
Trd, 258888.350, 140
Trd, 258888.633, 140
Trd, 258888.900, 140
Trd, 258888.917, 131
Trd, 258888.933, 124
Trd, 258889.217, 140
Trd, 258889.367, 130
Trd, 258889.817, 132
Trd, 258889.933, 131
Trd, 258890.283, 133
Trd, 258890.317, 135
Trd, 258890.667, 133
Trd, 258891.133, 132
Trd, 258891.167, 127
Trd, 258891.917, 130
Trd, 258892.150, 131
Trd, 258892.200, 130
Trd, 258892.417, 132
Trd, 258892.433, 134
Trd, 258892.583, 137
Trd, 258892.633, 131
Trd, 258892.883, 132
Trd, 258893.383, 140
Trd, 258893.533, 140
Trd, 258893.617, 140
Trd, 258893.633, 138
Trd, 258893.667, 136
Trd, 258893.883, 133
Trd, 258894.200, 132
Trd, 258894.683, 139
Trd, 258894.933, 140
Trd, 258895.483, 140
Trd, 258895.500, 140
Trd, 258895.683, 123
Trd, 258896.400, 128
Trd, 258896.617, 127
Trd, 258896.633, 140
Trd, 258896.667, 127
Trd, 258896.850, 124
Trd, 258897.117, 114
Trd, 258897.283, 114
Trd, 258897.683, 118
Trd, 258897.883, 116
Trd, 258897.900, 115
Trd, 258898.033, 114
Trd, 258898.183, 114
Trd, 258898.283, 113
Trd, 258898.450, 113
Trd, 258898.683, 107
Trd, 258898.917, 115
Trd, 258899.067, 115
Trd, 258899.150, 114
Trd, 258899.200, 113
Trd, 258899.383, 114
Trd, 258899.633, 134
Trd, 258900.017, 133
Trd, 258900.383, 116
Trd, 258900.417, 137
Trd, 258900.533, 114
Trd, 258900.667, 113
Trd, 258901.017, 140
Trd, 258902.017, 140
Trd, 258902.233, 140
Trd, 258902.567, 140
Trd, 258902.933, 140
Trd, 258903.000, 140
Trd, 258903.050, 140
Trd, 258903.083, 140
Trd, 258903.600, 140
Trd, 258903.617, 140
Trd, 258903.750, 140
Trd, 258903.917, 140
Trd, 258903.933, 124
Trd, 258904.000, 115
Trd, 258904.033, 140
Trd, 258904.233, 138
Trd, 258904.267, 139
Trd, 258904.617, 140
Trd, 258904.700, 137
Trd, 258905.050, 139
Trd, 258905.150, 138
Trd, 258905.300, 137
Trd, 258905.450, 139
Trd, 258905.517, 131
Trd, 258905.533, 130
Trd, 258905.567, 117
Trd, 258905.750, 97
Trd, 258906.000, 85
Trd, 258906.200, 131
Trd, 258906.483, 112
Trd, 258906.683, 131
Trd, 258906.800, 130
Trd, 258907.300, 110
Trd, 258907.550, 131
Trd, 258907.667, 131
Trd, 258907.783, 131
Trd, 258907.983, 132
Trd, 258908.417, 132
Trd, 258908.700, 132
Trd, 258908.767, 133
Trd, 258908.833, 118
Trd, 258908.983, 117
Trd, 258909.067, 135
Trd, 258909.267, 140
Trd, 258909.400, 115
Trd, 258910.000, 140
Trd, 258910.083, 140
Trd, 258910.217, 97
Trd, 258910.433, 140
Trd, 258910.750, 105
Trd, 258911.100, 140
Trd, 258911.350, 140
Trd, 258911.517, 140
Trd, 258911.667, 139
Trd, 258911.933, 139
Trd, 258912.083, 138
Trd, 258912.683, 136
Trd, 258912.933, 136
Trd, 258913.000, 127
Trd, 258913.250, 126
Trd, 258913.683, 101
Trd, 258914.100, 134
Trd, 258914.117, 112
Trd, 258914.217, 134
Trd, 258914.400, 124
Trd, 258914.500, 124
Trd, 258914.617, 132
Trd, 258914.683, 133
Trd, 258914.833, 133
Trd, 258914.967, 133
Trd, 258915.017, 132
Trd, 258915.100, 131
Trd, 258915.233, 139
Trd, 258915.667, 126
Trd, 258915.817, 126
Trd, 258916.583, 137
Trd, 258916.683, 138
Trd, 258916.950, 139
Trd, 258917.917, 140
Trd, 258917.950, 140
Trd, 258917.983, 140
Trd, 258918.533, 140
Trd, 258918.667, 140
Trd, 258918.867, 140
Trd, 258919.067, 140
Trd, 258919.200, 140
Trd, 258919.617, 138
Trd, 258919.717, 137
Trd, 258919.833, 138
Trd, 258920.100, 139
Trd, 258920.367, 139
Trd, 258920.683, 135
Trd, 258920.767, 136
Trd, 258920.783, 128
Trd, 258920.833, 127
Trd, 258920.900, 138
Trd, 258921.000, 126
Trd, 258921.033, 109
Trd, 258921.133, 105
Trd, 258921.500, 140
Trd, 258922.500, 116
Trd, 258922.883, 108
Trd, 258923.117, 109
Trd, 258923.233, 120
Trd, 258923.517, 120
Trd, 258923.583, 112
Trd, 258923.633, 112
Trd, 258923.933, 113
Trd, 258924.033, 117
Trd, 258924.267, 114
Trd, 258924.317, 113
Trd, 258924.467, 113
Trd, 258924.667, 112
Trd, 258924.817, 108
Trd, 258925.100, 112
Trd, 258925.567, 112
Trd, 258925.583, 110
Trd, 258925.633, 113
Trd, 258925.883, 121
Trd, 258926.183, 112
Trd, 258926.367, 122
Trd, 258926.400, 121
Trd, 258926.600, 124
Trd, 258926.850, 125
Trd, 258926.883, 125
Trd, 258927.133, 126
Trd, 258927.150, 127
Trd, 258927.233, 125
Trd, 258927.533, 128
Trd, 258927.900, 130
Trd, 258928.500, 131
Trd, 258929.217, 140
Trd, 258929.333, 140
Trd, 258929.533, 140
Trd, 258929.700, 140
Trd, 258929.800, 140
Trd, 258930.083, 140
Trd, 258930.750, 140
Trd, 258930.983, 140
Trd, 258931.517, 140
Trd, 258932.050, 140
Trd, 258932.167, 140
Trd, 258932.900, 140
Trd, 258933.117, 140
Trd, 258933.167, 140
Trd, 258933.683, 140
Trd, 258933.717, 140
Trd, 258934.217, 140
Trd, 258934.267, 140
Trd, 258934.683, 140
Trd, 258934.700, 140
Trd, 258934.783, 140
Trd, 258934.867, 140
Trd, 258934.950, 139
Trd, 258934.967, 138
Trd, 258935.017, 140
Trd, 258935.167, 136
Trd, 258935.383, 131
Trd, 258935.633, 115
Trd, 258936.400, 102
Trd, 258936.450, 127
Trd, 258936.750, 128
Trd, 258937.067, 119
Trd, 258937.283, 126
Trd, 258937.350, 127
Trd, 258937.383, 126
Trd, 258937.400, 125
Trd, 258937.517, 123
Trd, 258937.850, 125
Trd, 258937.933, 119
Trd, 258938.100, 117
Trd, 258938.117, 122
Trd, 258938.300, 124
Trd, 258938.333, 117
Trd, 258939.017, 119
Trd, 258939.083, 118
Trd, 258939.100, 117
Trd, 258939.283, 117
Trd, 258939.617, 114
Trd, 258939.900, 115
Trd, 258940.050, 117
Trd, 258940.067, 118
Trd, 258940.100, 113
Trd, 258940.600, 119
Trd, 258940.683, 127
Trd, 258940.783, 126
Trd, 258940.833, 131
Trd, 258940.917, 109
Trd, 258941.017, 132
Trd, 258941.700, 96
Trd, 258941.883, 97
Trd, 258942.333, 99
Trd, 258942.683, 98
Trd, 258943.267, 117
Trd, 258943.400, 131
Trd, 258943.450, 117
Trd, 258943.483, 116
Trd, 258943.617, 115
Trd, 258944.183, 106
Trd, 258944.317, 125
Trd, 258944.400, 126
Trd, 258944.567, 125
Trd, 258944.733, 110
Trd, 258944.950, 121
Trd, 258945.483, 112
Trd, 258945.767, 117
Trd, 258945.850, 118
Trd, 258945.900, 117
Trd, 258946.083, 121
Trd, 258946.300, 122
Trd, 258946.367, 122
Trd, 258946.400, 121
Trd, 258946.550, 133
Trd, 258947.400, 140
Trd, 258948.167, 140
Trd, 258948.350, 140
Trd, 258948.483, 140
Trd, 258949.167, 140
Trd, 258949.217, 140
Trd, 258949.317, 140
Trd, 258949.417, 140
Trd, 258949.700, 140
Trd, 258950.217, 140
Trd, 258950.383, 140
Trd, 258950.500, 140
Trd, 258950.517, 140
Trd, 258950.650, 140
Trd, 258950.717, 140
Trd, 258950.867, 139
Trd, 258951.033, 139
Trd, 258951.250, 139
Trd, 258951.300, 138
Trd, 258951.500, 137
Trd, 258951.517, 136
Trd, 258951.583, 138
Trd, 258951.833, 138
Trd, 258951.883, 137
Trd, 258952.317, 129
Trd, 258952.350, 124
Trd, 258952.783, 128
Trd, 258953.000, 128
Trd, 258953.367, 140
Trd, 258953.400, 139
Trd, 258953.933, 137
Trd, 258953.983, 129
Trd, 258954.400, 129
Trd, 258954.467, 128
Trd, 258954.517, 125
Trd, 258954.583, 118
Trd, 258954.767, 88
Trd, 258955.183, 107
Trd, 258955.400, 133
Trd, 258955.433, 134
Trd, 258956.717, 129
Trd, 258956.750, 115
Trd, 258956.867, 131
Trd, 258957.517, 128
Trd, 258957.667, 128
Trd, 258958.017, 107
Trd, 258958.383, 110
Trd, 258958.667, 119
Trd, 258958.733, 122
Trd, 258959.050, 115
Trd, 258959.167, 115
Trd, 258959.467, 120
Trd, 258959.483, 116
Trd, 258959.683, 116
Trd, 258959.733, 115
Trd, 258959.767, 119
Trd, 258959.883, 114
Trd, 258959.950, 121
Trd, 258959.967, 104
Trd, 258960.083, 121
Trd, 258960.483, 119
Trd, 258960.533, 121
Trd, 258960.667, 106
Trd, 258960.883, 106
Trd, 258961.533, 133
Trd, 258961.583, 108
Trd, 258961.650, 107
Trd, 258962.300, 140
Trd, 258962.483, 140
Trd, 258962.900, 140
Trd, 258963.267, 140
Trd, 258963.300, 140
Trd, 258963.367, 140
Trd, 258963.467, 140
Trd, 258963.633, 140
Trd, 258963.750, 140
Trd, 258963.950, 139
Trd, 258963.983, 139
Trd, 258964.050, 138
Trd, 258964.267, 137
Trd, 258964.633, 138
Trd, 258964.833, 139
Trd, 258964.850, 138
Trd, 258965.250, 126
Trd, 258965.367, 125
Trd, 258965.400, 139
Trd, 258965.900, 136
Trd, 258965.967, 137
Trd, 258966.933, 118
Trd, 258967.067, 114
Trd, 258967.200, 104
Trd, 258967.600, 126
Trd, 258967.633, 127
Trd, 258967.783, 100
Trd, 258968.483, 120
Trd, 258968.633, 99
Trd, 258968.650, 88
Trd, 258968.983, 121
Trd, 258969.217, 110
Trd, 258969.383, 119
Trd, 258969.833, 112
Trd, 258970.217, 111
Trd, 258970.433, 111
Trd, 258970.767, 112
Trd, 258971.000, 122
Trd, 258971.033, 116
Trd, 258971.200, 116
Trd, 258971.367, 119
Trd, 258971.450, 126
Trd, 258971.983, 117
Trd, 258972.017, 116
Trd, 258972.067, 127
Trd, 258972.200, 114
Trd, 258972.367, 127
Trd, 258972.417, 111
Trd, 258972.583, 107
Trd, 258972.617, 127
Trd, 258972.817, 127
Trd, 258973.767, 125
Trd, 258974.267, 113
Trd, 258974.567, 123
Trd, 258974.650, 115
Trd, 258974.700, 126
Trd, 258975.233, 140
Trd, 258975.250, 139
Trd, 258975.983, 140
Trd, 258976.033, 140
Trd, 258976.567, 140
Trd, 258976.867, 140
Trd, 258977.083, 140
Trd, 258977.183, 140
Trd, 258977.333, 140
Trd, 258977.367, 140
Trd, 258977.467, 140
Trd, 258977.633, 140
Trd, 258978.133, 132
Trd, 258978.300, 139
Trd, 258978.400, 140
Trd, 258978.933, 140
Trd, 258978.967, 140
Trd, 258979.150, 133
Trd, 258979.267, 140
Trd, 258980.067, 140
Trd, 258980.450, 140
Trd, 258980.583, 140
Trd, 258980.633, 140
Trd, 258980.683, 140
Trd, 258980.900, 127
Trd, 258980.950, 127
Trd, 258981.317, 127
Trd, 258981.383, 134
Trd, 258981.417, 127
Trd, 258981.433, 126
Trd, 258981.600, 132
Trd, 258981.717, 124
Trd, 258982.117, 115
Trd, 258982.233, 114
Trd, 258982.333, 124
Trd, 258982.633, 107
Trd, 258982.900, 123
Trd, 258982.917, 106
Trd, 258983.100, 108
Trd, 258983.117, 110
Trd, 258983.317, 126
Trd, 258983.417, 128
Trd, 258983.683, 128
Trd, 258983.900, 119
Trd, 258983.950, 128
Trd, 258984.000, 109
Trd, 258984.367, 109
Trd, 258984.417, 108
Trd, 258984.583, 107
Trd, 258984.833, 88
Trd, 258984.883, 127
Trd, 258984.917, 129
Trd, 258985.200, 86
Trd, 258985.467, 86
Trd, 258986.183, 127
Trd, 258986.550, 140
Trd, 258986.800, 140
Trd, 258987.000, 140
Trd, 258987.467, 140
Trd, 258987.667, 140
Trd, 258987.767, 140
Trd, 258987.900, 140
Trd, 258988.000, 140
Trd, 258988.033, 140
Trd, 258988.433, 140
Trd, 258988.500, 140
Trd, 258989.083, 139
Trd, 258989.150, 139
Trd, 258989.483, 139
Trd, 258989.667, 138
Trd, 258989.800, 133
Trd, 258989.867, 139
Trd, 258989.917, 140
Trd, 258990.183, 128
Trd, 258990.567, 122
Trd, 258990.850, 123
Trd, 258991.100, 122
Trd, 258991.400, 136
Trd, 258991.433, 120
Trd, 258991.517, 137
Trd, 258991.733, 127
Trd, 258991.800, 115
Trd, 258992.483, 117
Trd, 258992.500, 116
Trd, 258992.600, 137
Trd, 258992.983, 122
Trd, 258993.317, 136
Trd, 258993.417, 116
Trd, 258993.533, 136
Trd, 258993.950, 122
Trd, 258994.000, 134
Trd, 258994.817, 130
Trd, 258994.833, 129
Trd, 258995.117, 127
Trd, 258995.150, 126
Trd, 258995.333, 122
Trd, 258995.400, 112
Trd, 258995.517, 133
Trd, 258996.050, 96
Trd, 258996.383, 124
Trd, 258996.417, 134
Trd, 258996.500, 87
Trd, 258996.867, 96
Trd, 258996.933, 135
Trd, 258997.100, 86
Trd, 258997.533, 133
Trd, 258997.800, 134
Trd, 258997.900, 134
Trd, 258997.933, 133
Trd, 258998.033, 133
Trd, 258998.133, 133
Trd, 258998.433, 130
Trd, 258998.467, 133
Trd, 258998.717, 133
Trd, 258998.967, 129
Trd, 258999.100, 118
Trd, 258999.417, 119
Trd, 258999.550, 118
Trd, 258999.600, 110
Trd, 258999.733, 105
Trd, 258999.750, 75
Trd, 259000.083, 102
Trd, 259000.550, 74
Trd, 259000.850, 98
Trd, 259001.317, 75
Trd, 259001.533, 121
Trd, 259001.750, 70
Trd, 259001.767, 123
Trd, 259002.117, 123
Trd, 259002.367, 118
Trd, 259002.833, 64
Trd, 259002.883, 65
Trd, 259003.317, 121
Trd, 259003.483, 122
Trd, 259003.833, 87
Trd, 259003.983, 103
Trd, 259004.167, 124
Trd, 259004.333, 97
Trd, 259004.567, 123
Trd, 259004.717, 122
Trd, 259004.783, 98
Trd, 259004.967, 99
Trd, 259005.050, 99
Trd, 259005.217, 123
Trd, 259005.233, 99
Trd, 259005.400, 126
Trd, 259005.817, 140
Trd, 259006.167, 140
Trd, 259006.200, 140
Trd, 259006.650, 140
Trd, 259006.900, 140
Trd, 259006.917, 140
Trd, 259006.950, 140
Trd, 259007.233, 137
Trd, 259007.833, 140
Trd, 259008.017, 139
Trd, 259008.117, 133
Trd, 259008.450, 113
Trd, 259008.950, 128
Trd, 259009.217, 117
Trd, 259009.317, 116
Trd, 259009.383, 115
Trd, 259009.500, 132
Trd, 259009.750, 131
Trd, 259010.050, 114
Trd, 259010.333, 125
Trd, 259010.583, 119
Trd, 259010.883, 123
Trd, 259010.950, 124
Trd, 259011.250, 126
Trd, 259011.383, 125
Trd, 259011.500, 132
Trd, 259011.633, 125
Trd, 259011.700, 124
Trd, 259011.867, 134
Trd, 259012.067, 118
Trd, 259012.350, 125
Trd, 259012.600, 132
Trd, 259012.683, 124
Trd, 259012.733, 124
Trd, 259013.167, 140
Trd, 259013.617, 140
Trd, 259013.783, 140
Trd, 259013.833, 139
Trd, 259014.833, 140
Trd, 259015.217, 140
Trd, 259015.783, 140
Trd, 259015.817, 140
Trd, 259015.833, 140
Trd, 259015.967, 140
Trd, 259016.067, 140
Trd, 259016.483, 139
Trd, 259016.633, 138
Trd, 259017.033, 134
Trd, 259017.083, 124
Trd, 259017.133, 134
Trd, 259017.300, 124
Trd, 259017.333, 123
Trd, 259017.467, 124
Trd, 259017.617, 123
Trd, 259017.783, 122
Trd, 259018.267, 124
Trd, 259018.333, 120
Trd, 259018.650, 123
Trd, 259018.817, 125
Trd, 259018.967, 123
Trd, 259019.033, 131
Trd, 259019.400, 132
Trd, 259019.450, 124
Trd, 259019.500, 123
Trd, 259019.700, 123
Trd, 259019.933, 123
Trd, 259020.117, 122
Trd, 259020.267, 121
Trd, 259020.967, 127
Trd, 259021.250, 127
Trd, 259021.467, 130
Trd, 259021.833, 131
Trd, 259022.533, 140
Trd, 259023.000, 135
Trd, 259023.100, 136
Trd, 259023.217, 135
Trd, 259023.400, 137
Trd, 259023.783, 135
Trd, 259023.850, 135
Trd, 259023.917, 132
Trd, 259024.200, 138
Trd, 259024.267, 139
Trd, 259024.317, 134
Trd, 259024.883, 133
Trd, 259025.100, 134
Trd, 259025.283, 133
Trd, 259025.650, 133
Trd, 259025.750, 129
Trd, 259025.817, 127
Trd, 259026.083, 129
Trd, 259026.100, 125
Trd, 259026.317, 130
Trd, 259026.450, 117
Trd, 259026.483, 111
Trd, 259027.233, 129
Trd, 259027.267, 128
Trd, 259027.417, 127
Trd, 259027.583, 126
Trd, 259027.733, 127
Trd, 259027.800, 127
Trd, 259027.917, 125
Trd, 259028.050, 124
Trd, 259028.133, 123
Trd, 259028.250, 95
Trd, 259028.300, 94
Trd, 259028.533, 88
Trd, 259029.083, 124
Trd, 259029.350, 128
Trd, 259029.417, 94
Trd, 259029.933, 139
Trd, 259030.033, 139
Trd, 259030.417, 139
Trd, 259030.517, 140
Trd, 259030.800, 140
Trd, 259030.867, 140
Trd, 259030.883, 140
Trd, 259031.117, 140
Trd, 259031.217, 139
Trd, 259031.250, 136
Trd, 259031.733, 101
Trd, 259031.883, 139
Trd, 259032.017, 103
Trd, 259032.600, 140
Trd, 259033.500, 140
Trd, 259033.633, 140
Trd, 259033.750, 140
Trd, 259034.467, 140
Trd, 259034.667, 140
Trd, 259034.800, 140
Trd, 259034.967, 140
Trd, 259035.083, 140
Trd, 259035.150, 140
Trd, 259035.283, 140
Trd, 259036.533, 140
Trd, 259036.567, 140
Trd, 259037.167, 140
Trd, 259037.367, 140
Trd, 259037.433, 140
Trd, 259037.450, 140
Trd, 259037.467, 139
Trd, 259037.500, 136
Trd, 259037.800, 132
Trd, 259037.817, 127
Trd, 259038.033, 122
Trd, 259038.433, 136
Trd, 259038.483, 137
Trd, 259038.667, 123
Trd, 259038.700, 137
Trd, 259038.900, 133
Trd, 259039.183, 123
Trd, 259039.533, 127
Trd, 259039.617, 125
Trd, 259039.800, 127
Trd, 259039.867, 126
Trd, 259040.450, 119
Trd, 259040.467, 115
Trd, 259040.533, 127
Trd, 259040.850, 114
Trd, 259041.117, 128
Trd, 259041.733, 118
Trd, 259042.017, 114
Trd, 259042.033, 112
Trd, 259042.617, 97
Trd, 259043.183, 110
Trd, 259043.217, 98
Trd, 259043.250, 119
Trd, 259043.317, 119
Trd, 259043.467, 99
Trd, 259043.500, 98
Trd, 259043.567, 100
Trd, 259043.600, 97
Trd, 259043.733, 101
Trd, 259043.767, 102
Trd, 259043.817, 97
Trd, 259043.933, 120
Trd, 259044.117, 98
Trd, 259044.900, 100
Trd, 259045.350, 102
Trd, 259045.550, 103
Trd, 259045.650, 116
Trd, 259045.883, 104
Trd, 259046.167, 114
Trd, 259046.283, 115
Trd, 259046.483, 118
Trd, 259046.500, 104
Trd, 259046.683, 104
Trd, 259046.900, 104
Trd, 259046.983, 87
Trd, 259047.200, 113
Trd, 259047.517, 110
Trd, 259047.600, 108
Trd, 259047.733, 112
Trd, 259048.167, 75
Trd, 259048.400, 94
Trd, 259048.467, 95
Trd, 259048.883, 77
Trd, 259049.183, 87
Trd, 259049.283, 87
Trd, 259049.650, 91
Trd, 259049.717, 94
Trd, 259049.883, 82
Trd, 259050.217, 81
Trd, 259050.800, 116
Trd, 259050.950, 87
Trd, 259051.033, 86
Trd, 259051.050, 85
Trd, 259051.383, 79
Trd, 259051.583, 107
Trd, 259052.200, 140
Trd, 259052.267, 140
Trd, 259052.483, 140
Trd, 259052.950, 140
Trd, 259053.733, 140
Trd, 259053.800, 140
Trd, 259053.883, 140
Trd, 259053.933, 140
Trd, 259054.000, 140
Trd, 259054.267, 140
Trd, 259054.633, 138
Trd, 259054.733, 137
Trd, 259054.800, 138
Trd, 259055.000, 138
Trd, 259055.083, 138
Trd, 259055.217, 135
Trd, 259055.300, 131
Trd, 259055.500, 138
Trd, 259055.700, 137
Trd, 259055.850, 120
Trd, 259056.217, 122
Trd, 259056.350, 121
Trd, 259056.383, 119
Trd, 259057.117, 108
Trd, 259057.433, 140
Trd, 259057.467, 105
Trd, 259057.700, 140
Trd, 259058.750, 140
Trd, 259058.900, 140
Trd, 259058.933, 140
Trd, 259059.250, 140
Trd, 259059.717, 140
Trd, 259059.833, 140
Trd, 259059.917, 140
Trd, 259059.983, 140
Trd, 259060.100, 139
Trd, 259060.267, 118
Trd, 259060.683, 129
Trd, 259060.700, 105
Trd, 259060.717, 104
Trd, 259060.900, 105
Trd, 259061.050, 105
Trd, 259061.133, 127
Trd, 259061.483, 112
Trd, 259061.533, 113
Trd, 259061.817, 107
Trd, 259062.000, 120
Trd, 259062.683, 116
Trd, 259062.967, 110
Trd, 259063.100, 111
Trd, 259063.133, 115
Trd, 259063.300, 111
Trd, 259063.367, 112
Trd, 259063.467, 114
Trd, 259063.650, 107
Trd, 259063.850, 105
Trd, 259063.883, 103
Trd, 259064.133, 100
Trd, 259064.383, 115
Trd, 259064.467, 100
Trd, 259065.400, 140
Trd, 259065.783, 140
Trd, 259065.917, 140
Trd, 259065.967, 140
Trd, 259066.083, 140
Trd, 259066.100, 140
Trd, 259066.250, 139
Trd, 259066.300, 138
Trd, 259066.667, 140
Trd, 259067.700, 140
Trd, 259067.817, 140
Trd, 259067.950, 140
Trd, 259067.983, 140
Trd, 259068.467, 140
Trd, 259068.483, 140
Trd, 259068.583, 140
Trd, 259068.833, 136
Trd, 259068.900, 138
Trd, 259069.267, 133
Trd, 259069.383, 139
Trd, 259069.550, 133
Trd, 259069.650, 132
Trd, 259069.783, 132
Trd, 259069.800, 131
Trd, 259070.800, 140
Trd, 259071.367, 140
Trd, 259071.600, 140
Trd, 259071.617, 140
Trd, 259071.733, 140
Trd, 259072.233, 140
Trd, 259072.583, 140
Trd, 259072.700, 140
Trd, 259073.000, 140
Trd, 259073.133, 140
Trd, 259073.200, 140
Trd, 259073.367, 140
Trd, 259073.383, 134
Trd, 259073.500, 139
Trd, 259073.550, 137
Trd, 259073.633, 133
Trd, 259073.667, 130
Trd, 259074.617, 136
Trd, 259074.950, 131
Trd, 259075.133, 133
Trd, 259075.200, 132
Trd, 259075.283, 134
Trd, 259075.467, 130
Trd, 259075.617, 131
Trd, 259075.700, 133
Trd, 259075.783, 134
Trd, 259075.850, 131
Trd, 259076.100, 130
Trd, 259076.133, 126
Trd, 259076.333, 133
Trd, 259076.417, 135
Trd, 259076.867, 129
Trd, 259077.450, 129
Trd, 259077.650, 117
Trd, 259078.167, 140
Trd, 259078.317, 140
Trd, 259078.533, 140
Trd, 259078.617, 140
Trd, 259078.683, 123
Trd, 259078.917, 122
Trd, 259079.067, 140
Trd, 259079.467, 140
Trd, 259079.700, 140
Trd, 259079.917, 140
Trd, 259080.000, 140
Trd, 259080.467, 140
Trd, 259081.100, 140
Trd, 259081.150, 140
Trd, 259081.717, 140
Trd, 259081.767, 140
Trd, 259081.933, 140
Trd, 259082.233, 140
Trd, 259082.367, 140
Trd, 259082.467, 140
Trd, 259082.583, 140
Trd, 259082.683, 140
Trd, 259083.467, 140
Trd, 259083.567, 140
Trd, 259083.600, 140
Trd, 259083.817, 139
Trd, 259084.000, 139
Trd, 259084.400, 139
Trd, 259084.417, 137
Trd, 259084.617, 137
Trd, 259084.633, 136
Trd, 259084.700, 126
Trd, 259084.983, 133
Trd, 259085.100, 124
Trd, 259085.517, 128
Trd, 259085.750, 125
Trd, 259085.900, 125
Trd, 259085.933, 124
Trd, 259086.033, 106
Trd, 259086.100, 84
Trd, 259086.567, 82
Trd, 259086.883, 123
Trd, 259087.450, 124
Trd, 259087.467, 123
Trd, 259087.533, 125
Trd, 259087.650, 128
Trd, 259087.933, 122
Trd, 259088.233, 129
Trd, 259088.367, 128
Trd, 259088.383, 124
Trd, 259088.483, 123
Trd, 259088.583, 122
Trd, 259088.933, 128
Trd, 259088.967, 119
Trd, 259089.117, 99
Trd, 259089.150, 130
Trd, 259089.217, 131
Trd, 259089.683, 107
Trd, 259089.733, 83
Trd, 259090.017, 104
Trd, 259090.317, 123
Trd, 259090.817, 110
Trd, 259090.833, 111
Trd, 259091.450, 116
Trd, 259091.517, 117
Trd, 259091.617, 116
Trd, 259091.767, 122
Trd, 259091.783, 117
Trd, 259091.933, 118
Trd, 259092.250, 121
Trd, 259092.267, 118
Trd, 259092.450, 117
Trd, 259092.850, 117
Trd, 259092.900, 123
Trd, 259093.317, 130
Trd, 259093.683, 131
Trd, 259093.833, 131
Trd, 259094.817, 137
Trd, 259094.867, 135
Trd, 259095.550, 138
Trd, 259095.900, 140
Trd, 259096.083, 140
Trd, 259096.217, 140
Trd, 259096.567, 140
Trd, 259096.750, 140
Trd, 259097.167, 140
Trd, 259097.617, 140
Trd, 259097.833, 140
Trd, 259097.967, 140
Trd, 259099.233, 140
Trd, 259099.250, 140
Trd, 259099.383, 140
Trd, 259099.450, 140
Trd, 259099.833, 140
Trd, 259099.850, 140
Trd, 259099.867, 140
Trd, 259100.250, 140
Trd, 259100.433, 140
Trd, 259100.500, 140
Trd, 259100.567, 140
Trd, 259100.867, 140
Trd, 259100.917, 139
Trd, 259101.100, 140
Trd, 259101.317, 140
Trd, 259101.383, 140
Trd, 259102.067, 140
Trd, 259102.550, 140
Trd, 259102.650, 140
Trd, 259102.667, 140
Trd, 259102.717, 140
Trd, 259102.800, 140
Trd, 259103.133, 140
Trd, 259103.150, 140
Trd, 259103.217, 139
Trd, 259103.250, 139
Trd, 259103.267, 138
Trd, 259103.333, 138
Trd, 259103.767, 133
Trd, 259104.517, 129
Trd, 259104.567, 129
Trd, 259104.717, 128
Trd, 259104.900, 114
Trd, 259104.933, 130
Trd, 259105.317, 103
Trd, 259105.467, 128
Trd, 259106.017, 108
Trd, 259106.233, 108
Trd, 259106.633, 123
Trd, 259106.717, 124
Trd, 259107.067, 117
Trd, 259107.283, 125
Trd, 259107.383, 122
Trd, 259107.650, 126
Trd, 259107.850, 138
Trd, 259107.900, 126
Trd, 259108.333, 127
Trd, 259108.567, 140
Trd, 259108.750, 140
Trd, 259108.800, 127
Trd, 259109.583, 139
Trd, 259109.783, 132
Trd, 259110.400, 140
Trd, 259110.417, 139
Trd, 259110.850, 140
Trd, 259110.950, 137
Trd, 259111.317, 140
Trd, 259111.433, 140
Trd, 259111.450, 139
Trd, 259111.667, 139
Trd, 259111.717, 138
Trd, 259111.850, 137
Trd, 259112.100, 134
Trd, 259112.467, 121
Trd, 259112.633, 134
Trd, 259112.700, 136
Trd, 259112.950, 135
Trd, 259113.150, 134
Trd, 259113.317, 132
Trd, 259113.533, 132
Trd, 259113.567, 131
Trd, 259113.600, 115
Trd, 259113.700, 133
Trd, 259113.833, 113
Trd, 259114.483, 122
Trd, 259114.867, 140
Trd, 259114.983, 140
Trd, 259115.300, 140
Trd, 259115.433, 140
Trd, 259116.133, 140
Trd, 259116.267, 140
Trd, 259116.367, 140
Trd, 259116.633, 140
Trd, 259116.800, 140
Trd, 259117.050, 140
Trd, 259117.250, 140
Trd, 259117.433, 140
Trd, 259117.867, 140
Trd, 259118.017, 140
Trd, 259118.200, 140
Trd, 259118.433, 139
Trd, 259118.567, 135
Trd, 259118.750, 139
Trd, 259119.117, 134
Trd, 259119.150, 139
Trd, 259119.333, 129
Trd, 259119.833, 137
Trd, 259119.950, 136
Trd, 259119.983, 119
Trd, 259120.483, 115
Trd, 259120.617, 116
Trd, 259120.900, 117
Trd, 259120.933, 116
Trd, 259121.667, 140
Trd, 259121.800, 140
Trd, 259122.033, 140
Trd, 259122.150, 140
Trd, 259122.367, 140
Trd, 259122.517, 140
Trd, 259122.817, 140
Trd, 259122.950, 140
Trd, 259123.783, 140
Trd, 259123.983, 140
Trd, 259124.267, 140
Trd, 259124.417, 140
Trd, 259125.050, 140
Trd, 259125.200, 140
Trd, 259125.217, 140
Trd, 259125.400, 140
Trd, 259125.450, 139
Trd, 259125.600, 140
Trd, 259125.633, 140
Trd, 259125.650, 137
Trd, 259125.983, 122
Trd, 259126.200, 78
Trd, 259126.650, 103
Trd, 259126.883, 98
Trd, 259127.017, 97
Trd, 259127.033, 96
Trd, 259127.050, 93
Trd, 259127.083, 98
Trd, 259127.200, 80
Trd, 259127.350, 97
Trd, 259127.467, 78
Trd, 259127.533, 98
Trd, 259127.700, 105
Trd, 259127.917, 136
Trd, 259128.250, 123
Trd, 259128.417, 140
Trd, 259128.450, 140
Trd, 259128.550, 140
Trd, 259128.567, 140
Trd, 259129.400, 140
Trd, 259129.833, 140
Trd, 259130.150, 140
Trd, 259130.317, 140
Trd, 259130.417, 140
Trd, 259130.833, 140
Trd, 259131.283, 140
Trd, 259131.650, 140
Trd, 259131.667, 140
Trd, 259132.033, 140
Trd, 259132.283, 140
Trd, 259133.000, 140
Trd, 259133.033, 140
Trd, 259133.183, 140
Trd, 259133.450, 140
Trd, 259133.750, 140
Trd, 259133.767, 140
Trd, 259133.800, 139
Trd, 259133.917, 131
Trd, 259134.317, 126
Trd, 259134.500, 126
Trd, 259134.633, 124
Trd, 259134.750, 130
Trd, 259135.067, 111
Trd, 259135.167, 130
Trd, 259135.267, 132
Trd, 259135.467, 104
Trd, 259135.533, 103
Trd, 259135.933, 131
Trd, 259135.950, 83
Trd, 259136.067, 75
Trd, 259136.533, 76
Trd, 259136.650, 77
Trd, 259136.950, 75
Trd, 259137.033, 113
Trd, 259137.967, 140
Trd, 259138.233, 138
Trd, 259138.483, 140
Trd, 259138.833, 140
Trd, 259139.233, 140
Trd, 259139.367, 140
Trd, 259139.550, 140
Trd, 259139.733, 140
Trd, 259140.083, 140
Trd, 259140.133, 140
Trd, 259140.650, 140
Trd, 259140.850, 140
Trd, 259140.917, 140
Trd, 259141.017, 140
Trd, 259141.100, 140
Trd, 259141.950, 140
Trd, 259143.133, 140
Trd, 259143.283, 140
Trd, 259143.500, 140
Trd, 259143.567, 140
Trd, 259143.867, 140
Trd, 259143.950, 140
Trd, 259144.167, 140
Trd, 259144.200, 140
Trd, 259144.317, 140
Trd, 259144.333, 140
Trd, 259144.517, 129
Trd, 259144.850, 139
Trd, 259145.100, 133
Trd, 259145.350, 140
Trd, 259145.383, 132
Trd, 259145.717, 128
Trd, 259146.317, 118
Trd, 259146.450, 138
Trd, 259146.617, 119
Trd, 259146.667, 119
Trd, 259146.750, 118
Trd, 259146.833, 117
Trd, 259146.900, 117
Trd, 259147.417, 105
Trd, 259147.533, 104
Trd, 259147.650, 131
Trd, 259147.917, 104
Trd, 259148.167, 105
Trd, 259148.617, 119
Trd, 259148.833, 120
Trd, 259149.200, 119
Trd, 259149.350, 105
Trd, 259149.500, 105
Trd, 259149.717, 107
Trd, 259149.883, 96
Trd, 259150.033, 84
Trd, 259150.050, 79
Trd, 259150.100, 118
Trd, 259150.250, 84
Trd, 259150.317, 120
Trd, 259150.400, 84
Trd, 259150.800, 124
Trd, 259150.867, 114
Trd, 259151.083, 92
Trd, 259151.283, 91
Trd, 259151.383, 93
Trd, 259151.600, 139
Trd, 259151.617, 140
Trd, 259151.650, 139
Trd, 259151.683, 89
Trd, 259151.700, 81
Trd, 259152.017, 138
Trd, 259152.317, 139
Trd, 259152.433, 139
Trd, 259152.483, 138
Trd, 259152.733, 137
Trd, 259152.750, 118
Trd, 259152.833, 137
Trd, 259153.450, 61
Trd, 259154.117, 60
Trd, 259154.333, 60
Trd, 259154.550, 60
Trd, 259155.400, 60
Trd, 259155.633, 60
Trd, 259155.767, 60
Trd, 259155.817, 60
Trd, 259156.100, 61
Trd, 259156.167, 61
Trd, 259156.433, 62
Trd, 259156.700, 62
Trd, 259156.783, 62
Trd, 259156.850, 92
Trd, 259157.300, 140
Trd, 259157.633, 140
Trd, 259158.017, 140
Trd, 259158.983, 140
Trd, 259159.017, 140
Trd, 259159.200, 140
Trd, 259159.350, 140
Trd, 259159.750, 140
Trd, 259159.833, 140
Trd, 259159.867, 140
Trd, 259160.300, 140
Trd, 259160.400, 140
Trd, 259160.533, 140
Trd, 259160.800, 140
Trd, 259160.850, 140
Trd, 259160.917, 140
Trd, 259160.933, 140
Trd, 259160.950, 140
Trd, 259161.067, 137
Trd, 259161.417, 139
Trd, 259161.433, 138
Trd, 259161.917, 124
Trd, 259162.000, 124
Trd, 259162.017, 123
Trd, 259162.067, 130
Trd, 259162.400, 133
Trd, 259162.517, 124
Trd, 259162.600, 134
Trd, 259162.700, 123
Trd, 259162.750, 99
Trd, 259162.783, 111
Trd, 259163.733, 140
Trd, 259163.983, 140
Trd, 259164.133, 138
Trd, 259164.483, 136
Trd, 259164.717, 136
Trd, 259164.867, 135
Trd, 259165.467, 140
Trd, 259166.233, 140
Trd, 259166.250, 140
Trd, 259166.400, 140
Trd, 259166.650, 140
Trd, 259166.983, 140
Trd, 259167.017, 140
Trd, 259167.083, 140
Trd, 259167.133, 139
Trd, 259167.300, 140
Trd, 259167.417, 140
Trd, 259167.500, 140
Trd, 259167.867, 140
Trd, 259167.933, 140
Trd, 259167.967, 140
Trd, 259168.017, 139
Trd, 259168.250, 140
Trd, 259168.567, 117
Trd, 259168.800, 139
Trd, 259168.833, 118
Trd, 259168.900, 117
Trd, 259168.933, 115
Trd, 259168.967, 114
Trd, 259169.000, 96
Trd, 259169.117, 64
Trd, 259169.167, 63
Trd, 259169.317, 64
Trd, 259169.767, 61
Trd, 259170.817, 61
Trd, 259170.950, 61
Trd, 259171.067, 61
Trd, 259171.233, 62
Trd, 259171.700, 121
Trd, 259171.833, 98
Trd, 259172.067, 116
Trd, 259172.100, 115
Trd, 259172.617, 97
Trd, 259172.717, 96
Trd, 259173.400, 92
Trd, 259173.567, 82
Trd, 259173.750, 125
Trd, 259173.833, 126
Trd, 259173.867, 123
Trd, 259174.050, 127
Trd, 259174.500, 90
Trd, 259174.533, 89
Trd, 259174.667, 87
Trd, 259174.900, 91
Trd, 259175.033, 92
Trd, 259175.217, 89
Trd, 259175.233, 119
Trd, 259175.300, 121
Trd, 259175.383, 113
Trd, 259175.967, 92
Trd, 259176.300, 91
Trd, 259176.417, 89
Trd, 259176.583, 91
Trd, 259176.783, 116
Trd, 259177.167, 94
Trd, 259177.183, 93
Trd, 259177.550, 86
Trd, 259177.950, 60
Trd, 259177.967, 106
Trd, 259178.067, 63
Trd, 259178.183, 60
Trd, 259178.350, 61
Trd, 259178.367, 105
Trd, 259178.900, 104
Trd, 259178.917, 71
Trd, 259179.617, 98
Trd, 259179.650, 99
Trd, 259179.667, 100
Trd, 259179.933, 95
Trd, 259180.017, 103
Trd, 259180.433, 101
Trd, 259180.750, 102
Trd, 259180.867, 99
Trd, 259181.033, 99
Trd, 259181.200, 100
Trd, 259181.467, 101
Trd, 259181.583, 100
Trd, 259181.700, 99
Trd, 259182.050, 140
Trd, 259182.100, 99
Trd, 259182.283, 138
Trd, 259184.117, 140
Trd, 259184.400, 140
Trd, 259184.417, 139
Trd, 259184.650, 123
Trd, 259184.700, 122
Trd, 259185.033, 103
Trd, 259186.400, 140
Trd, 259186.450, 140
Trd, 259186.600, 140
Trd, 259186.633, 140
Trd, 259186.650, 140
Trd, 259186.717, 140
Trd, 259186.833, 140
Trd, 259186.850, 140
Trd, 259187.067, 140
Trd, 259187.117, 140
Trd, 259187.183, 140
Trd, 259187.217, 140
Trd, 259187.450, 139
Trd, 259187.483, 138
Trd, 259187.517, 138
Trd, 259187.567, 138
Trd, 259187.633, 139
Trd, 259187.667, 139
Trd, 259187.867, 138
Trd, 259187.950, 135
Trd, 259188.150, 133
Trd, 259188.183, 117
Trd, 259188.217, 110
Trd, 259188.550, 112
Trd, 259188.850, 106
Trd, 259188.917, 107
Trd, 259189.100, 101
Trd, 259189.283, 102
Trd, 259189.367, 99
Trd, 259189.600, 106
Trd, 259189.617, 108
Trd, 259190.083, 60
Trd, 259190.950, 60
Trd, 259191.067, 60
Trd, 259191.117, 60
Trd, 259191.133, 60
Trd, 259191.217, 60
Trd, 259191.433, 65
Trd, 259191.683, 67
Trd, 259192.300, 61
Trd, 259192.983, 64
Trd, 259193.550, 64
Trd, 259193.600, 66
Trd, 259193.767, 98
Trd, 259194.033, 71
Trd, 259194.350, 73
Trd, 259194.467, 74
Trd, 259194.533, 75
Trd, 259194.650, 72
Trd, 259194.917, 95
Trd, 259194.933, 101
Trd, 259194.983, 73
Trd, 259195.300, 76
Trd, 259195.333, 74
Trd, 259195.517, 114
Trd, 259195.717, 85
Trd, 259195.883, 81
Trd, 259196.117, 85
Trd, 259196.633, 118
Trd, 259196.733, 121
Trd, 259197.050, 87
Trd, 259197.267, 86
Trd, 259197.350, 88
Trd, 259197.850, 108
Trd, 259197.967, 94
Trd, 259198.300, 109
Trd, 259198.600, 127
Trd, 259199.100, 140
Trd, 259199.317, 140
Trd, 259199.367, 140
Trd, 259199.500, 140
Trd, 259199.850, 140
Trd, 259199.883, 139
Trd, 259199.950, 130
Trd, 259199.967, 123
