Trd, 258567.267, 124
Trd, 258567.650, 122
Trd, 258567.667, 115
Trd, 258568.367, 128
Trd, 258568.700, 127
Trd, 258568.717, 106
Trd, 258568.967, 109
Trd, 258569.017, 106
Trd, 258569.083, 107
Trd, 258569.317, 114
Trd, 258569.533, 100
Trd, 258569.617, 103
Trd, 258569.683, 103
Trd, 258570.283, 135
Trd, 258570.917, 139
Trd, 258571.300, 138
Trd, 258571.317, 136
Trd, 258571.400, 134
Trd, 258571.750, 133
Trd, 258571.867, 127
Trd, 258572.317, 124
Trd, 258572.333, 118
Trd, 258572.933, 112
Trd, 258573.067, 102
Trd, 258573.367, 130
Trd, 258573.883, 133
Trd, 258574.450, 130
Trd, 258574.883, 122
Trd, 258575.100, 100
Trd, 258575.150, 112
Trd, 258575.167, 112
Trd, 258575.650, 92
Trd, 258575.683, 80
Trd, 258575.817, 82
Trd, 258575.850, 77
Trd, 258575.983, 98
Trd, 258576.183, 115
Trd, 258576.767, 121
Trd, 258576.783, 115
Trd, 258577.050, 116
Trd, 258577.233, 133
Trd, 258577.333, 123
Trd, 258578.067, 120
Trd, 258578.400, 106
Trd, 258578.600, 123
Trd, 258579.150, 105
Trd, 258579.217, 107
Trd, 258579.417, 102
Trd, 258579.483, 98
Trd, 258579.567, 107
Trd, 258579.950, 99
Trd, 258579.983, 107
Trd, 258580.250, 132
Trd, 258580.417, 122
Trd, 258580.800, 119
Trd, 258581.167, 136
Trd, 258581.200, 109
Trd, 258581.633, 123
Trd, 258581.650, 109
Trd, 258581.817, 105
Trd, 258582.217, 123
Trd, 258582.417, 121
Trd, 258582.467, 107
Trd, 258582.583, 102
Trd, 258583.200, 104
Trd, 258583.283, 87
Trd, 258583.700, 113
Trd, 258584.117, 117
Trd, 258584.183, 123
Trd, 258584.683, 115
Trd, 258584.717, 110
Trd, 258585.133, 135
Trd, 258585.383, 130
Trd, 258585.800, 129
Trd, 258585.967, 130
Trd, 258586.183, 116
Trd, 258586.467, 115
Trd, 258586.950, 109
Trd, 258587.383, 126
Trd, 258587.717, 118
Trd, 258587.750, 95
Trd, 258587.967, 95
Trd, 258588.100, 116
Trd, 258588.583, 107
Trd, 258589.433, 134
Trd, 258589.483, 126
Trd, 258589.683, 126
Trd, 258589.950, 125
Trd, 258590.233, 127
Trd, 258590.533, 129
Trd, 258590.600, 109
Trd, 258591.117, 132
Trd, 258591.267, 137
Trd, 258591.667, 136
Trd, 258591.950, 122
Trd, 258592.067, 127
Trd, 258592.083, 115
Trd, 258592.300, 132
Trd, 258592.400, 120
Trd, 258592.450, 111
Trd, 258592.533, 105
Trd, 258592.717, 111
Trd, 258593.117, 128
Trd, 258593.400, 121
Trd, 258593.600, 120
Trd, 258593.850, 130
Trd, 258594.200, 123
Trd, 258594.733, 118
Trd, 258594.833, 110
Trd, 258595.267, 106
Trd, 258595.650, 119
Trd, 258595.900, 103
Trd, 258596.000, 124
Trd, 258596.633, 126
Trd, 258597.517, 117
Trd, 258597.733, 137
Trd, 258597.867, 127
Trd, 258598.433, 131
Trd, 258598.550, 126
Trd, 258598.683, 136
Trd, 258598.833, 124
Trd, 258599.050, 123
Trd, 258599.167, 115
Trd, 258599.367, 130
Trd, 258599.867, 115
Trd, 258599.917, 122
Trd, 258600.050, 87
Trd, 258600.700, 115
Trd, 258600.800, 125
Trd, 258601.333, 118
Trd, 258601.467, 101
Trd, 258601.617, 100
Trd, 258601.800, 119
Trd, 258601.817, 124
Trd, 258602.083, 112
Trd, 258602.283, 115
Trd, 258602.433, 118
Trd, 258602.483, 122
Trd, 258602.667, 111
Trd, 258602.767, 130
Trd, 258602.917, 125
Trd, 258603.050, 121
Trd, 258603.117, 106
Trd, 258603.317, 129
Trd, 258603.833, 131
Trd, 258604.033, 135
Trd, 258604.050, 129
Trd, 258604.433, 116
Trd, 258605.000, 128
Trd, 258605.400, 138
Trd, 258605.550, 116
Trd, 258605.717, 113
Trd, 258606.550, 135
Trd, 258606.833, 132
Trd, 258607.083, 128
Trd, 258607.367, 124
Trd, 258607.617, 134
Trd, 258607.950, 117
Trd, 258608.100, 121
Trd, 258608.900, 124
Trd, 258608.967, 109
Trd, 258609.200, 106
Trd, 258609.383, 103
Trd, 258609.600, 89
Trd, 258610.000, 116
Trd, 258610.100, 137
Trd, 258610.467, 115
Trd, 258610.783, 131
Trd, 258611.033, 131
Trd, 258611.167, 132
Trd, 258612.033, 136
Trd, 258612.567, 124
Trd, 258612.767, 115
Trd, 258612.883, 114
Trd, 258612.933, 112
Trd, 258612.967, 97
Trd, 258613.000, 92
Trd, 258613.367, 113
Trd, 258613.400, 124
Trd, 258613.517, 135
Trd, 258613.883, 118
Trd, 258614.050, 99
Trd, 258614.333, 123
Trd, 258614.583, 118
Trd, 258615.017, 94
Trd, 258615.633, 94
Trd, 258616.000, 109
Trd, 258616.133, 104
Trd, 258616.400, 114
Trd, 258616.617, 99
Trd, 258616.650, 112
Trd, 258616.767, 103
Trd, 258616.950, 124
Trd, 258617.100, 97
Trd, 258617.833, 93
Trd, 258617.883, 97
Trd, 258617.967, 104
Trd, 258617.983, 111
Trd, 258618.067, 100
Trd, 258618.150, 111
Trd, 258618.567, 110
Trd, 258618.967, 89
Trd, 258618.983, 95
Trd, 258619.033, 95
Trd, 258619.083, 100
Trd, 258619.367, 126
Trd, 258619.550, 119
Trd, 258619.667, 126
Trd, 258620.300, 117
Trd, 258621.433, 128
Trd, 258621.500, 124
Trd, 258621.917, 123
Trd, 258622.200, 128
Trd, 258622.383, 107
Trd, 258623.200, 124
Trd, 258623.233, 110
Trd, 258623.250, 102
Trd, 258623.533, 124
Trd, 258623.800, 95
Trd, 258623.933, 131
Trd, 258623.983, 127
Trd, 258624.083, 98
Trd, 258625.133, 119
Trd, 258625.200, 114
Trd, 258625.533, 113
Trd, 258625.617, 112
Trd, 258626.000, 129
Trd, 258626.017, 114
Trd, 258626.617, 116
Trd, 258626.633, 112
Trd, 258627.567, 110
Trd, 258627.767, 110
Trd, 258627.900, 101
Trd, 258627.933, 111
Trd, 258628.133, 113
Trd, 258628.367, 106
Trd, 258628.417, 101
Trd, 258628.533, 93
Trd, 258628.700, 103
Trd, 258628.867, 105
Trd, 258628.983, 89
Trd, 258629.033, 105
Trd, 258629.500, 85
Trd, 258630.317, 125
Trd, 258630.417, 107
Trd, 258630.483, 101
Trd, 258631.167, 137
Trd, 258631.400, 122
Trd, 258631.533, 133
Trd, 258632.150, 118
Trd, 258632.167, 100
Trd, 258632.833, 129
Trd, 258633.000, 132
Trd, 258633.050, 114
Trd, 258633.367, 123
Trd, 258633.400, 101
Trd, 258633.467, 110
Trd, 258633.517, 96
Trd, 258633.883, 117
Trd, 258634.267, 133
Trd, 258634.350, 135
Trd, 258634.367, 113
Trd, 258634.867, 102
Trd, 258634.950, 100
Trd, 258635.267, 99
Trd, 258635.383, 93
Trd, 258636.100, 115
Trd, 258636.217, 94
Trd, 258636.600, 114
Trd, 258636.833, 83
Trd, 258636.933, 103
Trd, 258637.283, 124
Trd, 258637.417, 98
Trd, 258637.767, 125
Trd, 258637.917, 125
Trd, 258637.983, 106
Trd, 258638.567, 111
Trd, 258638.783, 130
Trd, 258638.900, 114
Trd, 258639.433, 116
Trd, 258639.633, 111
Trd, 258639.917, 118
Trd, 258640.100, 109
Trd, 258640.233, 108
Trd, 258640.450, 106
Trd, 258640.600, 113
Trd, 258640.867, 107
Trd, 258641.183, 99
Trd, 258641.317, 93
Trd, 258641.667, 96
Trd, 258641.800, 99
Trd, 258642.183, 104
Trd, 258643.233, 117
Trd, 258643.300, 101
Trd, 258643.667, 115
Trd, 258644.333, 110
Trd, 258644.367, 110
Trd, 258644.600, 114
Trd, 258645.317, 118
Trd, 258645.783, 128
Trd, 258645.817, 131
Trd, 258645.933, 116
Trd, 258646.167, 128
Trd, 258646.217, 116
Trd, 258646.417, 138
Trd, 258646.667, 112
Trd, 258646.917, 135
Trd, 258646.950, 123
Trd, 258647.500, 122
Trd, 258647.600, 138
Trd, 258647.683, 119
Trd, 258647.833, 115
Trd, 258647.850, 111
Trd, 258648.467, 108
Trd, 258648.683, 106
Trd, 258648.700, 122
Trd, 258648.717, 122
Trd, 258649.000, 105
Trd, 258649.200, 133
Trd, 258649.350, 117
Trd, 258650.200, 116
Trd, 258650.233, 113
Trd, 258650.417, 102
Trd, 258650.983, 129
Trd, 258651.250, 137
Trd, 258651.533, 137
Trd, 258651.550, 135
Trd, 258651.783, 125
Trd, 258651.867, 138
Trd, 258652.000, 125
Trd, 258652.117, 119
Trd, 258652.550, 116
Trd, 258652.900, 140
Trd, 258652.983, 119
Trd, 258653.167, 105
Trd, 258654.100, 120
Trd, 258654.233, 126
Trd, 258654.267, 116
Trd, 258654.467, 104
Trd, 258654.700, 140
Trd, 258654.983, 127
Trd, 258655.100, 104
Trd, 258655.750, 140
Trd, 258656.283, 128
Trd, 258656.383, 121
Trd, 258656.717, 115
Trd, 258657.100, 114
Trd, 258657.350, 122
Trd, 258657.483, 122
Trd, 258657.650, 132
Trd, 258657.867, 113
Trd, 258657.900, 100
Trd, 258658.167, 106
Trd, 258658.233, 103
Trd, 258658.600, 116
Trd, 258659.117, 116
Trd, 258659.217, 118
Trd, 258659.933, 121
Trd, 258661.133, 118
Trd, 258661.183, 115
Trd, 258661.417, 115
Trd, 258661.500, 111
Trd, 258661.867, 102
Trd, 258662.083, 96
Trd, 258662.133, 120
Trd, 258662.517, 107
Trd, 258662.683, 100
Trd, 258663.667, 128
Trd, 258663.733, 125
Trd, 258663.800, 124
Trd, 258664.367, 136
Trd, 258664.400, 128
Trd, 258664.550, 124
Trd, 258664.700, 131
Trd, 258664.817, 118
Trd, 258664.883, 107
Trd, 258664.917, 103
Trd, 258665.050, 101
Trd, 258666.033, 136
Trd, 258666.267, 118
Trd, 258667.483, 127
Trd, 258667.517, 124
Trd, 258667.633, 122
Trd, 258667.783, 114
Trd, 258668.383, 104
Trd, 258668.967, 101
Trd, 258669.050, 91
Trd, 258669.167, 88
Trd, 258669.500, 109
Trd, 258669.683, 91
Trd, 258669.850, 97
Trd, 258670.400, 109
Trd, 258670.767, 122
Trd, 258670.983, 98
Trd, 258671.033, 106
Trd, 258671.517, 93
Trd, 258671.567, 100
Trd, 258671.700, 114
Trd, 258672.283, 122
Trd, 258672.550, 121
Trd, 258673.283, 108
Trd, 258673.317, 107
Trd, 258673.417, 129
Trd, 258673.800, 126
Trd, 258673.817, 112
Trd, 258674.300, 126
Trd, 258674.817, 124
Trd, 258674.867, 123
Trd, 258675.033, 126
Trd, 258675.083, 117
Trd, 258676.033, 130
Trd, 258676.083, 124
Trd, 258676.700, 130
Trd, 258676.900, 128
Trd, 258677.317, 131
Trd, 258677.700, 119
Trd, 258677.767, 117
Trd, 258678.450, 128
Trd, 258678.467, 115
Trd, 258678.717, 113
Trd, 258678.833, 110
Trd, 258678.850, 124
Trd, 258680.350, 132
Trd, 258680.600, 129
Trd, 258680.850, 116
Trd, 258681.067, 123
Trd, 258681.983, 124
Trd, 258682.000, 122
Trd, 258682.317, 120
Trd, 258682.450, 124
Trd, 258682.633, 131
Trd, 258682.817, 131
Trd, 258682.933, 132
Trd, 258683.050, 116
Trd, 258683.317, 118
Trd, 258683.367, 113
Trd, 258683.867, 108
Trd, 258684.033, 93
Trd, 258684.133, 108
Trd, 258684.900, 99
Trd, 258684.933, 106
Trd, 258685.133, 111
Trd, 258685.333, 104
Trd, 258685.700, 115
Trd, 258685.833, 111
Trd, 258686.283, 114
Trd, 258686.333, 116
Trd, 258686.400, 117
Trd, 258686.650, 138
Trd, 258687.283, 123
Trd, 258687.317, 122
Trd, 258687.783, 126
Trd, 258687.900, 124
Trd, 258687.983, 119
Trd, 258688.033, 115
Trd, 258688.050, 111
Trd, 258688.083, 105
Trd, 258688.167, 101
Trd, 258688.917, 117
Trd, 258689.100, 106
Trd, 258689.200, 90
Trd, 258689.650, 115
Trd, 258689.783, 114
Trd, 258689.800, 129
Trd, 258690.650, 135
Trd, 258690.750, 127
Trd, 258690.783, 116
Trd, 258691.317, 135
Trd, 258691.533, 118
Trd, 258691.633, 116
Trd, 258691.683, 136
Trd, 258691.800, 138
Trd, 258692.617, 137
Trd, 258692.633, 124
Trd, 258693.183, 110
Trd, 258693.583, 133
Trd, 258693.600, 118
Trd, 258693.700, 106
Trd, 258694.267, 119
Trd, 258694.867, 131
Trd, 258694.900, 103
Trd, 258695.117, 134
Trd, 258695.383, 88
Trd, 258695.750, 104
Trd, 258696.017, 94
Trd, 258696.350, 111
Trd, 258696.667, 102
Trd, 258696.867, 105
Trd, 258696.900, 105
Trd, 258697.083, 93
Trd, 258697.267, 115
Trd, 258697.467, 115
Trd, 258697.683, 125
Trd, 258697.867, 110
Trd, 258698.100, 104
Trd, 258698.667, 102
Trd, 258699.067, 133
Trd, 258699.583, 118
Trd, 258699.633, 115
Trd, 258700.067, 120
Trd, 258700.083, 106
Trd, 258700.200, 138
Trd, 258700.467, 128
Trd, 258700.683, 115
Trd, 258701.267, 117
Trd, 258701.400, 116
Trd, 258701.500, 113
Trd, 258701.850, 120
Trd, 258701.883, 122
Trd, 258702.150, 124
Trd, 258702.600, 112
Trd, 258702.800, 116
Trd, 258702.883, 115
Trd, 258702.900, 105
Trd, 258703.150, 118
Trd, 258703.450, 124
Trd, 258703.850, 132
Trd, 258704.117, 130
Trd, 258704.267, 124
Trd, 258704.283, 126
Trd, 258704.450, 121
Trd, 258704.550, 119
Trd, 258704.850, 130
Trd, 258704.867, 109
Trd, 258704.967, 130
Trd, 258705.467, 107
Trd, 258705.483, 107
Trd, 258705.817, 96
Trd, 258706.050, 105
Trd, 258706.483, 137
Trd, 258707.250, 139
Trd, 258707.900, 136
Trd, 258708.200, 136
Trd, 258708.733, 132
Trd, 258708.833, 130
Trd, 258708.950, 130
Trd, 258709.067, 129
Trd, 258709.250, 125
Trd, 258709.283, 120
Trd, 258709.433, 119
Trd, 258709.483, 116
Trd, 258710.217, 122
Trd, 258710.633, 119
Trd, 258710.850, 139
Trd, 258710.900, 118
Trd, 258711.217, 132
Trd, 258711.467, 130
Trd, 258711.750, 120
Trd, 258711.817, 122
Trd, 258711.883, 119
Trd, 258711.950, 137
Trd, 258712.483, 118
Trd, 258712.783, 116
Trd, 258712.900, 111
Trd, 258713.317, 113
Trd, 258713.567, 111
Trd, 258713.883, 111
Trd, 258714.433, 115
Trd, 258714.650, 114
Trd, 258714.800, 117
Trd, 258715.450, 121
Trd, 258716.567, 119
Trd, 258716.983, 110
Trd, 258717.000, 121
Trd, 258717.383, 120
Trd, 258717.500, 115
Trd, 258717.517, 108
Trd, 258717.583, 108
Trd, 258717.767, 123
Trd, 258717.800, 125
Trd, 258717.883, 106
Trd, 258718.417, 104
Trd, 258718.633, 101
Trd, 258718.717, 126
Trd, 258718.833, 96
Trd, 258719.133, 85
Trd, 258719.183, 106
Trd, 258719.567, 97
Trd, 258719.683, 110
Trd, 258719.783, 92
Trd, 258719.850, 92
Trd, 258719.900, 107
Trd, 258720.200, 121
Trd, 258720.633, 131
Trd, 258720.800, 107
Trd, 258721.183, 109
Trd, 258721.867, 109
Trd, 258722.067, 102
Trd, 258722.567, 99
Trd, 258722.650, 115
Trd, 258723.117, 136
Trd, 258723.250, 128
Trd, 258723.483, 103
Trd, 258724.217, 98
Trd, 258724.350, 112
Trd, 258724.567, 115
Trd, 258724.767, 109
Trd, 258725.217, 131
Trd, 258725.267, 134
Trd, 258725.333, 107
Trd, 258725.450, 99
Trd, 258725.950, 138
Trd, 258726.300, 102
Trd, 258726.517, 113
Trd, 258726.883, 99
Trd, 258726.933, 85
Trd, 258727.050, 111
Trd, 258727.300, 84
Trd, 258727.483, 106
Trd, 258727.700, 85
Trd, 258727.717, 113
Trd, 258727.950, 86
Trd, 258728.000, 116
Trd, 258728.167, 82
Trd, 258728.233, 108
Trd, 258728.567, 85
Trd, 258728.950, 97
Trd, 258729.133, 98
Trd, 258729.900, 97
Trd, 258729.933, 95
Trd, 258730.000, 108
Trd, 258730.367, 106
Trd, 258730.633, 89
Trd, 258730.917, 131
Trd, 258731.117, 131
Trd, 258731.217, 103
Trd, 258731.883, 131
Trd, 258731.967, 131
Trd, 258732.100, 123
Trd, 258732.233, 114
Trd, 258733.067, 116
Trd, 258733.217, 107
Trd, 258733.650, 130
Trd, 258733.717, 132
Trd, 258733.750, 127
Trd, 258734.217, 107
Trd, 258734.550, 123
Trd, 258734.733, 119
Trd, 258734.783, 107
Trd, 258735.067, 97
Trd, 258735.333, 110
Trd, 258735.483, 114
Trd, 258735.567, 114
Trd, 258735.700, 125
Trd, 258735.833, 124
Trd, 258735.967, 109
Trd, 258736.033, 113
Trd, 258736.217, 134
Trd, 258737.200, 133
Trd, 258737.400, 83
Trd, 258737.600, 113
Trd, 258737.750, 106
Trd, 258737.967, 115
Trd, 258739.067, 116
Trd, 258739.100, 121
Trd, 258739.550, 130
Trd, 258739.867, 123
Trd, 258740.050, 118
Trd, 258740.367, 111
Trd, 258740.517, 113
Trd, 258740.933, 126
Trd, 258741.300, 115
Trd, 258741.433, 111
Trd, 258741.450, 110
Trd, 258741.567, 122
Trd, 258742.267, 116
Trd, 258742.550, 101
Trd, 258742.867, 124
Trd, 258743.067, 134
Trd, 258743.517, 127
Trd, 258743.533, 113
Trd, 258745.350, 140
Trd, 258745.767, 135
Trd, 258745.817, 131
Trd, 258746.267, 134
Trd, 258746.283, 132
Trd, 258746.333, 125
Trd, 258746.417, 120
Trd, 258747.200, 137
Trd, 258747.433, 134
Trd, 258747.567, 138
Trd, 258747.717, 137
Trd, 258747.783, 119
Trd, 258748.017, 137
Trd, 258748.200, 137
Trd, 258748.350, 121
Trd, 258748.900, 128
Trd, 258748.950, 126
Trd, 258749.533, 122
Trd, 258749.633, 120
Trd, 258750.133, 140
Trd, 258750.283, 128
Trd, 258750.317, 121
Trd, 258750.917, 100
Trd, 258750.933, 99
Trd, 258751.000, 116
Trd, 258751.100, 98
Trd, 258751.567, 120
Trd, 258751.700, 119
Trd, 258751.850, 121
Trd, 258751.933, 116
Trd, 258752.283, 105
Trd, 258752.367, 97
Trd, 258752.450, 130
Trd, 258752.583, 92
Trd, 258752.817, 91
Trd, 258752.883, 90
Trd, 258753.067, 100
Trd, 258753.683, 120
Trd, 258753.833, 120
Trd, 258754.583, 135
Trd, 258754.650, 125
Trd, 258755.100, 125
Trd, 258755.417, 128
Trd, 258755.717, 107
Trd, 258755.933, 102
Trd, 258756.017, 97
Trd, 258756.150, 110
Trd, 258756.400, 111
Trd, 258756.667, 93
Trd, 258757.017, 117
Trd, 258757.183, 113
Trd, 258757.317, 116
Trd, 258757.600, 112
Trd, 258757.883, 114
Trd, 258757.950, 110
Trd, 258758.567, 116
Trd, 258759.033, 130
Trd, 258759.050, 122
Trd, 258759.350, 137
Trd, 258759.433, 129
Trd, 258759.583, 117
Trd, 258759.900, 111
Trd, 258760.100, 107
Trd, 258760.133, 101
Trd, 258760.317, 120
Trd, 258760.383, 106
Trd, 258760.650, 108
Trd, 258760.683, 100
Trd, 258761.083, 112
Trd, 258761.283, 115
Trd, 258761.733, 113
Trd, 258762.133, 112
Trd, 258762.200, 119
Trd, 258762.367, 109
Trd, 258762.550, 135
Trd, 258763.300, 122
Trd, 258763.583, 129
Trd, 258763.617, 121
Trd, 258764.033, 136
Trd, 258764.167, 117
Trd, 258764.267, 137
Trd, 258764.750, 116
Trd, 258765.000, 115
Trd, 258765.050, 110
Trd, 258765.550, 136
Trd, 258765.750, 123
Trd, 258765.800, 121
Trd, 258767.450, 125
Trd, 258767.650, 121
Trd, 258767.833, 113
Trd, 258768.283, 129
Trd, 258768.450, 120
Trd, 258768.550, 112
Trd, 258768.900, 126
Trd, 258768.933, 111
Trd, 258769.067, 107
Trd, 258769.317, 126
Trd, 258769.333, 105
Trd, 258769.400, 95
Trd, 258770.350, 106
Trd, 258770.883, 120
Trd, 258770.900, 76
Trd, 258770.917, 131
Trd, 258771.150, 122
Trd, 258771.250, 126
Trd, 258771.350, 125
Trd, 258771.783, 130
Trd, 258771.950, 123
Trd, 258772.117, 122
Trd, 258773.150, 138
Trd, 258773.383, 134
Trd, 258773.567, 128
Trd, 258774.067, 121
Trd, 258774.333, 113
Trd, 258774.633, 124
Trd, 258774.667, 126
Trd, 258774.700, 113
Trd, 258774.917, 113
Trd, 258775.367, 136
Trd, 258775.417, 131
Trd, 258776.400, 116
Trd, 258776.517, 123
Trd, 258776.583, 113
Trd, 258777.083, 104
Trd, 258777.250, 98
Trd, 258777.633, 108
Trd, 258777.717, 120
Trd, 258777.933, 133
Trd, 258778.467, 111
Trd, 258778.967, 133
Trd, 258779.033, 111
Trd, 258779.567, 131
Trd, 258779.783, 128
Trd, 258780.067, 131
Trd, 258780.217, 121
Trd, 258780.433, 109
Trd, 258780.500, 111
Trd, 258780.733, 110
Trd, 258780.800, 108
Trd, 258780.950, 128
Trd, 258781.050, 107
Trd, 258781.667, 99
Trd, 258782.383, 122
Trd, 258782.667, 122
Trd, 258783.000, 99
Trd, 258783.050, 98
Trd, 258783.300, 92
Trd, 258783.367, 86
Trd, 258783.400, 84
Trd, 258783.583, 113
Trd, 258783.867, 92
Trd, 258784.117, 105
Trd, 258784.217, 115
Trd, 258784.350, 115
Trd, 258784.833, 108
Trd, 258785.000, 107
Trd, 258785.117, 100
Trd, 258785.183, 117
Trd, 258786.000, 104
Trd, 258786.100, 101
Trd, 258786.633, 112
Trd, 258786.683, 101
Trd, 258786.967, 96
Trd, 258787.050, 109
Trd, 258787.167, 96
Trd, 258787.283, 102
Trd, 258787.600, 110
Trd, 258787.617, 116
Trd, 258787.867, 100
Trd, 258788.033, 128
Trd, 258788.067, 92
Trd, 258788.317, 95
Trd, 258788.567, 101
Trd, 258788.633, 87
Trd, 258788.783, 91
Trd, 258788.800, 108
Trd, 258788.917, 116
Trd, 258789.200, 100
Trd, 258789.650, 135
Trd, 258789.783, 134
Trd, 258790.083, 128
Trd, 258790.117, 127
Trd, 258790.683, 127
Trd, 258790.900, 107
Trd, 258791.717, 111
Trd, 258792.133, 100
Trd, 258792.200, 98
Trd, 258792.267, 94
Trd, 258792.500, 132
Trd, 258792.767, 140
Trd, 258792.833, 105
Trd, 258793.317, 134
Trd, 258793.333, 113
Trd, 258793.433, 110
Trd, 258793.617, 95
Trd, 258793.700, 85
Trd, 258793.750, 101
Trd, 258793.867, 109
Trd, 258793.933, 94
Trd, 258794.050, 138
Trd, 258794.183, 91
Trd, 258795.050, 130
Trd, 258795.217, 127
Trd, 258795.233, 112
Trd, 258795.567, 127
Trd, 258795.733, 130
Trd, 258795.800, 126
Trd, 258796.367, 131
Trd, 258796.667, 116
Trd, 258796.733, 102
Trd, 258797.083, 121
Trd, 258797.150, 113
Trd, 258797.267, 100
Trd, 258797.483, 96
Trd, 258797.533, 97
Trd, 258797.633, 92
Trd, 258798.167, 128
Trd, 258798.233, 100
Trd, 258798.533, 128
Trd, 258798.883, 128
Trd, 258799.483, 97
Trd, 258799.717, 109
Trd, 258799.950, 108
Trd, 258800.150, 130
Trd, 258800.217, 94
Trd, 258800.267, 132
Trd, 258800.600, 107
Trd, 258801.233, 104
Trd, 258801.300, 92
Trd, 258801.550, 98
Trd, 258801.583, 92
Trd, 258801.867, 94
Trd, 258802.067, 127
Trd, 258802.483, 123
Trd, 258802.700, 123
Trd, 258802.950, 133
Trd, 258803.133, 121
Trd, 258803.983, 128
Trd, 258804.000, 132
Trd, 258804.083, 133
Trd, 258804.500, 127
Trd, 258804.567, 139
Trd, 258804.800, 125
Trd, 258804.867, 125
Trd, 258805.017, 124
Trd, 258805.550, 130
Trd, 258805.617, 122
Trd, 258805.633, 119
Trd, 258805.817, 124
Trd, 258806.017, 123
Trd, 258806.167, 111
Trd, 258806.750, 120
Trd, 258807.300, 119
Trd, 258807.983, 120
Trd, 258808.067, 120
Trd, 258808.150, 118
Trd, 258808.250, 125
Trd, 258808.500, 133
Trd, 258808.650, 114
Trd, 258809.083, 131
Trd, 258809.283, 127
Trd, 258809.800, 130
Trd, 258810.133, 125
Trd, 258810.417, 116
Trd, 258810.450, 133
Trd, 258810.867, 133
Trd, 258810.900, 118
Trd, 258811.217, 112
Trd, 258811.483, 133
Trd, 258811.533, 124
Trd, 258811.850, 136
Trd, 258812.100, 120
Trd, 258812.267, 134
Trd, 258812.600, 115
Trd, 258812.800, 114
Trd, 258813.000, 138
Trd, 258813.267, 137
Trd, 258813.917, 140
Trd, 258813.967, 123
Trd, 258814.083, 124
Trd, 258814.300, 124
Trd, 258814.950, 120
Trd, 258814.983, 116
Trd, 258815.300, 118
Trd, 258815.633, 111
Trd, 258815.850, 99
Trd, 258816.250, 88
Trd, 258816.367, 95
Trd, 258816.750, 128
Trd, 258816.967, 135
Trd, 258817.817, 139
Trd, 258818.050, 120
Trd, 258818.200, 131
Trd, 258818.400, 119
Trd, 258818.883, 116
Trd, 258819.183, 130
Trd, 258819.317, 108
Trd, 258819.483, 133
Trd, 258819.600, 116
Trd, 258819.667, 98
Trd, 258819.933, 90
Trd, 258820.033, 99
Trd, 258820.467, 96
Trd, 258820.533, 100
Trd, 258820.550, 127
Trd, 258821.150, 130
Trd, 258821.467, 121
Trd, 258821.733, 120
Trd, 258822.300, 137
Trd, 258822.367, 132
Trd, 258822.700, 109
Trd, 258822.933, 106
Trd, 258823.117, 115
Trd, 258823.267, 103
Trd, 258823.467, 117
Trd, 258823.500, 101
Trd, 258823.600, 103
Trd, 258823.933, 121
Trd, 258824.617, 127
Trd, 258825.450, 125
Trd, 258825.517, 98
Trd, 258825.767, 107
Trd, 258826.217, 106
Trd, 258826.617, 95
Trd, 258826.650, 92
Trd, 258826.683, 112
Trd, 258826.750, 111
Trd, 258826.767, 116
Trd, 258827.283, 134
Trd, 258827.417, 132
Trd, 258827.767, 126
Trd, 258827.967, 135
Trd, 258828.050, 127
Trd, 258828.150, 118
Trd, 258828.450, 125
Trd, 258828.900, 119
Trd, 258829.150, 107
Trd, 258829.633, 107
Trd, 258829.917, 108
Trd, 258830.033, 109
Trd, 258830.533, 117
Trd, 258830.733, 106
Trd, 258830.983, 118
Trd, 258831.167, 118
Trd, 258831.233, 123
Trd, 258831.317, 104
Trd, 258831.517, 105
Trd, 258831.600, 96
Trd, 258831.933, 105
Trd, 258831.967, 100
Trd, 258832.000, 94
Trd, 258832.150, 88
Trd, 258832.467, 139
Trd, 258832.983, 98
Trd, 258833.483, 109
Trd, 258833.533, 124
Trd, 258833.567, 124
Trd, 258833.900, 90
Trd, 258834.683, 134
Trd, 258834.767, 130
Trd, 258834.883, 124
Trd, 258835.350, 111
Trd, 258835.367, 107
Trd, 258835.517, 106
Trd, 258835.833, 121
Trd, 258836.717, 122
Trd, 258836.950, 101
Trd, 258837.033, 99
Trd, 258837.333, 102
Trd, 258837.417, 96
Trd, 258837.467, 123
Trd, 258838.017, 94
Trd, 258838.433, 117
Trd, 258838.483, 109
Trd, 258838.517, 107
Trd, 258838.817, 126
Trd, 258839.150, 94
Trd, 258839.483, 98
Trd, 258839.500, 73
Trd, 258840.050, 108
Trd, 258840.783, 127
Trd, 258840.917, 125
Trd, 258841.233, 119
Trd, 258841.250, 132
Trd, 258841.267, 113
Trd, 258841.767, 130
Trd, 258842.033, 127
Trd, 258842.117, 114
Trd, 258842.217, 134
Trd, 258842.683, 99
Trd, 258842.867, 96
Trd, 258843.433, 101
Trd, 258844.600, 114
Trd, 258844.633, 110
Trd, 258844.683, 103
Trd, 258844.717, 96
Trd, 258844.733, 124
Trd, 258845.083, 110
Trd, 258845.317, 110
Trd, 258845.600, 111
Trd, 258845.833, 101
Trd, 258845.983, 91
Trd, 258846.317, 114
Trd, 258846.450, 121
Trd, 258846.617, 113
Trd, 258846.750, 124
Trd, 258846.800, 119
Trd, 258846.817, 109
Trd, 258846.833, 108
Trd, 258847.317, 136
Trd, 258847.683, 113
Trd, 258847.833, 92
Trd, 258847.967, 98
Trd, 258848.433, 104
Trd, 258848.483, 93
Trd, 258849.150, 110
Trd, 258849.600, 134
Trd, 258849.767, 140
Trd, 258849.783, 126
Trd, 258849.883, 122
Trd, 258850.133, 118
Trd, 258850.317, 115
Trd, 258850.683, 105
Trd, 258850.817, 99
Trd, 258851.617, 94
Trd, 258851.650, 105
Trd, 258851.850, 94
Trd, 258851.983, 110
Trd, 258852.233, 128
Trd, 258852.517, 127
Trd, 258852.633, 108
Trd, 258852.883, 107
Trd, 258853.500, 124
Trd, 258853.683, 105
Trd, 258853.800, 104
Trd, 258854.167, 99
Trd, 258854.667, 104
Trd, 258854.683, 98
Trd, 258854.850, 118
Trd, 258855.483, 139
Trd, 258855.950, 137
Trd, 258856.350, 134
Trd, 258856.383, 128
Trd, 258856.833, 113
Trd, 258857.350, 122
Trd, 258857.533, 121
Trd, 258857.867, 105
Trd, 258858.267, 135
Trd, 258858.650, 138
Trd, 258858.967, 121
Trd, 258859.183, 129
Trd, 258859.217, 112
Trd, 258859.617, 138
Trd, 258859.650, 132
Trd, 258859.717, 104
Trd, 258860.100, 125
Trd, 258860.700, 120
Trd, 258860.767, 117
Trd, 258861.117, 134
Trd, 258861.400, 103
Trd, 258861.917, 126
Trd, 258862.267, 126
Trd, 258862.933, 123
Trd, 258863.017, 120
Trd, 258863.500, 104
Trd, 258863.667, 100
Trd, 258863.767, 116
Trd, 258863.800, 132
Trd, 258863.950, 126
Trd, 258864.533, 121
Trd, 258864.617, 102
Trd, 258864.800, 84
Trd, 258864.917, 113
Trd, 258864.983, 72
Trd, 258865.400, 111
Trd, 258865.417, 108
Trd, 258865.467, 124
Trd, 258865.750, 124
Trd, 258865.883, 93
Trd, 258866.833, 84
Trd, 258866.867, 92
Trd, 258866.883, 92
Trd, 258867.100, 97
Trd, 258867.550, 86
Trd, 258867.817, 116
Trd, 258867.833, 81
Trd, 258867.917, 80
Trd, 258867.983, 83
Trd, 258868.650, 108
Trd, 258868.700, 94
Trd, 258868.733, 88
Trd, 258869.067, 108
Trd, 258869.200, 113
Trd, 258869.267, 111
Trd, 258869.617, 119
Trd, 258869.883, 119
Trd, 258870.050, 133
Trd, 258870.133, 129
Trd, 258870.183, 91
Trd, 258870.383, 124
Trd, 258871.050, 136
Trd, 258871.317, 128
Trd, 258871.400, 116
Trd, 258872.217, 121
Trd, 258872.483, 127
Trd, 258872.933, 120
Trd, 258873.050, 115
Trd, 258873.133, 105
Trd, 258873.733, 129
Trd, 258873.817, 124
Trd, 258874.000, 124
Trd, 258874.067, 132
Trd, 258874.200, 106
Trd, 258874.700, 115
Trd, 258874.833, 117
Trd, 258875.200, 101
Trd, 258875.367, 116
Trd, 258875.500, 123
Trd, 258875.517, 131
Trd, 258875.717, 94
Trd, 258875.767, 92
Trd, 258876.233, 120
Trd, 258876.417, 127
Trd, 258877.083, 115
Trd, 258877.333, 110
Trd, 258877.633, 115
Trd, 258878.017, 103
Trd, 258878.300, 119
Trd, 258878.550, 100
Trd, 258878.600, 93
Trd, 258878.667, 124
Trd, 258878.800, 133
Trd, 258879.017, 100
Trd, 258879.050, 128
Trd, 258879.417, 127
Trd, 258879.933, 121
Trd, 258880.017, 125
Trd, 258880.133, 134
Trd, 258880.617, 120
Trd, 258880.700, 102
Trd, 258881.350, 111
Trd, 258881.833, 123
Trd, 258882.050, 120
Trd, 258882.100, 124
Trd, 258882.200, 113
Trd, 258882.333, 112
Trd, 258882.817, 109
Trd, 258883.033, 97
Trd, 258883.283, 99
Trd, 258883.367, 100
Trd, 258883.567, 87
Trd, 258883.583, 78
Trd, 258883.917, 101
Trd, 258883.983, 109
Trd, 258884.417, 114
Trd, 258884.783, 92
Trd, 258884.867, 98
Trd, 258884.933, 120
Trd, 258885.400, 132
Trd, 258885.583, 119
Trd, 258885.700, 118
Trd, 258886.583, 116
Trd, 258886.617, 112
Trd, 258886.817, 113
Trd, 258887.033, 130
Trd, 258887.317, 129
Trd, 258887.383, 123
Trd, 258887.867, 130
Trd, 258888.117, 104
Trd, 258888.250, 102
Trd, 258888.933, 116
Trd, 258889.017, 116
Trd, 258889.050, 99
Trd, 258889.333, 132
Trd, 258889.950, 132
Trd, 258890.050, 130
Trd, 258890.067, 117
Trd, 258890.133, 112
Trd, 258890.867, 112
Trd, 258891.067, 104
Trd, 258891.383, 114
Trd, 258891.400, 101
Trd, 258891.450, 117
Trd, 258891.583, 106
Trd, 258892.033, 107
Trd, 258892.283, 123
Trd, 258892.600, 123
Trd, 258892.833, 105
Trd, 258893.283, 108
Trd, 258893.700, 126
Trd, 258893.800, 99
Trd, 258893.883, 123
Trd, 258894.167, 99
Trd, 258894.317, 118
Trd, 258895.050, 128
Trd, 258896.400, 137
Trd, 258896.550, 133
Trd, 258896.917, 112
Trd, 258897.050, 106
Trd, 258897.133, 101
Trd, 258897.200, 100
Trd, 258897.400, 99
Trd, 258897.700, 108
Trd, 258897.767, 110
Trd, 258897.800, 110
Trd, 258898.000, 134
Trd, 258898.033, 117
Trd, 258898.300, 125
Trd, 258898.833, 116
Trd, 258898.850, 100
Trd, 258899.033, 119
Trd, 258899.117, 88
Trd, 258899.133, 120
Trd, 258899.367, 99
Trd, 258899.567, 87
Trd, 258899.750, 97
Trd, 258900.167, 140
Trd, 258900.633, 125
Trd, 258901.617, 113
Trd, 258901.833, 110
Trd, 258901.883, 120
Trd, 258902.250, 116
Trd, 258902.400, 113
Trd, 258902.450, 121
Trd, 258902.717, 87
Trd, 258903.017, 105
Trd, 258903.067, 86
Trd, 258903.117, 110
Trd, 258903.267, 109
Trd, 258903.783, 85
Trd, 258903.933, 134
Trd, 258904.183, 115
Trd, 258904.483, 100
Trd, 258904.650, 116
Trd, 258904.767, 99
Trd, 258904.850, 98
Trd, 258905.250, 109
Trd, 258905.650, 96
Trd, 258905.767, 107
Trd, 258905.850, 106
Trd, 258906.050, 108
Trd, 258906.250, 127
Trd, 258906.433, 97
Trd, 258906.467, 95
Trd, 258906.667, 126
Trd, 258906.933, 133
Trd, 258907.150, 123
Trd, 258907.617, 94
Trd, 258907.650, 94
Trd, 258908.033, 94
Trd, 258908.450, 134
Trd, 258908.550, 119
Trd, 258908.817, 131
Trd, 258908.900, 128
Trd, 258909.250, 110
Trd, 258909.300, 102
Trd, 258910.000, 116
Trd, 258910.583, 133
Trd, 258911.467, 127
Trd, 258911.817, 117
Trd, 258912.183, 113
Trd, 258912.200, 121
Trd, 258912.367, 108
Trd, 258912.467, 106
Trd, 258912.800, 105
Trd, 258912.833, 120
Trd, 258913.100, 97
Trd, 258913.700, 98
Trd, 258913.800, 100
Trd, 258913.883, 99
Trd, 258914.117, 97
Trd, 258914.400, 105
Trd, 258914.550, 97
Trd, 258914.683, 96
Trd, 258914.783, 82
Trd, 258914.933, 89
Trd, 258915.183, 104
Trd, 258915.300, 108
Trd, 258915.533, 109
Trd, 258915.800, 127
Trd, 258916.067, 119
Trd, 258916.650, 96
Trd, 258916.750, 105
Trd, 258916.933, 136
Trd, 258917.067, 88
Trd, 258917.433, 134
Trd, 258917.700, 83
Trd, 258918.250, 97
Trd, 258918.383, 121
Trd, 258918.550, 122
Trd, 258918.650, 139
Trd, 258918.983, 118
Trd, 258919.483, 126
Trd, 258919.900, 105
Trd, 258920.117, 135
Trd, 258920.133, 107
Trd, 258920.283, 97
Trd, 258920.550, 128
Trd, 258920.983, 135
Trd, 258921.083, 113
Trd, 258921.517, 115
Trd, 258921.533, 110
Trd, 258921.567, 104
Trd, 258921.700, 128
Trd, 258921.767, 119
Trd, 258922.150, 133
Trd, 258922.633, 124
Trd, 258923.133, 137
Trd, 258923.233, 124
Trd, 258923.567, 128
Trd, 258923.917, 126
Trd, 258924.183, 111
Trd, 258924.700, 133
Trd, 258924.950, 116
Trd, 258925.100, 111
Trd, 258925.317, 107
Trd, 258925.383, 118
Trd, 258925.417, 132
Trd, 258925.617, 119
Trd, 258925.650, 116
Trd, 258926.017, 108
Trd, 258927.117, 136
Trd, 258927.383, 121
Trd, 258927.400, 114
Trd, 258927.533, 114
Trd, 258927.583, 133
Trd, 258927.650, 133
Trd, 258927.683, 114
Trd, 258927.783, 104
Trd, 258928.100, 134
Trd, 258928.567, 128
Trd, 258928.733, 119
Trd, 258929.017, 101
Trd, 258929.050, 118
Trd, 258929.350, 91
Trd, 258929.500, 80
Trd, 258929.900, 130
Trd, 258930.400, 100
Trd, 258930.767, 115
Trd, 258931.083, 112
Trd, 258931.183, 131
Trd, 258931.917, 123
Trd, 258931.950, 127
Trd, 258932.250, 130
Trd, 258932.350, 122
Trd, 258932.467, 110
Trd, 258932.800, 123
Trd, 258933.233, 127
Trd, 258934.150, 123
Trd, 258934.383, 112
Trd, 258934.517, 113
Trd, 258934.650, 116
Trd, 258934.667, 111
Trd, 258934.983, 109
Trd, 258935.250, 109
Trd, 258935.400, 108
Trd, 258935.467, 108
Trd, 258935.867, 127
Trd, 258935.983, 117
Trd, 258936.017, 126
Trd, 258936.183, 118
Trd, 258936.450, 110
Trd, 258936.700, 109
Trd, 258936.883, 104
Trd, 258937.400, 126
Trd, 258937.433, 130
Trd, 258937.467, 135
Trd, 258937.550, 105
Trd, 258937.617, 123
Trd, 258938.150, 101
Trd, 258938.217, 114
Trd, 258938.267, 99
Trd, 258938.717, 97
Trd, 258939.100, 90
Trd, 258939.750, 136
Trd, 258940.517, 122
Trd, 258940.600, 116
Trd, 258940.633, 124
Trd, 258940.717, 115
Trd, 258940.817, 128
Trd, 258941.550, 140
Trd, 258941.800, 140
Trd, 258942.983, 126
Trd, 258943.017, 122
Trd, 258943.300, 130
Trd, 258943.583, 111
Trd, 258944.183, 125
Trd, 258944.483, 115
Trd, 258944.500, 114
Trd, 258944.567, 113
Trd, 258944.683, 116
Trd, 258944.917, 124
Trd, 258945.033, 112
Trd, 258945.333, 102
Trd, 258945.400, 105
Trd, 258945.883, 116
Trd, 258946.183, 95
Trd, 258946.350, 123
Trd, 258946.383, 128
Trd, 258946.633, 102
Trd, 258946.783, 103
Trd, 258946.983, 105
Trd, 258947.050, 93
Trd, 258947.800, 98
Trd, 258947.917, 96
Trd, 258947.933, 123
Trd, 258948.367, 93
Trd, 258948.433, 126
Trd, 258948.517, 120
Trd, 258948.550, 127
Trd, 258949.217, 108
Trd, 258949.783, 103
Trd, 258949.900, 116
Trd, 258950.100, 129
Trd, 258950.183, 126
Trd, 258951.250, 127
Trd, 258951.517, 124
Trd, 258951.617, 127
Trd, 258951.867, 118
Trd, 258952.183, 127
Trd, 258952.300, 117
Trd, 258952.767, 107
Trd, 258952.800, 102
Trd, 258953.200, 131
Trd, 258953.500, 116
Trd, 258953.550, 89
Trd, 258953.617, 85
Trd, 258953.833, 115
Trd, 258954.533, 105
Trd, 258954.650, 91
Trd, 258954.700, 126
Trd, 258954.833, 118
Trd, 258954.917, 127
Trd, 258955.367, 123
Trd, 258955.500, 111
Trd, 258955.533, 111
Trd, 258956.050, 133
Trd, 258956.333, 131
Trd, 258956.367, 131
Trd, 258956.567, 101
Trd, 258956.867, 122
Trd, 258957.217, 137
Trd, 258957.567, 125
Trd, 258958.317, 130
Trd, 258958.367, 127
Trd, 258958.417, 122
Trd, 258958.583, 118
Trd, 258959.433, 121
Trd, 258959.467, 118
Trd, 258959.483, 116
Trd, 258959.517, 111
Trd, 258959.667, 104
Trd, 258960.283, 112
Trd, 258960.467, 103
Trd, 258960.517, 101
Trd, 258960.550, 105
Trd, 258960.783, 111
Trd, 258960.983, 104
Trd, 258961.283, 94
Trd, 258961.550, 100
Trd, 258961.583, 100
Trd, 258962.267, 124
Trd, 258962.417, 132
Trd, 258962.933, 129
Trd, 258963.183, 122
Trd, 258963.317, 122
Trd, 258963.367, 110
Trd, 258963.550, 109
Trd, 258963.983, 106
Trd, 258964.583, 103
Trd, 258964.617, 106
Trd, 258964.850, 107
Trd, 258964.883, 111
Trd, 258965.200, 118
Trd, 258965.250, 111
Trd, 258965.517, 120
Trd, 258965.650, 122
Trd, 258965.667, 102
Trd, 258965.767, 133
Trd, 258966.083, 85
Trd, 258966.200, 97
Trd, 258966.367, 137
Trd, 258966.500, 112
Trd, 258967.383, 113
Trd, 258967.517, 112
Trd, 258967.683, 106
Trd, 258968.283, 114
Trd, 258968.917, 111
Trd, 258969.550, 123
Trd, 258969.650, 116
Trd, 258969.950, 95
Trd, 258970.083, 140
Trd, 258970.433, 110
Trd, 258970.517, 113
Trd, 258970.750, 121
Trd, 258970.950, 106
Trd, 258971.083, 132
Trd, 258971.650, 134
Trd, 258971.700, 123
Trd, 258971.783, 122
Trd, 258972.050, 103
Trd, 258972.600, 105
Trd, 258972.617, 98
Trd, 258973.050, 127
Trd, 258973.367, 123
Trd, 258973.800, 123
Trd, 258974.000, 122
Trd, 258974.283, 137
Trd, 258974.317, 116
Trd, 258974.333, 109
Trd, 258974.667, 107
Trd, 258975.083, 111
Trd, 258975.183, 106
Trd, 258975.250, 112
Trd, 258975.267, 105
Trd, 258975.617, 118
Trd, 258975.917, 95
Trd, 258976.183, 96
Trd, 258977.067, 116
Trd, 258977.583, 125
Trd, 258977.683, 106
Trd, 258977.917, 106
Trd, 258979.483, 103
Trd, 258979.600, 105
Trd, 258979.833, 110
Trd, 258979.883, 102
Trd, 258979.933, 100
Trd, 258979.967, 97
Trd, 258980.017, 115
Trd, 258980.233, 100
Trd, 258980.367, 123
Trd, 258981.167, 126
Trd, 258981.600, 125
Trd, 258981.983, 134
Trd, 258982.017, 124
Trd, 258982.233, 137
Trd, 258982.717, 115
Trd, 258983.333, 139
Trd, 258983.417, 135
Trd, 258983.450, 133
Trd, 258983.733, 114
Trd, 258983.767, 94
Trd, 258983.983, 87
Trd, 258984.100, 93
Trd, 258984.217, 89
Trd, 258984.617, 72
Trd, 258985.017, 83
Trd, 258985.283, 76
Trd, 258985.600, 107
Trd, 258985.967, 114
Trd, 258985.983, 93
Trd, 258986.550, 102
Trd, 258986.667, 114
Trd, 258986.833, 119
Trd, 258987.467, 112
Trd, 258987.650, 109
Trd, 258987.700, 110
Trd, 258987.900, 121
Trd, 258987.950, 120
Trd, 258988.383, 128
Trd, 258988.417, 103
Trd, 258988.683, 113
Trd, 258988.900, 113
Trd, 258989.000, 99
Trd, 258989.583, 100
Trd, 258989.600, 99
Trd, 258989.733, 109
Trd, 258989.867, 115
Trd, 258990.433, 135
Trd, 258990.483, 133
Trd, 258990.617, 115
Trd, 258991.383, 121
Trd, 258991.450, 120
Trd, 258991.633, 111
Trd, 258991.750, 107
Trd, 258992.483, 132
Trd, 258992.683, 111
Trd, 258992.700, 111
Trd, 258993.017, 108
Trd, 258993.283, 120
Trd, 258994.050, 132
Trd, 258994.100, 114
Trd, 258994.150, 119
Trd, 258994.750, 110
Trd, 258994.967, 102
Trd, 258995.083, 103
Trd, 258995.100, 119
Trd, 258995.300, 100
Trd, 258995.367, 99
Trd, 258995.417, 121
Trd, 258995.667, 104
Trd, 258995.683, 124
Trd, 258996.333, 125
Trd, 258996.350, 133
Trd, 258996.467, 119
Trd, 258996.883, 136
Trd, 258997.233, 132
Trd, 258997.617, 93
Trd, 258997.700, 107
Trd, 258997.850, 102
Trd, 258998.633, 94
Trd, 258999.100, 106
Trd, 258999.183, 96
Trd, 258999.217, 130
Trd, 258999.350, 130
Trd, 259000.267, 114
Trd, 259000.733, 122
Trd, 259000.867, 132
Trd, 259000.950, 118
Trd, 259001.333, 128
Trd, 259001.467, 136
Trd, 259002.067, 127
Trd, 259002.100, 125
Trd, 259002.200, 118
Trd, 259002.517, 115
Trd, 259002.700, 138
Trd, 259002.917, 127
Trd, 259003.100, 114
Trd, 259004.533, 116
Trd, 259004.600, 115
Trd, 259004.900, 123
Trd, 259004.983, 118
Trd, 259005.183, 123
Trd, 259005.367, 112
Trd, 259005.400, 110
Trd, 259005.583, 96
Trd, 259005.617, 92
Trd, 259006.083, 127
Trd, 259006.517, 134
Trd, 259006.533, 124
Trd, 259007.150, 127
Trd, 259007.233, 125
Trd, 259007.300, 119
Trd, 259007.367, 116
Trd, 259007.433, 115
Trd, 259007.867, 124
Trd, 259008.133, 84
Trd, 259008.400, 88
Trd, 259008.467, 93
Trd, 259008.933, 93
Trd, 259008.967, 111
Trd, 259009.183, 111
Trd, 259009.650, 112
Trd, 259009.733, 113
Trd, 259010.067, 122
Trd, 259010.383, 128
Trd, 259010.400, 113
Trd, 259010.433, 117
Trd, 259010.467, 112
Trd, 259011.567, 98
Trd, 259012.017, 119
Trd, 259012.883, 126
Trd, 259013.200, 132
Trd, 259013.500, 138
Trd, 259013.650, 137
Trd, 259013.817, 136
Trd, 259013.850, 129
Trd, 259013.900, 121
Trd, 259013.967, 119
Trd, 259014.050, 117
Trd, 259014.233, 114
Trd, 259014.350, 127
Trd, 259015.150, 113
Trd, 259015.417, 112
Trd, 259015.550, 97
Trd, 259015.667, 124
Trd, 259015.917, 118
Trd, 259016.183, 120
Trd, 259016.467, 122
Trd, 259016.600, 117
Trd, 259016.733, 106
Trd, 259016.783, 99
Trd, 259016.833, 95
Trd, 259016.983, 119
Trd, 259017.183, 113
Trd, 259017.450, 132
Trd, 259017.883, 125
Trd, 259018.017, 128
Trd, 259018.517, 120
Trd, 259019.400, 129
Trd, 259019.417, 110
Trd, 259019.500, 136
Trd, 259020.283, 102
Trd, 259020.333, 98
Trd, 259020.600, 123
Trd, 259020.750, 91
Trd, 259021.150, 121
Trd, 259021.350, 119
Trd, 259021.500, 110
Trd, 259022.550, 103
Trd, 259022.667, 102
Trd, 259022.683, 91
Trd, 259022.767, 125
Trd, 259023.033, 91
Trd, 259023.200, 91
Trd, 259023.367, 97
Trd, 259023.517, 103
Trd, 259023.567, 111
Trd, 259023.583, 121
Trd, 259023.833, 115
Trd, 259024.067, 95
Trd, 259024.250, 98
Trd, 259024.400, 102
Trd, 259024.867, 99
Trd, 259025.000, 103
Trd, 259025.133, 120
Trd, 259025.217, 124
Trd, 259025.917, 133
Trd, 259026.183, 126
Trd, 259027.100, 128
Trd, 259027.333, 115
Trd, 259027.350, 112
Trd, 259027.550, 117
Trd, 259027.883, 116
Trd, 259028.183, 105
Trd, 259028.433, 122
Trd, 259028.733, 120
Trd, 259028.917, 100
Trd, 259029.283, 105
Trd, 259029.650, 98
Trd, 259030.133, 107
Trd, 259030.450, 110
Trd, 259030.733, 131
Trd, 259030.917, 108
Trd, 259031.083, 110
Trd, 259031.583, 132
Trd, 259031.633, 132
Trd, 259032.133, 106
Trd, 259032.433, 108
Trd, 259032.450, 124
Trd, 259032.633, 130
Trd, 259032.967, 104
Trd, 259033.000, 103
Trd, 259033.150, 136
Trd, 259033.517, 116
Trd, 259033.833, 132
Trd, 259033.933, 115
Trd, 259034.767, 126
Trd, 259034.833, 129
Trd, 259034.850, 107
Trd, 259034.900, 106
Trd, 259034.917, 102
Trd, 259035.100, 92
Trd, 259035.667, 88
Trd, 259036.300, 87
Trd, 259036.500, 90
Trd, 259036.683, 83
Trd, 259037.000, 98
Trd, 259037.050, 105
Trd, 259037.283, 80
Trd, 259037.533, 96
Trd, 259037.567, 108
Trd, 259037.667, 138
Trd, 259038.283, 115
Trd, 259038.817, 118
Trd, 259039.350, 111
Trd, 259039.600, 109
Trd, 259039.883, 124
Trd, 259039.933, 110
Trd, 259040.050, 107
Trd, 259040.150, 102
Trd, 259040.567, 135
Trd, 259040.783, 130
Trd, 259041.100, 129
Trd, 259041.383, 118
Trd, 259041.717, 125
Trd, 259041.967, 136
Trd, 259042.767, 133
Trd, 259043.167, 131
Trd, 259043.317, 110
Trd, 259043.700, 122
Trd, 259044.250, 115
Trd, 259044.517, 103
Trd, 259044.583, 84
Trd, 259044.750, 104
Trd, 259045.217, 118
Trd, 259045.483, 116
Trd, 259045.583, 111
Trd, 259045.633, 111
Trd, 259045.850, 122
Trd, 259045.867, 110
Trd, 259046.067, 104
Trd, 259046.217, 135
Trd, 259046.650, 134
Trd, 259046.717, 121
Trd, 259047.083, 111
Trd, 259047.100, 106
Trd, 259047.300, 103
Trd, 259047.583, 127
Trd, 259047.867, 100
Trd, 259048.033, 120
Trd, 259048.050, 99
Trd, 259048.200, 119
Trd, 259048.300, 119
Trd, 259048.333, 136
Trd, 259048.950, 123
Trd, 259049.550, 121
Trd, 259049.633, 115
Trd, 259049.650, 133
Trd, 259050.133, 111
Trd, 259050.200, 118
Trd, 259050.617, 138
Trd, 259050.883, 123
Trd, 259051.117, 118
Trd, 259051.167, 115
Trd, 259051.217, 111
Trd, 259051.600, 112
Trd, 259051.817, 134
Trd, 259051.850, 97
Trd, 259052.817, 137
Trd, 259053.100, 117
Trd, 259053.333, 106
Trd, 259053.550, 103
Trd, 259053.683, 100
Trd, 259053.783, 124
Trd, 259053.800, 129
Trd, 259053.817, 97
Trd, 259054.783, 111
Trd, 259055.067, 108
Trd, 259055.217, 97
Trd, 259055.283, 108
Trd, 259055.767, 132
Trd, 259056.500, 110
Trd, 259056.817, 132
Trd, 259056.933, 120
Trd, 259057.000, 109
Trd, 259057.433, 107
Trd, 259057.500, 99
Trd, 259057.517, 109
Trd, 259057.567, 122
Trd, 259057.933, 85
Trd, 259058.167, 115
Trd, 259058.267, 108
Trd, 259058.300, 103
Trd, 259058.533, 139
Trd, 259059.717, 118
Trd, 259059.767, 106
Trd, 259059.783, 102
Trd, 259060.083, 124
Trd, 259060.100, 126
Trd, 259060.150, 100
Trd, 259060.367, 126
Trd, 259060.967, 126
Trd, 259061.167, 125
Trd, 259061.617, 116
Trd, 259061.667, 102
Trd, 259061.767, 120
Trd, 259061.883, 120
Trd, 259062.183, 111
Trd, 259062.767, 122
Trd, 259062.917, 112
Trd, 259063.433, 125
Trd, 259063.650, 124
Trd, 259063.883, 121
Trd, 259064.217, 137
Trd, 259064.317, 132
Trd, 259064.383, 119
Trd, 259064.700, 115
Trd, 259064.733, 118
Trd, 259064.967, 113
Trd, 259065.300, 125
Trd, 259065.600, 122
Trd, 259065.667, 116
Trd, 259065.750, 124
Trd, 259065.900, 126
Trd, 259066.550, 133
Trd, 259066.817, 126
Trd, 259067.000, 116
Trd, 259067.267, 121
Trd, 259067.683, 133
Trd, 259068.133, 130
Trd, 259068.150, 101
Trd, 259068.483, 126
Trd, 259068.533, 120
Trd, 259068.617, 88
Trd, 259068.817, 122
Trd, 259069.050, 121
Trd, 259069.217, 139
Trd, 259069.267, 109
Trd, 259069.883, 126
Trd, 259070.083, 119
Trd, 259070.167, 113
Trd, 259070.450, 132
Trd, 259070.533, 120
Trd, 259071.050, 138
Trd, 259071.467, 125
Trd, 259071.700, 124
Trd, 259071.867, 119
Trd, 259072.000, 123
Trd, 259072.233, 140
Trd, 259072.317, 137
Trd, 259072.683, 116
Trd, 259073.033, 110
Trd, 259073.450, 113
Trd, 259074.800, 125
Trd, 259074.867, 126
Trd, 259075.133, 120
Trd, 259075.383, 130
Trd, 259075.450, 115
Trd, 259075.717, 110
Trd, 259075.783, 109
Trd, 259075.967, 107
Trd, 259076.017, 105
Trd, 259076.700, 124
Trd, 259077.100, 114
Trd, 259077.550, 138
Trd, 259077.567, 115
Trd, 259077.650, 133
Trd, 259077.733, 112
Trd, 259077.817, 104
Trd, 259078.267, 109
Trd, 259078.433, 130
Trd, 259078.517, 108
Trd, 259078.567, 107
Trd, 259078.700, 131
Trd, 259079.117, 137
Trd, 259079.350, 130
Trd, 259079.900, 138
Trd, 259081.167, 132
Trd, 259081.333, 123
Trd, 259081.450, 123
Trd, 259081.867, 111
Trd, 259081.983, 112
Trd, 259082.500, 134
Trd, 259083.183, 135
Trd, 259083.233, 131
Trd, 259083.600, 108
Trd, 259083.650, 113
Trd, 259083.817, 104
Trd, 259084.267, 138
Trd, 259084.900, 138
Trd, 259084.950, 134
Trd, 259085.000, 130
Trd, 259085.267, 123
Trd, 259085.800, 120
Trd, 259085.850, 120
Trd, 259086.117, 117
Trd, 259086.133, 103
Trd, 259086.783, 128
Trd, 259087.283, 108
Trd, 259087.433, 130
Trd, 259087.733, 129
Trd, 259087.833, 118
Trd, 259087.900, 114
Trd, 259088.017, 135
Trd, 259088.117, 107
Trd, 259088.167, 107
Trd, 259088.700, 111
Trd, 259089.083, 112
Trd, 259089.383, 115
Trd, 259089.667, 105
Trd, 259089.683, 102
Trd, 259089.733, 90
Trd, 259090.133, 137
Trd, 259090.500, 132
Trd, 259090.850, 92
Trd, 259091.817, 121
Trd, 259091.967, 136
Trd, 259092.133, 127
Trd, 259092.483, 125
Trd, 259093.100, 131
Trd, 259093.183, 117
Trd, 259093.317, 137
Trd, 259093.450, 110
Trd, 259093.833, 130
Trd, 259093.900, 124
Trd, 259094.050, 122
Trd, 259094.367, 121
Trd, 259094.417, 120
Trd, 259094.617, 123
Trd, 259094.633, 114
Trd, 259095.267, 131
Trd, 259095.350, 115
Trd, 259095.533, 113
Trd, 259095.683, 111
Trd, 259095.767, 104
Trd, 259095.883, 96
Trd, 259096.217, 112
Trd, 259096.267, 138
Trd, 259096.617, 118
Trd, 259096.850, 91
Trd, 259097.000, 102
Trd, 259097.033, 77
Trd, 259097.583, 133
Trd, 259097.917, 124
Trd, 259098.150, 123
Trd, 259098.783, 124
Trd, 259098.850, 126
Trd, 259098.867, 123
Trd, 259098.983, 136
Trd, 259099.350, 140
Trd, 259099.900, 139
Trd, 259099.933, 131
Trd, 259100.533, 134
Trd, 259101.117, 139
Trd, 259101.167, 124
Trd, 259101.450, 122
Trd, 259101.767, 131
Trd, 259101.833, 128
Trd, 259101.950, 122
Trd, 259102.417, 115
Trd, 259102.633, 119
Trd, 259102.833, 134
Trd, 259102.950, 111
Trd, 259103.150, 135
Trd, 259103.233, 135
Trd, 259103.333, 110
Trd, 259103.383, 101
Trd, 259103.917, 140
Trd, 259104.050, 131
Trd, 259104.533, 135
Trd, 259105.233, 135
Trd, 259105.333, 129
Trd, 259105.417, 124
Trd, 259105.433, 111
Trd, 259105.567, 105
Trd, 259105.650, 98
Trd, 259105.717, 85
Trd, 259106.550, 92
Trd, 259106.717, 96
Trd, 259106.833, 117
Trd, 259106.967, 91
Trd, 259107.033, 128
Trd, 259107.850, 111
Trd, 259108.317, 101
Trd, 259108.600, 118
Trd, 259108.700, 110
Trd, 259108.850, 118
Trd, 259109.167, 109
Trd, 259109.250, 108
Trd, 259109.633, 110
Trd, 259110.067, 105
Trd, 259110.100, 115
Trd, 259110.200, 101
Trd, 259110.333, 95
Trd, 259110.350, 120
Trd, 259110.433, 105
Trd, 259110.633, 116
Trd, 259110.700, 83
Trd, 259111.550, 122
Trd, 259112.050, 104
Trd, 259112.083, 126
Trd, 259112.200, 98
Trd, 259112.417, 96
Trd, 259112.633, 102
Trd, 259112.833, 100
Trd, 259112.950, 104
Trd, 259113.150, 126
Trd, 259113.167, 111
Trd, 259113.183, 110
Trd, 259113.700, 108
Trd, 259113.750, 90
Trd, 259114.117, 104
Trd, 259114.650, 90
Trd, 259114.733, 95
Trd, 259114.917, 88
Trd, 259115.217, 100
Trd, 259115.850, 81
Trd, 259116.033, 121
Trd, 259116.083, 117
Trd, 259116.150, 125
Trd, 259116.667, 135
Trd, 259117.133, 135
Trd, 259117.183, 117
Trd, 259117.600, 137
Trd, 259117.767, 135
Trd, 259117.800, 127
Trd, 259118.067, 123
Trd, 259118.183, 119
Trd, 259118.217, 108
Trd, 259118.250, 96
Trd, 259118.283, 95
Trd, 259118.700, 83
Trd, 259119.450, 103
Trd, 259119.483, 129
Trd, 259119.800, 131
Trd, 259119.917, 101
Trd, 259120.617, 134
Trd, 259120.700, 138
Trd, 259120.850, 133
Trd, 259121.267, 137
Trd, 259121.300, 133
Trd, 259121.883, 132
Trd, 259122.383, 125
Trd, 259122.467, 120
Trd, 259122.933, 128
Trd, 259123.000, 107
Trd, 259123.117, 127
Trd, 259123.183, 109
Trd, 259123.317, 124
Trd, 259123.967, 112
Trd, 259124.083, 105
Trd, 259124.717, 124
Trd, 259125.133, 139
Trd, 259125.283, 140
Trd, 259125.317, 122
Trd, 259125.517, 112
Trd, 259125.817, 110
Trd, 259125.950, 108
Trd, 259126.033, 104
Trd, 259126.067, 91
Trd, 259126.100, 114
Trd, 259126.200, 102
Trd, 259126.433, 99
Trd, 259127.033, 111
Trd, 259127.567, 103
Trd, 259128.300, 112
Trd, 259128.317, 105
Trd, 259128.333, 99
Trd, 259129.467, 140
Trd, 259129.633, 137
Trd, 259129.700, 132
Trd, 259130.417, 128
Trd, 259130.483, 114
Trd, 259130.550, 114
Trd, 259130.800, 129
Trd, 259130.850, 129
Trd, 259131.000, 139
Trd, 259131.467, 122
Trd, 259132.517, 134
Trd, 259132.650, 127
Trd, 259133.133, 126
Trd, 259133.167, 125
Trd, 259133.300, 133
Trd, 259133.800, 135
Trd, 259134.200, 129
Trd, 259134.467, 127
Trd, 259134.567, 126
Trd, 259135.050, 123
Trd, 259135.067, 123
Trd, 259135.350, 132
Trd, 259135.400, 120
Trd, 259135.467, 112
Trd, 259135.783, 118
Trd, 259135.867, 109
Trd, 259136.050, 135
Trd, 259136.650, 122
Trd, 259136.750, 135
Trd, 259137.100, 107
Trd, 259137.183, 113
Trd, 259137.650, 109
Trd, 259137.700, 117
Trd, 259138.067, 136
Trd, 259138.217, 126
Trd, 259138.433, 135
Trd, 259138.917, 129
Trd, 259139.083, 113
Trd, 259139.467, 131
Trd, 259139.483, 113
Trd, 259139.683, 108
Trd, 259139.767, 118
Trd, 259140.050, 112
Trd, 259140.100, 108
Trd, 259140.317, 125
Trd, 259140.333, 120
Trd, 259140.867, 132
Trd, 259140.983, 130
Trd, 259141.033, 118
Trd, 259141.050, 115
Trd, 259141.550, 133
Trd, 259141.600, 120
Trd, 259141.750, 95
Trd, 259141.933, 93
Trd, 259141.950, 91
Trd, 259141.983, 113
Trd, 259142.000, 89
Trd, 259143.467, 130
Trd, 259143.567, 130
Trd, 259143.633, 106
Trd, 259143.650, 132
Trd, 259143.683, 104
Trd, 259143.933, 136
Trd, 259144.200, 109
Trd, 259144.300, 107
Trd, 259144.450, 139
Trd, 259144.533, 137
Trd, 259144.583, 107
Trd, 259145.117, 88
Trd, 259145.367, 106
Trd, 259145.583, 103
Trd, 259145.950, 109
Trd, 259146.267, 118
Trd, 259146.533, 102
Trd, 259146.783, 124
Trd, 259147.017, 122
Trd, 259147.350, 127
Trd, 259147.450, 129
Trd, 259147.550, 110
Trd, 259147.717, 107
Trd, 259148.200, 116
Trd, 259148.333, 140
Trd, 259149.117, 137
Trd, 259149.617, 104
Trd, 259149.950, 118
Trd, 259150.067, 109
Trd, 259150.150, 103
Trd, 259150.217, 93
Trd, 259150.233, 118
Trd, 259150.767, 121
Trd, 259150.817, 122
Trd, 259150.917, 115
Trd, 259151.050, 110
Trd, 259151.233, 102
Trd, 259151.683, 110
Trd, 259152.083, 124
Trd, 259152.200, 122
Trd, 259152.733, 119
Trd, 259152.917, 115
Trd, 259153.583, 126
Trd, 259154.017, 128
Trd, 259154.317, 127
Trd, 259154.750, 128
Trd, 259155.233, 133
Trd, 259155.733, 122
Trd, 259156.150, 136
Trd, 259156.850, 137
Trd, 259156.900, 126
Trd, 259156.950, 125
Trd, 259157.000, 138
Trd, 259157.433, 125
Trd, 259157.467, 123
Trd, 259157.550, 112
Trd, 259157.683, 108
Trd, 259157.783, 116
Trd, 259157.833, 105
Trd, 259158.317, 114
Trd, 259158.717, 112
Trd, 259158.733, 122
Trd, 259159.150, 124
Trd, 259159.633, 129
Trd, 259160.000, 113
Trd, 259160.050, 108
Trd, 259160.433, 107
Trd, 259160.550, 139
Trd, 259160.667, 107
Trd, 259161.000, 109
Trd, 259161.183, 110
Trd, 259161.217, 105
Trd, 259161.583, 124
Trd, 259162.700, 122
Trd, 259162.883, 114
Trd, 259163.233, 113
Trd, 259163.483, 118
Trd, 259163.567, 112
Trd, 259164.000, 125
Trd, 259165.650, 138
Trd, 259165.767, 138
Trd, 259166.050, 132
Trd, 259166.300, 130
Trd, 259166.517, 128
Trd, 259166.650, 126
Trd, 259166.983, 121
Trd, 259167.050, 120
Trd, 259167.083, 137
Trd, 259167.217, 119
Trd, 259167.517, 128
Trd, 259167.667, 135
Trd, 259167.717, 134
Trd, 259167.833, 109
Trd, 259167.967, 103
Trd, 259168.917, 125
Trd, 259168.967, 118
Trd, 259169.900, 118
Trd, 259170.500, 113
Trd, 259170.683, 111
Trd, 259170.750, 120
Trd, 259171.000, 136
Trd, 259171.283, 137
Trd, 259172.083, 122
Trd, 259172.183, 120
Trd, 259172.233, 123
Trd, 259172.267, 120
Trd, 259172.617, 134
Trd, 259173.033, 127
Trd, 259173.217, 120
Trd, 259173.283, 119
Trd, 259173.567, 128
Trd, 259174.067, 125
Trd, 259174.533, 123
Trd, 259174.850, 122
Trd, 259174.867, 121
Trd, 259175.133, 126
Trd, 259175.233, 121
Trd, 259175.717, 116
Trd, 259175.733, 115
Trd, 259175.850, 122
Trd, 259176.233, 135
Trd, 259176.383, 129
Trd, 259176.500, 109
Trd, 259176.617, 109
Trd, 259176.733, 101
Trd, 259177.067, 107
Trd, 259177.733, 136
Trd, 259178.033, 98
Trd, 259178.333, 100
Trd, 259178.683, 120
Trd, 259178.700, 118
Trd, 259178.817, 113
Trd, 259178.850, 112
Trd, 259178.900, 103
Trd, 259179.200, 121
Trd, 259179.383, 137
Trd, 259179.800, 136
Trd, 259179.833, 136
Trd, 259179.900, 119
Trd, 259180.633, 122
Trd, 259181.050, 118
Trd, 259181.117, 126
Trd, 259181.167, 126
Trd, 259181.383, 130
Trd, 259182.117, 127
Trd, 259182.267, 138
Trd, 259182.733, 138
Trd, 259182.817, 123
Trd, 259183.633, 136
Trd, 259183.917, 122
Trd, 259184.183, 122
Trd, 259184.267, 119
Trd, 259184.300, 125
Trd, 259184.817, 120
Trd, 259184.833, 118
Trd, 259184.850, 117
Trd, 259184.883, 115
Trd, 259185.133, 132
Trd, 259185.550, 131
Trd, 259185.900, 110
Trd, 259185.933, 120
Trd, 259186.267, 108
Trd, 259186.350, 122
Trd, 259186.700, 107
Trd, 259186.767, 104
Trd, 259187.033, 132
Trd, 259187.800, 111
Trd, 259187.983, 120
Trd, 259188.100, 115
Trd, 259189.283, 111
Trd, 259189.783, 127
Trd, 259189.850, 124
Trd, 259189.983, 112
Trd, 259190.267, 105
Trd, 259190.317, 111
Trd, 259190.567, 122
Trd, 259190.600, 113
Trd, 259190.783, 101
Trd, 259190.917, 125
Trd, 259191.033, 101
Trd, 259191.100, 97
Trd, 259191.117, 97
Trd, 259191.183, 110
Trd, 259191.333, 115
Trd, 259191.500, 114
Trd, 259191.617, 97
Trd, 259191.683, 103
Trd, 259191.967, 123
Trd, 259192.100, 132
Trd, 259192.450, 120
Trd, 259192.517, 115
Trd, 259192.783, 88
Trd, 259193.167, 128
Trd, 259193.650, 132
Trd, 259193.867, 130
Trd, 259194.067, 133
Trd, 259194.117, 118
Trd, 259194.267, 122
Trd, 259194.400, 116
Trd, 259194.583, 110
Trd, 259194.600, 109
Trd, 259194.967, 100
Trd, 259195.083, 99
Trd, 259195.317, 133
Trd, 259195.583, 120
Trd, 259196.083, 124
Trd, 259196.317, 123
Trd, 259196.383, 110
Trd, 259196.483, 97
Trd, 259196.733, 102
Trd, 259196.967, 95
Trd, 259197.100, 100
Trd, 259197.250, 96
Trd, 259197.717, 99
Trd, 259197.733, 92
Trd, 259198.033, 121
Trd, 259198.433, 101
Trd, 259198.967, 108
Trd, 259199.100, 109
Trd, 259199.183, 113
Trd, 259199.500, 100
Trd, 259199.883, 98
Trd, 259199.983, 93
