Trd, 258560.017, 102
Trd, 258560.367, 139
Trd, 258560.583, 123
Trd, 258560.983, 127
Trd, 258561.033, 125
Trd, 258561.167, 112
Trd, 258561.183, 111
Trd, 258561.317, 113
Trd, 258562.217, 140
Trd, 258562.267, 140
Trd, 258562.283, 140
Trd, 258562.400, 139
Trd, 258562.500, 136
Trd, 258562.833, 134
Trd, 258563.350, 117
Trd, 258563.483, 103
Trd, 258563.533, 138
Trd, 258563.800, 110
Trd, 258564.033, 113
Trd, 258564.433, 118
Trd, 258564.900, 137
Trd, 258565.400, 121
Trd, 258565.650, 139
Trd, 258565.800, 136
Trd, 258565.900, 121
Trd, 258566.083, 120
Trd, 258566.150, 118
Trd, 258566.533, 121
Trd, 258566.717, 113
Trd, 258566.783, 105
Trd, 258566.917, 109
Trd, 258567.200, 127
Trd, 258567.933, 138
Trd, 258568.367, 130
Trd, 258568.400, 126
Trd, 258568.750, 140
Trd, 258568.800, 120
Trd, 258569.517, 133
Trd, 258569.567, 125
Trd, 258569.583, 124
Trd, 258569.683, 114
Trd, 258570.333, 95
Trd, 258570.417, 124
Trd, 258570.700, 108
Trd, 258570.967, 117
Trd, 258571.350, 135
Trd, 258571.650, 140
Trd, 258571.733, 114
Trd, 258572.350, 140
Trd, 258572.617, 139
Trd, 258572.917, 138
Trd, 258572.950, 133
Trd, 258573.133, 118
Trd, 258573.183, 117
Trd, 258573.267, 140
Trd, 258573.533, 124
Trd, 258573.550, 123
Trd, 258574.250, 114
Trd, 258574.383, 120
Trd, 258574.650, 140
Trd, 258575.350, 140
Trd, 258575.467, 140
Trd, 258575.617, 140
Trd, 258575.883, 140
Trd, 258576.117, 140
Trd, 258576.217, 140
Trd, 258576.317, 140
Trd, 258578.333, 140
Trd, 258578.983, 140
Trd, 258579.167, 140
Trd, 258579.433, 139
Trd, 258579.783, 140
Trd, 258579.867, 139
Trd, 258580.033, 140
Trd, 258580.567, 140
Trd, 258581.100, 140
Trd, 258581.217, 139
Trd, 258581.283, 134
Trd, 258581.400, 125
Trd, 258581.833, 139
Trd, 258581.950, 138
Trd, 258581.967, 123
Trd, 258582.533, 122
Trd, 258582.617, 121
Trd, 258582.650, 115
Trd, 258583.050, 108
Trd, 258583.800, 140
Trd, 258583.850, 140
Trd, 258584.250, 140
Trd, 258584.317, 140
Trd, 258584.417, 139
Trd, 258584.433, 137
Trd, 258584.517, 136
Trd, 258584.967, 133
Trd, 258585.283, 130
Trd, 258585.567, 118
Trd, 258585.917, 120
Trd, 258586.283, 139
Trd, 258586.583, 137
Trd, 258586.683, 136
Trd, 258586.817, 125
Trd, 258587.017, 136
Trd, 258587.583, 126
Trd, 258587.667, 124
Trd, 258587.683, 122
Trd, 258587.883, 134
Trd, 258588.017, 113
Trd, 258588.217, 112
Trd, 258588.383, 112
Trd, 258588.467, 133
Trd, 258588.483, 106
Trd, 258588.600, 101
Trd, 258589.150, 140
Trd, 258589.400, 140
Trd, 258589.700, 137
Trd, 258589.817, 119
Trd, 258589.850, 131
Trd, 258590.733, 125
Trd, 258591.033, 132
Trd, 258591.083, 108
Trd, 258591.767, 124
Trd, 258592.450, 116
Trd, 258592.783, 128
Trd, 258592.867, 122
Trd, 258593.250, 139
Trd, 258593.317, 125
Trd, 258593.583, 137
Trd, 258593.683, 111
Trd, 258593.817, 140
Trd, 258593.867, 133
Trd, 258594.217, 132
Trd, 258594.383, 128
Trd, 258594.650, 129
Trd, 258594.850, 128
Trd, 258595.217, 140
Trd, 258596.117, 128
Trd, 258596.400, 128
Trd, 258596.667, 128
Trd, 258596.783, 140
Trd, 258597.000, 140
Trd, 258597.217, 140
Trd, 258597.367, 140
Trd, 258597.417, 139
Trd, 258597.517, 139
Trd, 258597.750, 128
Trd, 258598.117, 139
Trd, 258598.567, 138
Trd, 258598.917, 134
Trd, 258598.950, 131
Trd, 258599.283, 140
Trd, 258599.700, 138
Trd, 258599.900, 129
Trd, 258600.033, 118
Trd, 258600.200, 127
Trd, 258601.217, 129
Trd, 258601.250, 140
Trd, 258601.617, 126
Trd, 258601.667, 125
Trd, 258601.833, 139
Trd, 258602.450, 140
Trd, 258602.467, 139
Trd, 258602.683, 122
Trd, 258602.983, 140
Trd, 258603.100, 122
Trd, 258603.400, 138
Trd, 258604.300, 126
Trd, 258604.367, 133
Trd, 258604.733, 134
Trd, 258605.083, 136
Trd, 258605.450, 130
Trd, 258605.667, 137
Trd, 258605.717, 129
Trd, 258605.767, 127
Trd, 258606.383, 126
Trd, 258606.733, 126
Trd, 258606.983, 123
Trd, 258607.367, 140
Trd, 258607.533, 140
Trd, 258607.583, 130
Trd, 258608.050, 125
Trd, 258608.467, 130
Trd, 258609.167, 134
Trd, 258609.500, 126
Trd, 258609.650, 125
Trd, 258609.817, 139
Trd, 258610.100, 124
Trd, 258610.150, 123
Trd, 258610.317, 120
Trd, 258610.550, 138
Trd, 258610.767, 136
Trd, 258610.917, 123
Trd, 258610.933, 119
Trd, 258611.183, 95
Trd, 258612.467, 137
Trd, 258612.583, 140
Trd, 258613.183, 140
Trd, 258613.483, 140
Trd, 258613.517, 139
Trd, 258614.300, 140
Trd, 258614.367, 139
Trd, 258614.667, 140
Trd, 258615.117, 140
Trd, 258615.400, 140
Trd, 258616.300, 140
Trd, 258616.333, 140
Trd, 258616.383, 138
Trd, 258616.550, 133
Trd, 258616.667, 122
Trd, 258616.867, 120
Trd, 258617.350, 140
Trd, 258617.633, 140
Trd, 258617.650, 140
Trd, 258618.400, 140
Trd, 258619.133, 138
Trd, 258619.250, 137
Trd, 258619.600, 131
Trd, 258619.650, 138
Trd, 258619.850, 135
Trd, 258619.967, 135
Trd, 258620.083, 134
Trd, 258620.333, 135
Trd, 258620.683, 137
Trd, 258620.933, 136
Trd, 258621.317, 137
Trd, 258621.733, 139
Trd, 258621.817, 138
Trd, 258622.283, 136
Trd, 258622.433, 123
Trd, 258622.483, 122
Trd, 258622.983, 110
Trd, 258623.000, 109
Trd, 258623.350, 129
Trd, 258624.117, 140
Trd, 258624.167, 140
Trd, 258624.733, 140
Trd, 258624.867, 139
Trd, 258625.617, 140
Trd, 258625.683, 140
Trd, 258625.917, 140
Trd, 258625.983, 140
Trd, 258626.567, 140
Trd, 258627.000, 140
Trd, 258627.083, 140
Trd, 258627.433, 138
Trd, 258627.617, 137
Trd, 258627.650, 134
Trd, 258628.217, 138
Trd, 258628.450, 133
Trd, 258628.800, 140
Trd, 258629.400, 138
Trd, 258629.750, 139
Trd, 258629.767, 133
Trd, 258630.217, 132
Trd, 258630.317, 131
Trd, 258630.517, 133
Trd, 258630.617, 129
Trd, 258631.150, 128
Trd, 258631.200, 127
Trd, 258631.567, 121
Trd, 258631.617, 87
Trd, 258631.900, 106
Trd, 258631.967, 123
Trd, 258632.483, 135
Trd, 258632.650, 136
Trd, 258632.700, 129
Trd, 258632.817, 109
Trd, 258633.267, 133
Trd, 258633.383, 127
Trd, 258633.450, 107
Trd, 258633.883, 111
Trd, 258634.350, 101
Trd, 258635.383, 140
Trd, 258635.700, 140
Trd, 258635.767, 140
Trd, 258635.850, 140
Trd, 258636.083, 140
Trd, 258636.467, 140
Trd, 258636.967, 140
Trd, 258637.150, 140
Trd, 258637.400, 140
Trd, 258637.600, 140
Trd, 258637.633, 138
Trd, 258637.817, 136
Trd, 258637.883, 134
Trd, 258638.417, 137
Trd, 258638.800, 135
Trd, 258638.967, 129
Trd, 258639.183, 140
Trd, 258640.200, 140
Trd, 258640.283, 140
Trd, 258640.917, 140
Trd, 258641.033, 140
Trd, 258641.500, 140
Trd, 258641.517, 135
Trd, 258641.700, 133
Trd, 258642.033, 130
Trd, 258642.183, 128
Trd, 258642.333, 127
Trd, 258642.450, 129
Trd, 258642.600, 126
Trd, 258642.817, 118
Trd, 258642.883, 118
Trd, 258643.100, 136
Trd, 258643.200, 122
Trd, 258643.483, 140
Trd, 258643.767, 137
Trd, 258644.667, 140
Trd, 258645.283, 140
Trd, 258645.333, 140
Trd, 258645.533, 140
Trd, 258645.850, 140
Trd, 258646.167, 140
Trd, 258646.183, 139
Trd, 258646.450, 140
Trd, 258646.700, 132
Trd, 258646.917, 123
Trd, 258646.950, 129
Trd, 258647.067, 114
Trd, 258647.300, 138
Trd, 258647.400, 124
Trd, 258647.450, 123
Trd, 258647.583, 109
Trd, 258647.850, 117
Trd, 258648.333, 126
Trd, 258648.533, 125
Trd, 258649.167, 127
Trd, 258649.333, 125
Trd, 258649.483, 123
Trd, 258649.567, 114
Trd, 258649.733, 101
Trd, 258649.800, 99
Trd, 258650.050, 124
Trd, 258650.233, 125
Trd, 258651.133, 139
Trd, 258651.400, 140
Trd, 258651.783, 140
Trd, 258652.567, 140
Trd, 258652.800, 140
Trd, 258652.817, 139
Trd, 258653.400, 140
Trd, 258654.200, 140
Trd, 258654.717, 140
Trd, 258654.800, 134
Trd, 258654.867, 139
Trd, 258655.250, 140
Trd, 258655.700, 140
Trd, 258655.767, 138
Trd, 258656.017, 134
Trd, 258656.250, 140
Trd, 258656.267, 128
Trd, 258656.467, 128
Trd, 258656.683, 118
Trd, 258656.850, 128
Trd, 258656.983, 111
Trd, 258657.267, 140
Trd, 258657.283, 128
Trd, 258657.433, 120
Trd, 258657.583, 140
Trd, 258657.833, 98
Trd, 258658.000, 110
Trd, 258658.283, 109
Trd, 258658.850, 109
Trd, 258659.467, 103
Trd, 258660.117, 133
Trd, 258660.183, 122
Trd, 258660.233, 121
Trd, 258660.800, 135
Trd, 258661.183, 134
Trd, 258661.350, 137
Trd, 258661.450, 120
Trd, 258661.767, 132
Trd, 258662.433, 136
Trd, 258662.533, 136
Trd, 258662.583, 132
Trd, 258662.667, 131
Trd, 258662.883, 139
Trd, 258663.733, 140
Trd, 258664.083, 140
Trd, 258664.833, 140
Trd, 258665.217, 140
Trd, 258665.667, 135
Trd, 258665.717, 134
Trd, 258665.733, 131
Trd, 258665.750, 126
Trd, 258666.250, 139
Trd, 258666.283, 137
Trd, 258666.467, 138
Trd, 258666.783, 140
Trd, 258667.133, 140
Trd, 258667.217, 133
Trd, 258667.267, 121
Trd, 258668.250, 140
Trd, 258668.317, 140
Trd, 258669.267, 140
Trd, 258669.517, 130
Trd, 258669.600, 129
Trd, 258669.933, 137
Trd, 258669.967, 109
Trd, 258670.633, 134
Trd, 258670.683, 136
Trd, 258670.783, 126
Trd, 258670.950, 109
Trd, 258671.067, 107
Trd, 258671.200, 106
Trd, 258671.600, 123
Trd, 258671.667, 127
Trd, 258671.967, 111
Trd, 258672.033, 107
Trd, 258672.500, 118
Trd, 258672.633, 117
Trd, 258672.767, 116
Trd, 258673.017, 101
Trd, 258673.267, 97
Trd, 258673.350, 100
Trd, 258673.367, 125
Trd, 258673.450, 79
Trd, 258673.617, 81
Trd, 258674.200, 140
Trd, 258674.533, 140
Trd, 258674.933, 140
Trd, 258675.000, 140
Trd, 258675.033, 140
Trd, 258675.133, 140
Trd, 258675.150, 122
Trd, 258675.383, 135
Trd, 258675.417, 119
Trd, 258675.433, 104
Trd, 258675.617, 103
Trd, 258675.683, 88
Trd, 258675.733, 111
Trd, 258676.567, 118
Trd, 258676.917, 126
Trd, 258677.233, 130
Trd, 258677.283, 122
Trd, 258677.450, 112
Trd, 258678.033, 113
Trd, 258678.617, 139
Trd, 258679.133, 140
Trd, 258679.267, 140
Trd, 258679.433, 139
Trd, 258679.650, 120
Trd, 258679.933, 116
Trd, 258679.950, 117
Trd, 258680.633, 119
Trd, 258681.450, 140
Trd, 258681.600, 131
Trd, 258681.767, 140
Trd, 258681.867, 139
Trd, 258681.917, 122
Trd, 258681.950, 121
Trd, 258681.983, 115
Trd, 258682.383, 140
Trd, 258682.450, 116
Trd, 258682.700, 116
Trd, 258682.750, 115
Trd, 258683.083, 107
Trd, 258683.267, 106
Trd, 258683.317, 106
Trd, 258683.717, 101
Trd, 258683.817, 139
Trd, 258684.100, 100
Trd, 258684.367, 131
Trd, 258684.417, 97
Trd, 258684.533, 122
Trd, 258684.667, 95
Trd, 258684.967, 95
Trd, 258685.050, 96
Trd, 258685.233, 84
Trd, 258685.333, 97
Trd, 258685.950, 91
Trd, 258686.150, 137
Trd, 258686.183, 121
Trd, 258687.117, 125
Trd, 258687.383, 140
Trd, 258687.600, 140
Trd, 258687.883, 140
Trd, 258688.733, 140
Trd, 258688.817, 140
Trd, 258689.017, 140
Trd, 258689.117, 139
Trd, 258689.467, 135
Trd, 258689.483, 134
Trd, 258689.733, 134
Trd, 258689.767, 112
Trd, 258689.883, 114
Trd, 258690.033, 113
Trd, 258690.083, 112
Trd, 258690.700, 140
Trd, 258690.733, 139
Trd, 258691.033, 127
Trd, 258691.133, 139
Trd, 258691.317, 126
Trd, 258691.367, 111
Trd, 258691.633, 139
Trd, 258691.667, 105
Trd, 258691.983, 139
Trd, 258692.083, 102
Trd, 258692.350, 123
Trd, 258692.800, 111
Trd, 258693.100, 100
Trd, 258693.417, 122
Trd, 258693.700, 104
Trd, 258693.850, 95
Trd, 258694.000, 125
Trd, 258694.183, 124
Trd, 258694.883, 140
Trd, 258694.933, 129
Trd, 258695.200, 129
Trd, 258695.300, 128
Trd, 258695.417, 124
Trd, 258696.133, 140
Trd, 258696.183, 139
Trd, 258696.550, 140
Trd, 258696.850, 140
Trd, 258697.350, 139
Trd, 258697.467, 119
Trd, 258697.783, 140
Trd, 258698.350, 140
Trd, 258698.417, 140
Trd, 258698.533, 123
Trd, 258698.717, 127
Trd, 258699.033, 120
Trd, 258699.417, 121
Trd, 258699.483, 124
Trd, 258700.167, 136
Trd, 258700.517, 139
Trd, 258700.633, 128
Trd, 258701.083, 140
Trd, 258701.250, 140
Trd, 258701.333, 126
Trd, 258701.667, 125
Trd, 258701.767, 126
Trd, 258701.817, 120
Trd, 258701.850, 120
Trd, 258701.967, 129
Trd, 258702.317, 120
Trd, 258702.800, 125
Trd, 258703.050, 117
Trd, 258703.650, 125
Trd, 258703.917, 125
Trd, 258704.150, 124
Trd, 258704.167, 122
Trd, 258704.717, 127
Trd, 258705.083, 140
Trd, 258705.250, 140
Trd, 258705.683, 140
Trd, 258705.750, 140
Trd, 258706.133, 140
Trd, 258706.817, 140
Trd, 258707.133, 140
Trd, 258707.267, 139
Trd, 258707.550, 134
Trd, 258707.867, 140
Trd, 258707.917, 140
Trd, 258708.483, 137
Trd, 258708.500, 132
Trd, 258708.617, 132
Trd, 258709.567, 138
Trd, 258709.683, 124
Trd, 258710.433, 129
Trd, 258710.567, 136
Trd, 258710.733, 137
Trd, 258710.767, 138
Trd, 258710.950, 138
Trd, 258711.067, 137
Trd, 258711.200, 137
Trd, 258711.250, 136
Trd, 258711.833, 140
Trd, 258712.600, 140
Trd, 258712.650, 140
Trd, 258712.767, 140
Trd, 258713.017, 140
Trd, 258713.283, 139
Trd, 258713.667, 134
Trd, 258713.717, 117
Trd, 258713.817, 111
Trd, 258713.833, 136
Trd, 258714.150, 138
Trd, 258714.650, 140
Trd, 258715.050, 140
Trd, 258715.333, 140
Trd, 258716.133, 140
Trd, 258716.217, 140
Trd, 258716.233, 140
Trd, 258716.333, 140
Trd, 258716.883, 140
Trd, 258717.667, 140
Trd, 258717.883, 140
Trd, 258718.133, 135
Trd, 258718.317, 134
Trd, 258718.717, 140
Trd, 258718.867, 139
Trd, 258719.100, 137
Trd, 258719.900, 129
Trd, 258719.967, 123
Trd, 258720.133, 117
Trd, 258720.150, 112
Trd, 258720.217, 112
Trd, 258720.250, 111
Trd, 258720.550, 107
Trd, 258721.200, 124
Trd, 258721.483, 137
Trd, 258721.700, 135
Trd, 258722.300, 140
Trd, 258722.400, 140
Trd, 258722.583, 140
Trd, 258722.983, 138
Trd, 258723.233, 134
Trd, 258723.350, 133
Trd, 258723.517, 139
Trd, 258723.583, 133
Trd, 258723.750, 121
Trd, 258724.017, 120
Trd, 258724.100, 119
Trd, 258724.217, 116
Trd, 258724.350, 105
Trd, 258724.567, 97
Trd, 258724.717, 138
Trd, 258725.017, 129
Trd, 258725.033, 125
Trd, 258725.217, 139
Trd, 258725.500, 124
Trd, 258725.600, 100
Trd, 258726.333, 133
Trd, 258726.733, 131
Trd, 258726.783, 126
Trd, 258727.317, 140
Trd, 258727.433, 140
Trd, 258727.933, 140
Trd, 258728.833, 140
Trd, 258729.317, 140
Trd, 258729.333, 140
Trd, 258729.467, 140
Trd, 258730.033, 134
Trd, 258730.083, 113
Trd, 258730.467, 140
Trd, 258730.683, 140
Trd, 258731.433, 140
Trd, 258731.617, 140
Trd, 258731.683, 140
Trd, 258732.017, 138
Trd, 258732.067, 122
Trd, 258732.333, 122
Trd, 258733.217, 123
Trd, 258733.400, 121
Trd, 258733.467, 118
Trd, 258733.617, 127
Trd, 258733.850, 140
Trd, 258734.217, 122
Trd, 258734.317, 137
Trd, 258734.333, 122
Trd, 258734.800, 140
Trd, 258735.133, 137
Trd, 258735.233, 118
Trd, 258735.400, 126
Trd, 258736.117, 140
Trd, 258736.267, 140
Trd, 258736.867, 139
Trd, 258737.067, 136
Trd, 258737.117, 118
Trd, 258737.233, 117
Trd, 258737.300, 98
Trd, 258737.883, 140
Trd, 258738.133, 96
Trd, 258738.217, 95
Trd, 258738.283, 95
Trd, 258738.667, 121
Trd, 258739.033, 130
Trd, 258739.567, 140
Trd, 258739.700, 140
Trd, 258739.717, 140
Trd, 258739.783, 118
Trd, 258740.300, 98
Trd, 258740.550, 111
Trd, 258741.200, 135
Trd, 258741.550, 139
Trd, 258741.683, 138
Trd, 258741.817, 140
Trd, 258742.767, 140
Trd, 258742.900, 140
Trd, 258743.250, 140
Trd, 258743.567, 140
Trd, 258743.700, 138
Trd, 258743.833, 134
Trd, 258743.867, 130
Trd, 258743.967, 135
Trd, 258744.100, 140
Trd, 258744.117, 136
Trd, 258744.217, 121
Trd, 258744.417, 123
Trd, 258744.600, 122
Trd, 258744.633, 122
Trd, 258744.833, 121
Trd, 258745.683, 137
Trd, 258746.717, 140
Trd, 258747.200, 140
Trd, 258747.367, 140
Trd, 258747.483, 140
Trd, 258747.717, 140
Trd, 258747.833, 140
Trd, 258747.867, 140
Trd, 258749.100, 128
Trd, 258749.150, 140
Trd, 258749.200, 130
Trd, 258750.283, 125
Trd, 258750.400, 120
Trd, 258750.417, 115
Trd, 258751.017, 122
Trd, 258751.150, 122
Trd, 258751.200, 140
Trd, 258751.450, 133
Trd, 258751.717, 140
Trd, 258752.333, 140
Trd, 258752.433, 140
Trd, 258753.017, 140
Trd, 258753.200, 140
Trd, 258753.250, 139
Trd, 258753.367, 140
Trd, 258753.650, 139
Trd, 258754.433, 140
Trd, 258754.550, 140
Trd, 258754.783, 135
Trd, 258755.333, 140
Trd, 258755.517, 139
Trd, 258755.567, 138
Trd, 258755.767, 128
Trd, 258756.300, 121
Trd, 258756.317, 102
Trd, 258756.517, 124
Trd, 258756.567, 109
Trd, 258756.917, 136
Trd, 258757.383, 111
Trd, 258758.100, 109
Trd, 258758.183, 136
Trd, 258758.850, 137
Trd, 258759.167, 138
Trd, 258759.467, 137
Trd, 258759.517, 135
Trd, 258759.650, 116
Trd, 258759.683, 139
Trd, 258760.300, 111
Trd, 258760.350, 110
Trd, 258760.850, 140
Trd, 258761.767, 140
Trd, 258761.833, 139
Trd, 258761.883, 135
Trd, 258762.800, 140
Trd, 258763.500, 140
Trd, 258763.650, 140
Trd, 258763.767, 140
Trd, 258763.783, 140
Trd, 258763.833, 139
Trd, 258764.150, 139
Trd, 258764.700, 140
Trd, 258765.117, 138
Trd, 258765.217, 133
Trd, 258765.450, 136
Trd, 258765.533, 120
Trd, 258765.750, 118
Trd, 258766.100, 119
Trd, 258766.200, 112
Trd, 258766.600, 108
Trd, 258766.800, 108
Trd, 258766.867, 113
Trd, 258767.150, 140
Trd, 258767.350, 140
Trd, 258767.583, 134
Trd, 258767.900, 119
Trd, 258768.083, 140
Trd, 258768.700, 128
Trd, 258769.383, 137
Trd, 258769.500, 112
Trd, 258769.717, 126
Trd, 258770.033, 115
Trd, 258770.267, 113
Trd, 258770.483, 118
Trd, 258770.517, 126
Trd, 258770.850, 130
Trd, 258770.867, 111
Trd, 258771.283, 103
Trd, 258771.333, 133
Trd, 258771.567, 117
Trd, 258771.983, 95
Trd, 258772.350, 124
Trd, 258772.717, 137
Trd, 258772.800, 123
Trd, 258773.333, 119
Trd, 258773.600, 140
Trd, 258773.633, 118
Trd, 258773.933, 136
Trd, 258774.383, 138
Trd, 258775.067, 140
Trd, 258775.333, 140
Trd, 258775.533, 140
Trd, 258775.617, 140
Trd, 258775.683, 140
Trd, 258775.817, 137
Trd, 258776.067, 129
Trd, 258776.233, 140
Trd, 258776.783, 139
Trd, 258778.283, 139
Trd, 258778.300, 135
Trd, 258778.417, 140
Trd, 258778.583, 139
Trd, 258778.683, 140
Trd, 258778.800, 128
Trd, 258779.150, 140
Trd, 258779.233, 140
Trd, 258779.367, 140
Trd, 258779.983, 135
Trd, 258780.017, 139
Trd, 258780.133, 133
Trd, 258780.217, 130
Trd, 258780.350, 134
Trd, 258780.600, 124
Trd, 258780.700, 123
Trd, 258781.133, 121
Trd, 258781.283, 137
Trd, 258782.167, 140
Trd, 258782.483, 138
Trd, 258782.533, 137
Trd, 258782.617, 136
Trd, 258782.717, 136
Trd, 258782.783, 135
Trd, 258783.000, 132
Trd, 258783.417, 133
Trd, 258783.617, 116
Trd, 258783.633, 114
Trd, 258783.650, 112
Trd, 258783.717, 95
Trd, 258783.850, 99
Trd, 258784.850, 140
Trd, 258785.017, 123
Trd, 258785.683, 140
Trd, 258786.250, 136
Trd, 258786.400, 136
Trd, 258786.433, 135
Trd, 258786.450, 117
Trd, 258786.667, 91
Trd, 258787.367, 115
Trd, 258787.433, 114
Trd, 258787.483, 112
Trd, 258787.817, 111
Trd, 258787.833, 126
Trd, 258788.000, 128
Trd, 258788.083, 132
Trd, 258789.117, 114
Trd, 258789.333, 113
Trd, 258789.433, 118
Trd, 258789.917, 133
Trd, 258790.117, 109
Trd, 258790.217, 97
Trd, 258790.317, 116
Trd, 258790.367, 96
Trd, 258790.400, 139
Trd, 258790.917, 115
Trd, 258791.033, 115
Trd, 258791.350, 138
Trd, 258791.483, 120
Trd, 258791.517, 119
Trd, 258792.100, 140
Trd, 258792.317, 139
Trd, 258792.617, 138
Trd, 258793.150, 118
Trd, 258793.233, 121
Trd, 258793.417, 140
Trd, 258793.500, 114
Trd, 258794.100, 138
Trd, 258794.117, 123
Trd, 258794.217, 104
Trd, 258794.333, 103
Trd, 258795.133, 134
Trd, 258795.167, 106
Trd, 258795.600, 140
Trd, 258796.200, 139
Trd, 258796.267, 132
Trd, 258796.433, 126
Trd, 258796.533, 123
Trd, 258796.733, 122
Trd, 258796.833, 128
Trd, 258796.917, 116
Trd, 258797.100, 139
Trd, 258797.417, 123
Trd, 258797.467, 124
Trd, 258797.717, 138
Trd, 258798.050, 137
Trd, 258798.133, 126
Trd, 258798.333, 125
Trd, 258798.383, 140
Trd, 258799.133, 140
Trd, 258799.383, 139
Trd, 258799.600, 140
Trd, 258799.633, 139
Trd, 258800.050, 138
Trd, 258800.917, 122
Trd, 258801.000, 133
Trd, 258801.033, 134
Trd, 258801.200, 128
Trd, 258801.250, 127
Trd, 258801.800, 139
Trd, 258802.350, 134
Trd, 258802.567, 140
Trd, 258802.600, 139
Trd, 258802.617, 137
Trd, 258802.950, 137
Trd, 258802.967, 136
Trd, 258803.383, 125
Trd, 258803.550, 129
Trd, 258803.567, 128
Trd, 258803.933, 125
Trd, 258803.983, 116
Trd, 258804.100, 115
Trd, 258804.567, 139
Trd, 258804.633, 102
Trd, 258805.517, 140
Trd, 258805.650, 140
Trd, 258806.717, 140
Trd, 258806.800, 140
Trd, 258807.300, 140
Trd, 258807.450, 140
Trd, 258807.500, 136
Trd, 258807.517, 140
Trd, 258807.750, 134
Trd, 258808.183, 133
Trd, 258808.267, 131
Trd, 258808.517, 138
Trd, 258808.617, 132
Trd, 258808.633, 130
Trd, 258808.767, 125
Trd, 258809.650, 140
Trd, 258809.833, 140
Trd, 258809.850, 139
Trd, 258809.900, 139
Trd, 258810.033, 138
Trd, 258810.100, 136
Trd, 258810.133, 122
Trd, 258810.183, 140
Trd, 258810.283, 117
Trd, 258810.783, 140
Trd, 258810.933, 140
Trd, 258810.983, 138
Trd, 258811.083, 135
Trd, 258811.150, 120
Trd, 258811.400, 119
Trd, 258811.800, 136
Trd, 258812.550, 137
Trd, 258813.117, 137
Trd, 258813.217, 136
Trd, 258813.550, 138
Trd, 258813.767, 133
Trd, 258813.850, 134
Trd, 258813.900, 131
Trd, 258814.650, 139
Trd, 258815.817, 140
Trd, 258816.350, 140
Trd, 258816.967, 140
Trd, 258817.050, 140
Trd, 258817.100, 140
Trd, 258817.267, 140
Trd, 258817.283, 140
Trd, 258817.350, 137
Trd, 258817.517, 129
Trd, 258818.283, 140
Trd, 258818.450, 140
Trd, 258818.483, 139
Trd, 258819.033, 139
Trd, 258819.300, 132
Trd, 258819.667, 131
Trd, 258820.233, 125
Trd, 258820.450, 119
Trd, 258820.800, 116
Trd, 258821.167, 115
Trd, 258821.250, 114
Trd, 258821.633, 110
Trd, 258821.850, 133
Trd, 258822.233, 140
Trd, 258822.367, 126
Trd, 258822.400, 122
Trd, 258822.817, 138
Trd, 258823.650, 139
Trd, 258823.900, 140
Trd, 258824.100, 140
Trd, 258824.367, 139
Trd, 258824.467, 134
Trd, 258824.750, 133
Trd, 258824.817, 139
Trd, 258825.383, 136
Trd, 258825.417, 134
Trd, 258825.617, 121
Trd, 258825.733, 119
Trd, 258825.767, 115
Trd, 258825.850, 115
Trd, 258826.317, 139
Trd, 258826.333, 127
Trd, 258826.817, 138
Trd, 258827.817, 121
Trd, 258827.933, 133
Trd, 258828.033, 122
Trd, 258828.150, 121
Trd, 258828.200, 104
Trd, 258828.267, 129
Trd, 258828.700, 100
Trd, 258829.150, 130
Trd, 258829.433, 128
Trd, 258829.450, 123
Trd, 258829.633, 128
Trd, 258829.800, 114
Trd, 258830.400, 137
Trd, 258830.633, 125
Trd, 258831.017, 139
Trd, 258831.217, 107
Trd, 258831.817, 140
Trd, 258832.200, 140
Trd, 258833.050, 140
Trd, 258833.833, 140
Trd, 258833.950, 140
Trd, 258834.050, 140
Trd, 258834.067, 139
Trd, 258834.117, 139
Trd, 258834.183, 139
Trd, 258834.283, 134
Trd, 258834.550, 135
Trd, 258834.800, 134
Trd, 258834.850, 129
Trd, 258835.617, 114
Trd, 258836.183, 112
Trd, 258836.317, 134
Trd, 258836.383, 131
Trd, 258836.417, 124
Trd, 258836.483, 111
Trd, 258836.617, 117
Trd, 258836.683, 135
Trd, 258837.033, 138
Trd, 258837.083, 135
Trd, 258837.500, 140
Trd, 258837.867, 140
Trd, 258838.200, 139
Trd, 258838.283, 139
Trd, 258838.583, 137
Trd, 258838.783, 140
Trd, 258839.017, 124
Trd, 258839.300, 139
Trd, 258839.433, 122
Trd, 258839.833, 115
Trd, 258839.867, 121
Trd, 258839.950, 114
Trd, 258840.417, 116
Trd, 258840.450, 115
Trd, 258840.800, 113
Trd, 258840.833, 102
Trd, 258841.000, 92
Trd, 258841.133, 140
Trd, 258841.533, 139
Trd, 258841.583, 116
Trd, 258841.833, 106
Trd, 258842.217, 139
Trd, 258842.483, 120
Trd, 258843.400, 140
Trd, 258843.433, 139
Trd, 258843.833, 140
Trd, 258844.333, 138
Trd, 258844.633, 136
Trd, 258844.717, 131
Trd, 258845.383, 139
Trd, 258845.400, 138
Trd, 258845.450, 128
Trd, 258845.517, 114
Trd, 258845.800, 107
Trd, 258846.633, 140
Trd, 258846.683, 140
Trd, 258846.700, 139
Trd, 258846.750, 138
Trd, 258846.867, 135
Trd, 258847.300, 130
Trd, 258847.733, 129
Trd, 258847.867, 124
Trd, 258847.983, 124
Trd, 258848.467, 126
Trd, 258849.200, 130
Trd, 258849.367, 129
Trd, 258850.033, 138
Trd, 258850.650, 138
Trd, 258850.933, 124
Trd, 258851.167, 136
Trd, 258851.733, 139
Trd, 258852.033, 138
Trd, 258852.067, 133
Trd, 258852.150, 129
Trd, 258852.767, 140
Trd, 258852.800, 140
Trd, 258852.983, 139
Trd, 258853.033, 139
Trd, 258853.083, 139
Trd, 258853.117, 127
Trd, 258853.433, 140
Trd, 258853.683, 121
Trd, 258853.917, 131
Trd, 258854.433, 140
Trd, 258854.817, 140
Trd, 258854.950, 129
Trd, 258855.483, 139
Trd, 258855.550, 139
Trd, 258855.683, 138
Trd, 258856.183, 125
Trd, 258856.600, 120
Trd, 258856.883, 140
Trd, 258857.317, 140
Trd, 258857.633, 140
Trd, 258857.700, 140
Trd, 258857.717, 140
Trd, 258858.183, 140
Trd, 258858.800, 139
Trd, 258858.883, 138
Trd, 258859.000, 137
Trd, 258859.133, 134
Trd, 258859.483, 120
Trd, 258859.700, 133
Trd, 258859.750, 100
Trd, 258860.200, 132
Trd, 258860.383, 132
Trd, 258860.550, 127
Trd, 258860.650, 133
Trd, 258860.800, 123
Trd, 258860.817, 120
Trd, 258861.467, 117
Trd, 258861.683, 98
Trd, 258861.833, 87
Trd, 258861.900, 75
Trd, 258861.983, 115
Trd, 258862.583, 80
Trd, 258863.150, 117
Trd, 258863.750, 140
Trd, 258863.833, 139
Trd, 258864.383, 131
Trd, 258864.483, 140
Trd, 258864.517, 130
Trd, 258864.833, 132
Trd, 258864.933, 131
Trd, 258865.633, 134
Trd, 258865.850, 133
Trd, 258866.233, 118
Trd, 258866.567, 116
Trd, 258867.150, 139
Trd, 258867.233, 137
Trd, 258867.483, 132
Trd, 258867.583, 131
Trd, 258867.883, 139
Trd, 258868.333, 140
Trd, 258868.683, 140
Trd, 258868.967, 139
Trd, 258869.417, 129
Trd, 258869.483, 132
Trd, 258869.883, 134
Trd, 258869.917, 136
Trd, 258870.000, 130
Trd, 258870.333, 132
Trd, 258870.933, 140
Trd, 258871.667, 140
Trd, 258871.700, 140
Trd, 258872.083, 140
Trd, 258872.133, 139
Trd, 258872.783, 140
Trd, 258873.017, 134
Trd, 258873.083, 134
Trd, 258873.350, 134
Trd, 258873.417, 133
Trd, 258873.517, 126
Trd, 258873.950, 139
Trd, 258874.050, 117
Trd, 258874.367, 122
Trd, 258874.650, 140
Trd, 258874.833, 123
Trd, 258874.933, 121
Trd, 258875.833, 127
Trd, 258876.217, 101
Trd, 258876.417, 133
Trd, 258876.517, 130
Trd, 258876.533, 129
Trd, 258876.767, 140
Trd, 258876.833, 140
Trd, 258876.900, 104
Trd, 258877.083, 99
Trd, 258877.417, 88
Trd, 258877.550, 109
Trd, 258878.133, 109
Trd, 258878.183, 112
Trd, 258878.217, 133
Trd, 258878.250, 94
Trd, 258878.417, 104
Trd, 258879.267, 133
Trd, 258879.533, 135
Trd, 258880.183, 129
Trd, 258880.450, 134
Trd, 258881.150, 134
Trd, 258881.167, 138
Trd, 258881.483, 133
Trd, 258881.617, 136
Trd, 258881.800, 140
Trd, 258881.933, 132
Trd, 258882.100, 139
Trd, 258882.183, 132
Trd, 258882.200, 127
Trd, 258882.417, 140
Trd, 258882.500, 139
Trd, 258882.967, 107
Trd, 258883.150, 74
Trd, 258883.300, 111
Trd, 258883.517, 139
Trd, 258883.800, 106
Trd, 258884.317, 112
Trd, 258884.467, 87
Trd, 258884.817, 114
Trd, 258885.550, 120
Trd, 258885.650, 129
Trd, 258885.767, 110
Trd, 258885.817, 129
Trd, 258886.767, 140
Trd, 258886.800, 139
Trd, 258886.850, 134
Trd, 258886.883, 128
Trd, 258887.117, 114
Trd, 258887.450, 108
Trd, 258887.550, 112
Trd, 258887.767, 102
Trd, 258888.000, 135
Trd, 258888.083, 101
Trd, 258888.200, 140
Trd, 258888.400, 133
Trd, 258888.467, 94
Trd, 258888.667, 85
Trd, 258888.867, 100
Trd, 258889.033, 108
Trd, 258889.833, 140
Trd, 258890.150, 138
Trd, 258890.167, 138
Trd, 258890.700, 109
Trd, 258891.500, 124
Trd, 258891.583, 130
Trd, 258891.850, 137
Trd, 258892.167, 139
Trd, 258892.817, 140
Trd, 258892.850, 140
Trd, 258892.867, 135
Trd, 258892.917, 134
Trd, 258893.367, 138
Trd, 258893.717, 140
Trd, 258893.850, 140
Trd, 258894.033, 140
Trd, 258894.100, 138
Trd, 258894.150, 137
Trd, 258894.300, 136
Trd, 258894.767, 133
Trd, 258895.783, 140
Trd, 258896.133, 140
Trd, 258896.833, 140
Trd, 258896.867, 140
Trd, 258897.250, 140
Trd, 258897.867, 140
Trd, 258898.317, 140
Trd, 258898.367, 140
Trd, 258898.517, 140
Trd, 258898.617, 139
Trd, 258898.650, 139
Trd, 258898.800, 139
Trd, 258898.817, 138
Trd, 258898.883, 137
Trd, 258898.917, 134
Trd, 258899.000, 129
Trd, 258899.283, 131
Trd, 258899.567, 140
Trd, 258899.767, 115
Trd, 258899.883, 124
Trd, 258900.067, 123
Trd, 258900.283, 124
Trd, 258900.800, 119
Trd, 258901.467, 122
Trd, 258901.717, 130
Trd, 258902.117, 118
Trd, 258902.383, 137
Trd, 258902.633, 135
Trd, 258902.900, 115
Trd, 258902.950, 126
Trd, 258903.183, 140
Trd, 258903.233, 140
Trd, 258903.800, 140
Trd, 258904.033, 140
Trd, 258904.183, 140
Trd, 258904.267, 137
Trd, 258904.833, 140
Trd, 258905.483, 138
Trd, 258905.650, 137
Trd, 258905.700, 132
Trd, 258906.050, 122
Trd, 258906.767, 137
Trd, 258907.267, 130
Trd, 258907.300, 109
Trd, 258908.067, 140
Trd, 258909.250, 140
Trd, 258909.533, 140
Trd, 258909.667, 140
Trd, 258909.750, 140
Trd, 258909.950, 140
Trd, 258909.967, 140
Trd, 258910.033, 140
Trd, 258910.967, 140
Trd, 258911.033, 139
Trd, 258911.167, 139
Trd, 258911.567, 134
Trd, 258911.650, 130
Trd, 258912.033, 136
Trd, 258912.083, 133
Trd, 258912.350, 129
Trd, 258912.500, 138
Trd, 258913.017, 129
Trd, 258913.167, 128
Trd, 258913.567, 131
Trd, 258913.633, 122
Trd, 258914.250, 140
Trd, 258914.350, 140
Trd, 258914.700, 140
Trd, 258914.783, 139
Trd, 258914.850, 139
Trd, 258915.133, 138
Trd, 258915.400, 128
Trd, 258915.533, 120
Trd, 258915.617, 116
Trd, 258916.050, 106
Trd, 258916.217, 117
Trd, 258916.367, 122
Trd, 258916.467, 108
Trd, 258916.600, 122
Trd, 258916.767, 121
Trd, 258916.967, 107
Trd, 258917.167, 127
Trd, 258917.283, 140
Trd, 258917.500, 106
Trd, 258917.567, 103
Trd, 258918.050, 132
Trd, 258918.767, 140
Trd, 258918.933, 140
Trd, 258919.267, 137
Trd, 258920.217, 140
Trd, 258920.900, 128
Trd, 258920.983, 125
Trd, 258921.333, 140
Trd, 258921.550, 140
Trd, 258921.867, 121
Trd, 258923.000, 139
Trd, 258923.167, 137
Trd, 258923.433, 138
Trd, 258923.633, 139
Trd, 258923.800, 138
Trd, 258923.833, 134
Trd, 258923.867, 140
Trd, 258924.367, 140
Trd, 258924.383, 130
Trd, 258924.717, 131
Trd, 258924.750, 126
Trd, 258924.917, 123
Trd, 258925.383, 140
Trd, 258925.850, 140
Trd, 258926.783, 140
Trd, 258927.117, 140
Trd, 258927.167, 140
Trd, 258927.367, 140
Trd, 258927.583, 140
Trd, 258927.817, 139
Trd, 258927.883, 139
Trd, 258928.333, 131
Trd, 258928.983, 129
Trd, 258929.150, 128
Trd, 258929.600, 139
Trd, 258929.833, 140
Trd, 258930.050, 138
Trd, 258930.300, 140
Trd, 258930.517, 138
Trd, 258930.833, 140
Trd, 258931.133, 140
Trd, 258931.983, 135
Trd, 258932.183, 134
Trd, 258932.367, 127
Trd, 258932.383, 123
Trd, 258932.567, 121
Trd, 258932.617, 120
Trd, 258932.633, 119
Trd, 258932.733, 140
Trd, 258933.083, 104
Trd, 258933.267, 126
Trd, 258933.400, 140
Trd, 258933.433, 136
Trd, 258933.633, 136
Trd, 258933.733, 111
Trd, 258933.767, 108
Trd, 258934.417, 136
Trd, 258934.500, 133
Trd, 258934.717, 128
Trd, 258934.750, 128
Trd, 258935.017, 126
Trd, 258935.517, 135
Trd, 258935.583, 118
Trd, 258935.950, 139
Trd, 258936.133, 123
Trd, 258936.167, 121
Trd, 258937.100, 140
Trd, 258937.250, 140
Trd, 258937.533, 140
Trd, 258937.650, 138
Trd, 258937.783, 136
Trd, 258937.950, 135
Trd, 258938.117, 132
Trd, 258938.400, 125
Trd, 258938.817, 125
Trd, 258939.533, 139
Trd, 258940.117, 127
Trd, 258940.183, 126
Trd, 258940.200, 119
Trd, 258940.217, 116
Trd, 258940.767, 125
Trd, 258941.117, 130
Trd, 258941.517, 140
Trd, 258942.133, 140
Trd, 258942.233, 134
Trd, 258942.933, 134
Trd, 258943.300, 133
Trd, 258943.683, 140
Trd, 258943.983, 140
Trd, 258944.017, 140
Trd, 258944.350, 140
Trd, 258944.567, 140
Trd, 258944.700, 140
Trd, 258944.733, 140
Trd, 258944.983, 140
Trd, 258945.083, 129
Trd, 258945.400, 125
Trd, 258945.800, 140
Trd, 258945.850, 118
Trd, 258946.050, 140
Trd, 258946.467, 138
Trd, 258946.750, 139
Trd, 258946.883, 131
Trd, 258947.233, 110
Trd, 258947.300, 133
Trd, 258947.617, 129
Trd, 258947.767, 130
Trd, 258949.250, 136
Trd, 258949.517, 138
Trd, 258949.683, 137
Trd, 258950.050, 136
Trd, 258950.417, 134
Trd, 258950.600, 138
Trd, 258950.700, 140
Trd, 258950.817, 133
Trd, 258950.917, 131
Trd, 258951.083, 128
Trd, 258951.600, 139
Trd, 258951.867, 139
Trd, 258951.967, 139
Trd, 258952.317, 140
Trd, 258953.283, 140
Trd, 258953.417, 140
Trd, 258953.633, 140
Trd, 258954.050, 140
Trd, 258954.150, 140
Trd, 258954.233, 135
Trd, 258954.717, 139
Trd, 258954.933, 140
Trd, 258955.317, 140
Trd, 258955.650, 140
Trd, 258955.783, 140
Trd, 258955.883, 140
Trd, 258956.250, 140
Trd, 258956.350, 138
Trd, 258956.450, 137
Trd, 258956.733, 130
Trd, 258957.433, 133
Trd, 258957.533, 132
Trd, 258957.800, 123
Trd, 258958.033, 136
Trd, 258958.600, 138
Trd, 258958.717, 139
Trd, 258958.900, 140
Trd, 258959.433, 140
Trd, 258960.583, 131
Trd, 258960.750, 130
Trd, 258961.067, 130
Trd, 258961.083, 136
Trd, 258961.117, 129
Trd, 258961.217, 127
Trd, 258961.283, 126
Trd, 258961.333, 126
Trd, 258961.750, 139
Trd, 258962.150, 140
Trd, 258962.367, 138
Trd, 258962.517, 118
Trd, 258962.800, 117
Trd, 258962.833, 117
Trd, 258963.067, 140
Trd, 258963.233, 140
Trd, 258963.417, 140
Trd, 258963.600, 140
Trd, 258963.917, 140
Trd, 258964.267, 140
Trd, 258964.383, 128
Trd, 258964.450, 126
Trd, 258965.600, 131
Trd, 258965.983, 131
Trd, 258966.367, 140
Trd, 258967.150, 140
Trd, 258967.633, 140
Trd, 258967.650, 140
Trd, 258968.200, 140
Trd, 258968.467, 140
Trd, 258968.867, 140
Trd, 258969.000, 140
Trd, 258969.450, 140
Trd, 258969.783, 139
Trd, 258970.000, 139
Trd, 258970.233, 135
Trd, 258970.317, 134
Trd, 258970.433, 138
Trd, 258970.650, 128
Trd, 258970.750, 128
Trd, 258970.850, 137
Trd, 258970.883, 125
Trd, 258971.067, 124
Trd, 258971.500, 124
Trd, 258972.183, 125
Trd, 258972.350, 123
Trd, 258972.500, 125
Trd, 258972.633, 124
Trd, 258973.117, 138
Trd, 258973.633, 138
Trd, 258973.867, 113
Trd, 258974.067, 140
Trd, 258974.533, 131
Trd, 258974.583, 130
Trd, 258975.550, 139
Trd, 258975.767, 135
Trd, 258976.167, 134
Trd, 258976.783, 126
Trd, 258977.017, 125
Trd, 258977.333, 119
Trd, 258977.467, 117
Trd, 258977.550, 116
Trd, 258977.783, 130
Trd, 258977.883, 98
Trd, 258978.000, 132
Trd, 258978.083, 99
Trd, 258978.100, 97
Trd, 258978.450, 136
Trd, 258978.800, 81
Trd, 258978.983, 102
Trd, 258979.017, 129
Trd, 258979.200, 116
Trd, 258979.350, 70
Trd, 258979.617, 140
Trd, 258979.983, 140
Trd, 258980.100, 140
Trd, 258981.483, 140
Trd, 258981.750, 140
Trd, 258981.833, 139
Trd, 258981.917, 138
Trd, 258982.500, 139
Trd, 258982.817, 138
Trd, 258983.417, 137
Trd, 258983.600, 136
Trd, 258983.667, 131
Trd, 258983.767, 128
Trd, 258983.967, 127
Trd, 258984.083, 127
Trd, 258984.150, 120
Trd, 258984.367, 130
Trd, 258985.350, 124
Trd, 258985.667, 122
Trd, 258985.767, 133
Trd, 258986.267, 119
Trd, 258986.433, 117
Trd, 258986.567, 128
Trd, 258987.167, 139
Trd, 258987.350, 139
Trd, 258987.617, 125
Trd, 258987.633, 124
Trd, 258987.883, 140
Trd, 258987.983, 140
Trd, 258988.017, 140
Trd, 258988.150, 137
Trd, 258988.600, 140
Trd, 258988.817, 130
Trd, 258989.000, 131
Trd, 258989.933, 137
Trd, 258989.967, 136
Trd, 258990.067, 139
Trd, 258990.733, 140
Trd, 258991.050, 135
Trd, 258991.783, 138
Trd, 258992.000, 139
Trd, 258992.367, 133
Trd, 258992.433, 115
Trd, 258992.717, 132
Trd, 258992.917, 123
Trd, 258993.083, 131
Trd, 258993.267, 123
Trd, 258993.283, 132
Trd, 258993.333, 119
Trd, 258993.450, 118
Trd, 258993.583, 140
Trd, 258993.633, 137
Trd, 258993.733, 124
Trd, 258995.083, 106
Trd, 258995.300, 140
Trd, 258995.400, 140
Trd, 258995.617, 139
Trd, 258995.717, 126
Trd, 258995.767, 118
Trd, 258996.300, 136
Trd, 258996.483, 119
Trd, 258996.617, 139
Trd, 258997.100, 139
Trd, 258997.567, 140
Trd, 258997.717, 138
Trd, 258997.783, 133
Trd, 258998.167, 134
Trd, 258998.367, 134
Trd, 258998.400, 132
Trd, 258998.700, 129
Trd, 258998.950, 123
Trd, 258999.200, 122
Trd, 258999.550, 140
Trd, 259000.117, 140
Trd, 259000.200, 140
Trd, 259000.533, 140
Trd, 259001.667, 140
Trd, 259001.883, 140
Trd, 259002.100, 140
Trd, 259002.283, 138
Trd, 259002.550, 138
Trd, 259002.750, 136
Trd, 259002.817, 131
Trd, 259002.900, 127
Trd, 259002.983, 127
Trd, 259003.217, 136
Trd, 259003.450, 129
Trd, 259003.667, 130
Trd, 259003.850, 135
Trd, 259004.383, 140
Trd, 259004.983, 139
Trd, 259005.217, 137
Trd, 259005.400, 129
Trd, 259005.433, 115
Trd, 259005.700, 135
Trd, 259005.867, 125
Trd, 259006.233, 136
Trd, 259006.267, 131
Trd, 259006.533, 127
Trd, 259006.650, 126
Trd, 259006.950, 107
Trd, 259008.100, 140
Trd, 259008.250, 140
Trd, 259008.267, 140
Trd, 259008.317, 140
Trd, 259008.800, 129
Trd, 259009.017, 115
Trd, 259009.667, 139
Trd, 259009.750, 139
Trd, 259011.100, 140
Trd, 259011.350, 140
Trd, 259011.500, 140
Trd, 259011.517, 139
Trd, 259011.550, 139
Trd, 259011.883, 140
Trd, 259011.917, 140
Trd, 259011.950, 137
Trd, 259012.100, 133
Trd, 259012.250, 139
Trd, 259012.500, 136
Trd, 259013.233, 137
Trd, 259013.367, 136
Trd, 259013.617, 136
Trd, 259013.783, 135
Trd, 259013.900, 132
Trd, 259013.917, 129
Trd, 259014.883, 138
Trd, 259015.617, 137
Trd, 259015.700, 137
Trd, 259015.883, 126
Trd, 259016.450, 128
Trd, 259016.500, 127
Trd, 259016.600, 126
Trd, 259016.767, 118
Trd, 259016.783, 118
Trd, 259016.933, 117
Trd, 259017.350, 116
Trd, 259017.517, 116
Trd, 259017.550, 131
Trd, 259017.617, 139
Trd, 259018.400, 140
Trd, 259018.750, 139
Trd, 259019.517, 140
Trd, 259019.900, 140
Trd, 259020.133, 140
Trd, 259020.533, 136
Trd, 259020.600, 135
Trd, 259020.650, 128
Trd, 259020.933, 140
Trd, 259021.200, 140
Trd, 259021.250, 140
Trd, 259021.833, 133
Trd, 259022.250, 140
Trd, 259022.500, 130
Trd, 259022.683, 121
Trd, 259022.800, 117
Trd, 259023.017, 128
Trd, 259023.267, 140
Trd, 259023.533, 137
Trd, 259023.867, 140
Trd, 259023.933, 134
Trd, 259024.283, 121
Trd, 259024.467, 130
Trd, 259024.667, 130
Trd, 259024.733, 118
Trd, 259025.383, 113
Trd, 259025.667, 112
Trd, 259025.817, 101
Trd, 259026.233, 94
Trd, 259026.383, 98
Trd, 259026.467, 110
Trd, 259027.017, 136
Trd, 259027.067, 131
Trd, 259027.417, 140
Trd, 259027.467, 135
Trd, 259027.700, 114
Trd, 259027.933, 100
Trd, 259027.967, 121
Trd, 259028.317, 132
Trd, 259028.483, 132
Trd, 259028.700, 131
Trd, 259028.750, 136
Trd, 259028.883, 129
Trd, 259029.417, 140
Trd, 259029.433, 140
Trd, 259029.717, 140
Trd, 259030.300, 140
Trd, 259030.400, 139
Trd, 259030.683, 140
Trd, 259031.050, 128
Trd, 259031.217, 123
Trd, 259031.333, 133
Trd, 259031.600, 140
Trd, 259031.667, 139
Trd, 259031.967, 120
Trd, 259032.500, 139
Trd, 259032.750, 119
Trd, 259032.800, 111
Trd, 259033.150, 140
Trd, 259033.383, 140
Trd, 259033.850, 127
Trd, 259034.217, 139
Trd, 259034.283, 138
Trd, 259034.450, 123
Trd, 259034.583, 122
Trd, 259035.050, 123
Trd, 259035.317, 139
Trd, 259035.450, 139
Trd, 259035.633, 134
Trd, 259035.767, 128
Trd, 259035.817, 119
Trd, 259036.033, 118
Trd, 259036.733, 140
Trd, 259037.067, 126
Trd, 259037.083, 115
Trd, 259037.667, 123
Trd, 259037.683, 104
Trd, 259038.183, 140
Trd, 259038.767, 140
Trd, 259038.800, 140
Trd, 259038.883, 134
Trd, 259039.100, 139
Trd, 259039.167, 138
Trd, 259039.233, 129
Trd, 259039.617, 139
Trd, 259039.917, 131
Trd, 259040.217, 135
Trd, 259040.867, 140
Trd, 259040.967, 139
Trd, 259041.483, 129
Trd, 259041.700, 140
Trd, 259041.800, 139
Trd, 259042.200, 128
Trd, 259042.267, 127
Trd, 259043.017, 140
Trd, 259043.150, 140
Trd, 259043.183, 128
Trd, 259043.433, 130
Trd, 259044.133, 135
Trd, 259044.150, 129
Trd, 259044.233, 129
Trd, 259044.583, 140
Trd, 259044.600, 139
Trd, 259044.617, 136
Trd, 259045.067, 139
Trd, 259045.250, 139
Trd, 259045.333, 140
Trd, 259045.933, 137
Trd, 259046.017, 134
Trd, 259046.233, 128
Trd, 259046.667, 130
Trd, 259046.767, 129
Trd, 259046.883, 128
Trd, 259047.450, 136
Trd, 259048.133, 115
Trd, 259048.483, 140
Trd, 259048.867, 140
Trd, 259048.983, 139
Trd, 259049.000, 138
Trd, 259049.350, 140
Trd, 259049.483, 139
Trd, 259049.817, 140
Trd, 259050.567, 140
Trd, 259050.633, 140
Trd, 259050.950, 140
Trd, 259051.100, 140
Trd, 259051.283, 140
Trd, 259051.550, 140
Trd, 259051.667, 139
Trd, 259051.717, 139
Trd, 259051.817, 134
Trd, 259052.367, 134
Trd, 259052.567, 123
Trd, 259053.117, 124
Trd, 259053.150, 137
Trd, 259053.183, 123
Trd, 259054.267, 110
Trd, 259054.683, 140
Trd, 259055.033, 140
Trd, 259055.283, 140
Trd, 259055.367, 140
Trd, 259056.017, 140
Trd, 259056.033, 140
Trd, 259056.433, 140
Trd, 259056.500, 140
Trd, 259056.533, 139
Trd, 259056.617, 135
Trd, 259056.950, 135
Trd, 259057.267, 140
Trd, 259057.683, 134
Trd, 259057.817, 130
Trd, 259057.850, 124
Trd, 259058.067, 123
Trd, 259058.100, 121
Trd, 259058.350, 130
Trd, 259058.600, 115
Trd, 259059.600, 140
Trd, 259059.800, 140
Trd, 259060.133, 140
Trd, 259060.667, 140
Trd, 259060.833, 140
Trd, 259061.183, 140
Trd, 259061.283, 140
Trd, 259061.533, 134
Trd, 259062.033, 140
Trd, 259062.650, 140
Trd, 259063.000, 140
Trd, 259063.383, 137
Trd, 259063.467, 135
Trd, 259063.683, 140
Trd, 259063.933, 140
Trd, 259064.083, 139
Trd, 259064.433, 140
Trd, 259064.750, 137
Trd, 259065.067, 135
Trd, 259065.400, 140
Trd, 259065.783, 140
Trd, 259065.967, 134
Trd, 259066.067, 140
Trd, 259066.300, 126
Trd, 259066.717, 113
Trd, 259066.833, 119
Trd, 259067.000, 107
Trd, 259067.017, 103
Trd, 259067.233, 99
Trd, 259067.317, 97
Trd, 259067.633, 135
Trd, 259067.667, 129
Trd, 259067.950, 139
Trd, 259068.333, 140
Trd, 259068.700, 95
Trd, 259068.900, 97
Trd, 259068.950, 94
Trd, 259069.183, 131
Trd, 259069.717, 140
Trd, 259069.850, 140
Trd, 259070.267, 140
Trd, 259070.667, 140
Trd, 259071.467, 138
Trd, 259071.633, 138
Trd, 259072.317, 140
Trd, 259072.883, 140
Trd, 259073.083, 140
Trd, 259073.267, 140
Trd, 259073.550, 140
Trd, 259073.600, 139
Trd, 259073.817, 140
Trd, 259074.367, 139
Trd, 259074.700, 140
Trd, 259074.783, 139
Trd, 259075.683, 140
Trd, 259075.767, 140
Trd, 259075.917, 137
Trd, 259076.233, 138
Trd, 259076.417, 136
Trd, 259077.067, 136
Trd, 259077.150, 131
Trd, 259077.783, 135
Trd, 259077.867, 136
Trd, 259077.917, 133
Trd, 259078.033, 132
Trd, 259078.100, 129
Trd, 259078.117, 120
Trd, 259078.433, 140
Trd, 259078.900, 139
Trd, 259078.983, 138
Trd, 259079.067, 137
Trd, 259079.300, 132
Trd, 259079.550, 119
Trd, 259079.850, 127
Trd, 259079.900, 108
Trd, 259080.050, 102
Trd, 259080.133, 89
Trd, 259080.417, 132
Trd, 259080.767, 134
Trd, 259080.850, 116
Trd, 259081.500, 116
Trd, 259081.533, 105
Trd, 259082.067, 124
Trd, 259082.367, 129
Trd, 259082.550, 130
Trd, 259082.600, 132
Trd, 259082.800, 140
Trd, 259083.133, 133
Trd, 259083.333, 137
Trd, 259083.350, 107
Trd, 259084.250, 126
Trd, 259084.483, 114
Trd, 259084.533, 113
Trd, 259084.583, 120
Trd, 259084.767, 113
Trd, 259085.133, 110
Trd, 259085.283, 110
Trd, 259085.517, 111
Trd, 259085.617, 114
Trd, 259085.800, 110
Trd, 259085.817, 109
Trd, 259085.883, 124
Trd, 259085.950, 109
Trd, 259086.183, 96
Trd, 259086.833, 140
Trd, 259087.350, 139
Trd, 259087.567, 138
Trd, 259087.583, 134
Trd, 259087.600, 133
Trd, 259087.683, 124
Trd, 259087.950, 104
Trd, 259088.833, 140
Trd, 259088.933, 133
Trd, 259089.250, 127
Trd, 259089.767, 130
Trd, 259089.917, 125
Trd, 259090.433, 140
Trd, 259090.783, 140
Trd, 259090.833, 140
Trd, 259090.917, 139
Trd, 259091.000, 134
Trd, 259091.317, 133
Trd, 259091.417, 132
Trd, 259091.517, 125
Trd, 259092.650, 140
Trd, 259093.283, 140
Trd, 259093.400, 140
Trd, 259093.650, 138
Trd, 259093.733, 139
Trd, 259094.117, 134
Trd, 259094.133, 134
Trd, 259094.667, 133
Trd, 259094.917, 131
Trd, 259094.950, 117
Trd, 259095.000, 110
Trd, 259095.067, 109
Trd, 259095.150, 108
Trd, 259095.500, 131
Trd, 259095.633, 126
Trd, 259095.883, 111
Trd, 259096.033, 129
Trd, 259096.200, 130
Trd, 259096.250, 120
Trd, 259096.550, 127
Trd, 259096.650, 110
Trd, 259097.000, 116
Trd, 259097.117, 97
Trd, 259097.250, 116
Trd, 259097.383, 75
Trd, 259097.450, 64
Trd, 259097.500, 77
Trd, 259097.850, 67
Trd, 259098.000, 85
Trd, 259099.033, 120
Trd, 259099.217, 126
Trd, 259099.750, 124
Trd, 259099.767, 123
Trd, 259099.783, 133
Trd, 259100.783, 140
Trd, 259101.167, 138
Trd, 259101.350, 140
Trd, 259101.667, 140
Trd, 259101.700, 139
Trd, 259102.283, 117
Trd, 259102.483, 127
Trd, 259102.550, 116
Trd, 259103.300, 123
Trd, 259103.467, 128
Trd, 259103.517, 122
Trd, 259103.900, 132
Trd, 259104.283, 127
Trd, 259104.567, 117
Trd, 259104.750, 118
Trd, 259105.000, 134
Trd, 259105.317, 137
Trd, 259105.500, 131
Trd, 259105.567, 139
Trd, 259105.750, 126
Trd, 259105.800, 118
Trd, 259106.283, 140
Trd, 259106.600, 140
Trd, 259106.667, 139
Trd, 259106.950, 139
Trd, 259106.983, 113
Trd, 259107.017, 111
Trd, 259107.817, 140
Trd, 259108.200, 140
Trd, 259108.650, 140
Trd, 259108.767, 140
Trd, 259110.283, 140
Trd, 259110.350, 140
Trd, 259110.383, 140
Trd, 259110.483, 140
Trd, 259110.500, 140
Trd, 259111.233, 140
Trd, 259111.267, 131
Trd, 259111.817, 124
Trd, 259113.667, 140
Trd, 259113.917, 140
Trd, 259113.933, 140
Trd, 259113.950, 139
Trd, 259114.450, 139
Trd, 259114.700, 140
Trd, 259114.800, 139
Trd, 259115.017, 140
Trd, 259115.167, 139
Trd, 259115.350, 133
Trd, 259115.633, 128
Trd, 259115.667, 117
Trd, 259116.333, 140
Trd, 259116.383, 139
Trd, 259116.783, 136
Trd, 259116.917, 135
Trd, 259117.100, 139
Trd, 259117.650, 140
Trd, 259117.783, 140
Trd, 259117.917, 134
Trd, 259118.100, 127
Trd, 259118.567, 116
Trd, 259118.850, 132
Trd, 259118.883, 110
Trd, 259119.050, 109
Trd, 259119.683, 135
Trd, 259119.733, 136
Trd, 259119.983, 139
Trd, 259120.333, 139
Trd, 259120.767, 140
Trd, 259121.550, 140
Trd, 259121.767, 140
Trd, 259121.833, 140
Trd, 259122.050, 140
Trd, 259122.133, 140
Trd, 259122.250, 140
Trd, 259122.317, 140
Trd, 259122.350, 134
Trd, 259122.600, 133
Trd, 259122.750, 112
Trd, 259122.967, 115
Trd, 259123.050, 95
Trd, 259124.000, 132
Trd, 259124.317, 132
Trd, 259124.533, 130
Trd, 259124.583, 129
Trd, 259124.683, 125
Trd, 259124.783, 140
Trd, 259124.883, 139
Trd, 259125.533, 122
Trd, 259125.600, 113
Trd, 259126.433, 140
Trd, 259126.883, 140
Trd, 259126.933, 140
Trd, 259127.400, 139
Trd, 259128.150, 140
Trd, 259128.383, 140
Trd, 259128.733, 140
Trd, 259129.167, 140
Trd, 259129.233, 140
Trd, 259129.317, 140
Trd, 259129.333, 140
Trd, 259129.533, 139
Trd, 259129.833, 138
Trd, 259130.033, 135
Trd, 259130.517, 135
Trd, 259130.650, 134
Trd, 259130.717, 138
Trd, 259130.967, 138
Trd, 259131.167, 137
Trd, 259131.350, 138
Trd, 259131.433, 130
Trd, 259132.067, 118
Trd, 259132.133, 121
Trd, 259132.200, 114
Trd, 259132.450, 113
Trd, 259132.717, 134
Trd, 259133.183, 140
Trd, 259133.250, 106
Trd, 259133.833, 140
Trd, 259134.183, 140
Trd, 259135.117, 140
Trd, 259135.183, 140
Trd, 259135.217, 139
Trd, 259135.500, 140
Trd, 259135.550, 139
Trd, 259135.583, 126
Trd, 259135.650, 123
Trd, 259135.867, 140
Trd, 259136.417, 140
Trd, 259136.833, 140
Trd, 259136.900, 140
Trd, 259136.967, 140
Trd, 259137.717, 139
Trd, 259137.733, 134
Trd, 259138.133, 128
Trd, 259138.367, 118
Trd, 259139.183, 114
Trd, 259139.300, 106
Trd, 259139.383, 127
Trd, 259139.517, 136
Trd, 259139.550, 124
Trd, 259139.800, 106
Trd, 259140.567, 135
Trd, 259140.733, 132
Trd, 259140.883, 140
Trd, 259140.950, 139
Trd, 259141.033, 120
Trd, 259141.150, 140
Trd, 259142.017, 140
Trd, 259142.550, 140
Trd, 259142.700, 140
Trd, 259143.233, 140
Trd, 259143.350, 140
Trd, 259143.433, 139
Trd, 259143.867, 140
Trd, 259144.300, 140
Trd, 259144.433, 139
Trd, 259144.683, 139
Trd, 259144.717, 138
Trd, 259145.267, 135
Trd, 259145.300, 134
Trd, 259145.383, 136
Trd, 259145.767, 132
Trd, 259146.383, 121
Trd, 259146.733, 119
Trd, 259146.833, 124
Trd, 259146.867, 137
Trd, 259146.933, 112
Trd, 259147.267, 114
Trd, 259147.367, 123
Trd, 259147.417, 106
Trd, 259147.900, 100
Trd, 259148.350, 121
Trd, 259149.200, 126
Trd, 259149.650, 116
Trd, 259149.683, 114
Trd, 259149.733, 123
Trd, 259149.750, 128
Trd, 259149.950, 136
Trd, 259149.983, 119
Trd, 259150.033, 113
Trd, 259151.333, 139
Trd, 259151.400, 129
Trd, 259151.900, 140
Trd, 259152.800, 140
Trd, 259152.883, 140
Trd, 259152.983, 140
Trd, 259153.017, 139
Trd, 259153.033, 139
Trd, 259153.467, 124
Trd, 259153.767, 123
Trd, 259154.200, 121
Trd, 259154.367, 120
Trd, 259154.500, 117
Trd, 259154.767, 117
Trd, 259155.033, 89
Trd, 259155.083, 103
Trd, 259155.417, 131
Trd, 259155.533, 109
Trd, 259155.717, 140
Trd, 259155.800, 140
Trd, 259156.117, 127
Trd, 259156.500, 120
Trd, 259156.683, 123
Trd, 259156.750, 129
Trd, 259157.050, 131
Trd, 259157.217, 135
Trd, 259157.400, 140
Trd, 259158.483, 135
Trd, 259158.650, 139
Trd, 259158.667, 138
Trd, 259158.983, 140
Trd, 259159.067, 140
Trd, 259159.533, 140
Trd, 259159.650, 138
Trd, 259159.667, 131
Trd, 259159.767, 123
Trd, 259160.117, 121
Trd, 259160.267, 115
Trd, 259161.483, 124
Trd, 259161.517, 123
Trd, 259161.583, 122
Trd, 259161.633, 116
Trd, 259161.700, 114
Trd, 259162.300, 139
Trd, 259162.350, 122
Trd, 259162.517, 120
Trd, 259162.783, 115
Trd, 259162.967, 123
Trd, 259163.050, 136
Trd, 259163.317, 138
Trd, 259163.600, 104
Trd, 259163.683, 136
Trd, 259163.767, 135
Trd, 259163.783, 100
Trd, 259163.917, 137
Trd, 259164.667, 140
Trd, 259164.867, 139
Trd, 259165.750, 140
Trd, 259165.933, 139
Trd, 259166.017, 138
Trd, 259166.033, 134
Trd, 259166.067, 132
Trd, 259166.650, 140
Trd, 259166.850, 140
Trd, 259166.950, 136
Trd, 259167.067, 118
Trd, 259167.183, 117
Trd, 259167.367, 115
Trd, 259167.850, 124
Trd, 259168.150, 117
Trd, 259168.350, 117
Trd, 259168.750, 96
Trd, 259168.817, 94
Trd, 259168.967, 134
Trd, 259169.700, 139
Trd, 259170.167, 125
Trd, 259170.250, 140
Trd, 259170.383, 137
Trd, 259170.400, 122
Trd, 259170.500, 131
Trd, 259171.400, 140
Trd, 259171.600, 139
Trd, 259172.150, 127
Trd, 259172.233, 126
Trd, 259172.367, 140
Trd, 259172.450, 138
Trd, 259172.500, 121
Trd, 259172.633, 120
Trd, 259172.850, 119
Trd, 259173.050, 116
Trd, 259173.200, 114
Trd, 259173.883, 120
Trd, 259174.783, 140
Trd, 259175.067, 130
Trd, 259175.333, 140
Trd, 259175.467, 140
Trd, 259175.517, 140
Trd, 259175.967, 140
Trd, 259176.583, 132
Trd, 259176.700, 133
Trd, 259177.100, 140
Trd, 259177.250, 131
Trd, 259177.633, 132
Trd, 259177.833, 137
Trd, 259178.100, 134
Trd, 259178.283, 132
Trd, 259178.500, 133
Trd, 259178.817, 135
Trd, 259178.900, 115
Trd, 259179.300, 131
Trd, 259180.183, 125
Trd, 259180.283, 124
Trd, 259181.200, 140
Trd, 259181.333, 140
Trd, 259181.433, 139
Trd, 259181.617, 139
Trd, 259182.200, 140
Trd, 259182.250, 140
Trd, 259182.283, 140
Trd, 259182.383, 134
Trd, 259182.500, 116
Trd, 259183.550, 140
Trd, 259184.033, 140
Trd, 259184.333, 140
Trd, 259184.433, 140
Trd, 259184.533, 140
Trd, 259184.983, 138
Trd, 259185.467, 127
Trd, 259185.617, 139
Trd, 259186.000, 133
Trd, 259186.017, 123
Trd, 259186.150, 117
Trd, 259186.167, 139
Trd, 259186.800, 140
Trd, 259186.917, 138
Trd, 259187.400, 132
Trd, 259187.783, 131
Trd, 259187.883, 129
Trd, 259188.233, 140
Trd, 259188.317, 140
Trd, 259188.617, 140
Trd, 259189.150, 140
Trd, 259189.183, 140
Trd, 259189.850, 140
Trd, 259190.150, 140
Trd, 259190.583, 140
Trd, 259190.917, 139
Trd, 259190.967, 134
Trd, 259191.000, 128
Trd, 259191.550, 120
Trd, 259192.133, 128
Trd, 259192.367, 135
Trd, 259192.817, 129
Trd, 259192.833, 127
Trd, 259193.217, 127
Trd, 259193.433, 140
Trd, 259193.517, 124
Trd, 259193.550, 122
Trd, 259193.717, 117
Trd, 259193.983, 138
Trd, 259194.717, 134
Trd, 259195.567, 133
Trd, 259195.650, 132
Trd, 259196.000, 128
Trd, 259196.233, 117
Trd, 259196.300, 137
Trd, 259196.767, 119
Trd, 259196.817, 114
Trd, 259197.233, 129
Trd, 259197.700, 117
Trd, 259197.817, 106
Trd, 259198.017, 116
Trd, 259198.167, 125
Trd, 259198.317, 138
Trd, 259198.767, 139
Trd, 259199.533, 140
Trd, 259199.683, 140
Trd, 259199.733, 140
Trd, 259199.850, 140
