Trd, 258563.517, 137
Trd, 258564.050, 123
Trd, 258564.467, 123
Trd, 258564.783, 137
Trd, 258564.883, 138
Trd, 258565.650, 139
Trd, 258565.833, 139
Trd, 258565.883, 138
Trd, 258566.367, 138
Trd, 258566.483, 137
Trd, 258566.550, 137
Trd, 258566.800, 132
Trd, 258566.833, 129
Trd, 258567.000, 116
Trd, 258567.200, 106
Trd, 258567.300, 104
Trd, 258567.867, 139
Trd, 258567.917, 135
Trd, 258568.333, 128
Trd, 258568.400, 126
Trd, 258568.917, 125
Trd, 258568.933, 121
Trd, 258569.450, 140
Trd, 258569.917, 139
Trd, 258570.500, 138
Trd, 258570.867, 129
Trd, 258571.217, 136
Trd, 258571.233, 135
Trd, 258571.250, 134
Trd, 258571.583, 123
Trd, 258571.850, 122
Trd, 258572.167, 114
Trd, 258572.283, 138
Trd, 258572.600, 122
Trd, 258572.867, 121
Trd, 258573.383, 125
Trd, 258573.683, 119
Trd, 258574.000, 131
Trd, 258574.333, 122
Trd, 258574.383, 121
Trd, 258574.400, 118
Trd, 258574.433, 115
Trd, 258574.483, 138
Trd, 258574.667, 113
Trd, 258574.850, 118
Trd, 258575.583, 136
Trd, 258575.667, 140
Trd, 258575.767, 137
Trd, 258575.967, 137
Trd, 258576.433, 138
Trd, 258576.700, 135
Trd, 258577.300, 131
Trd, 258577.417, 132
Trd, 258577.500, 131
Trd, 258577.617, 128
Trd, 258577.867, 126
Trd, 258578.067, 137
Trd, 258578.200, 116
Trd, 258578.417, 111
Trd, 258578.483, 110
Trd, 258578.883, 107
Trd, 258579.200, 133
Trd, 258579.383, 107
Trd, 258579.550, 107
Trd, 258580.017, 136
Trd, 258580.850, 136
Trd, 258580.900, 134
Trd, 258580.983, 130
Trd, 258581.467, 126
Trd, 258581.983, 140
Trd, 258582.017, 137
Trd, 258582.033, 136
Trd, 258582.100, 124
Trd, 258582.200, 115
Trd, 258582.883, 140
Trd, 258583.717, 140
Trd, 258584.300, 140
Trd, 258584.617, 140
Trd, 258584.633, 140
Trd, 258584.917, 140
Trd, 258585.150, 136
Trd, 258585.400, 135
Trd, 258585.533, 120
Trd, 258585.900, 130
Trd, 258585.917, 129
Trd, 258586.050, 127
Trd, 258586.400, 129
Trd, 258586.817, 131
Trd, 258587.283, 134
Trd, 258587.567, 132
Trd, 258587.617, 131
Trd, 258587.733, 130
Trd, 258587.917, 128
Trd, 258587.933, 128
Trd, 258588.100, 122
Trd, 258588.817, 134
Trd, 258588.850, 116
Trd, 258589.100, 133
Trd, 258589.533, 131
Trd, 258589.550, 130
Trd, 258590.233, 140
Trd, 258590.350, 140
Trd, 258590.550, 140
Trd, 258590.567, 135
Trd, 258590.900, 129
Trd, 258591.217, 121
Trd, 258591.267, 129
Trd, 258591.300, 119
Trd, 258592.383, 140
Trd, 258592.667, 140
Trd, 258592.700, 139
Trd, 258592.967, 136
Trd, 258593.050, 136
Trd, 258593.100, 135
Trd, 258593.450, 139
Trd, 258593.867, 132
Trd, 258594.200, 130
Trd, 258595.000, 119
Trd, 258595.083, 126
Trd, 258595.283, 116
Trd, 258595.583, 115
Trd, 258595.900, 101
Trd, 258595.917, 127
Trd, 258596.817, 140
Trd, 258597.017, 138
Trd, 258597.317, 138
Trd, 258597.517, 138
Trd, 258597.633, 138
Trd, 258597.683, 137
Trd, 258597.800, 133
Trd, 258597.850, 129
Trd, 258598.000, 128
Trd, 258598.133, 127
Trd, 258598.150, 126
Trd, 258598.167, 108
Trd, 258598.817, 106
Trd, 258598.900, 105
Trd, 258599.017, 104
Trd, 258599.850, 117
Trd, 258599.967, 107
Trd, 258600.567, 109
Trd, 258600.833, 108
Trd, 258600.933, 107
Trd, 258601.950, 140
Trd, 258602.367, 140
Trd, 258602.400, 139
Trd, 258602.517, 137
Trd, 258602.700, 136
Trd, 258602.783, 130
Trd, 258602.833, 129
Trd, 258603.217, 125
Trd, 258603.867, 139
Trd, 258604.400, 140
Trd, 258604.650, 139
Trd, 258605.300, 139
Trd, 258605.350, 139
Trd, 258605.367, 138
Trd, 258605.517, 120
Trd, 258606.383, 125
Trd, 258606.567, 124
Trd, 258607.067, 133
Trd, 258607.350, 134
Trd, 258607.417, 127
Trd, 258607.450, 126
Trd, 258607.567, 122
Trd, 258607.750, 124
Trd, 258607.783, 115
Trd, 258608.017, 123
Trd, 258608.100, 126
Trd, 258608.167, 135
Trd, 258608.417, 120
Trd, 258608.617, 124
Trd, 258609.400, 117
Trd, 258609.517, 116
Trd, 258609.583, 112
Trd, 258610.033, 109
Trd, 258610.250, 119
Trd, 258610.483, 119
Trd, 258610.567, 116
Trd, 258610.650, 107
Trd, 258610.733, 113
Trd, 258611.017, 115
Trd, 258611.117, 114
Trd, 258611.283, 111
Trd, 258611.317, 110
Trd, 258611.467, 115
Trd, 258611.550, 107
Trd, 258612.033, 121
Trd, 258612.117, 128
Trd, 258612.300, 129
Trd, 258613.533, 140
Trd, 258613.700, 140
Trd, 258613.983, 140
Trd, 258614.283, 139
Trd, 258614.833, 139
Trd, 258614.900, 139
Trd, 258615.133, 138
Trd, 258615.183, 135
Trd, 258615.367, 127
Trd, 258615.617, 125
Trd, 258615.983, 135
Trd, 258616.417, 135
Trd, 258616.433, 134
Trd, 258616.750, 113
Trd, 258616.867, 112
Trd, 258617.383, 115
Trd, 258617.483, 113
Trd, 258617.500, 111
Trd, 258617.683, 110
Trd, 258617.783, 139
Trd, 258618.000, 124
Trd, 258618.567, 133
Trd, 258618.633, 111
Trd, 258618.867, 127
Trd, 258619.483, 140
Trd, 258619.850, 140
Trd, 258619.933, 140
Trd, 258619.967, 137
Trd, 258620.233, 131
Trd, 258620.433, 137
Trd, 258620.550, 127
Trd, 258620.567, 124
Trd, 258621.117, 124
Trd, 258621.700, 134
Trd, 258621.800, 137
Trd, 258622.017, 137
Trd, 258622.250, 138
Trd, 258622.600, 140
Trd, 258622.950, 140
Trd, 258623.133, 139
Trd, 258623.150, 138
Trd, 258623.233, 140
Trd, 258623.500, 135
Trd, 258624.017, 134
Trd, 258624.150, 140
Trd, 258624.650, 126
Trd, 258624.717, 119
Trd, 258625.400, 138
Trd, 258625.900, 137
Trd, 258625.967, 135
Trd, 258626.050, 125
Trd, 258626.250, 128
Trd, 258626.367, 138
Trd, 258626.400, 125
Trd, 258626.533, 124
Trd, 258626.583, 110
Trd, 258627.200, 111
Trd, 258627.450, 110
Trd, 258628.050, 139
Trd, 258628.483, 140
Trd, 258628.533, 139
Trd, 258628.617, 137
Trd, 258628.767, 132
Trd, 258629.350, 140
Trd, 258629.500, 140
Trd, 258629.683, 140
Trd, 258629.717, 139
Trd, 258630.100, 140
Trd, 258630.183, 140
Trd, 258630.583, 136
Trd, 258630.783, 136
Trd, 258630.867, 123
Trd, 258631.033, 138
Trd, 258631.117, 123
Trd, 258631.250, 112
Trd, 258631.283, 111
Trd, 258631.550, 106
Trd, 258631.817, 138
Trd, 258632.217, 127
Trd, 258632.367, 124
Trd, 258632.783, 129
Trd, 258633.500, 106
Trd, 258633.733, 118
Trd, 258633.833, 106
Trd, 258634.117, 106
Trd, 258634.367, 107
Trd, 258634.767, 126
Trd, 258635.283, 127
Trd, 258635.517, 126
Trd, 258635.567, 125
Trd, 258636.183, 126
Trd, 258636.367, 125
Trd, 258636.467, 133
Trd, 258636.500, 125
Trd, 258636.517, 124
Trd, 258636.750, 122
Trd, 258637.233, 140
Trd, 258638.017, 126
Trd, 258639.083, 129
Trd, 258639.533, 133
Trd, 258639.567, 126
Trd, 258639.850, 125
Trd, 258640.500, 120
Trd, 258640.617, 119
Trd, 258640.900, 138
Trd, 258641.167, 119
Trd, 258641.450, 139
Trd, 258641.550, 132
Trd, 258641.783, 131
Trd, 258641.817, 130
Trd, 258641.967, 112
Trd, 258642.383, 116
Trd, 258642.500, 138
Trd, 258642.667, 113
Trd, 258642.917, 139
Trd, 258643.417, 127
Trd, 258643.900, 128
Trd, 258644.067, 127
Trd, 258644.350, 127
Trd, 258644.550, 127
Trd, 258645.183, 120
Trd, 258646.500, 134
Trd, 258646.717, 131
Trd, 258646.900, 131
Trd, 258647.117, 130
Trd, 258647.233, 129
Trd, 258647.400, 123
Trd, 258647.667, 139
Trd, 258647.933, 128
Trd, 258648.167, 136
Trd, 258648.883, 131
Trd, 258649.100, 140
Trd, 258649.117, 131
Trd, 258649.300, 140
Trd, 258649.517, 134
Trd, 258649.650, 130
Trd, 258649.850, 134
Trd, 258650.200, 133
Trd, 258650.383, 126
Trd, 258650.800, 139
Trd, 258651.100, 126
Trd, 258651.700, 140
Trd, 258651.833, 123
Trd, 258652.283, 138
Trd, 258652.433, 127
Trd, 258652.800, 137
Trd, 258652.867, 130
Trd, 258653.100, 118
Trd, 258653.167, 116
Trd, 258653.183, 115
Trd, 258653.267, 109
Trd, 258653.317, 108
Trd, 258653.733, 134
Trd, 258653.750, 126
Trd, 258654.400, 117
Trd, 258654.800, 140
Trd, 258654.900, 140
Trd, 258654.950, 139
Trd, 258654.967, 127
Trd, 258655.167, 117
Trd, 258656.183, 124
Trd, 258656.767, 140
Trd, 258656.933, 120
Trd, 258657.050, 119
Trd, 258657.667, 139
Trd, 258657.750, 138
Trd, 258658.150, 126
Trd, 258658.250, 120
Trd, 258658.450, 118
Trd, 258658.967, 136
Trd, 258658.983, 135
Trd, 258659.350, 118
Trd, 258659.600, 117
Trd, 258659.817, 115
Trd, 258659.983, 113
Trd, 258660.050, 114
Trd, 258660.133, 119
Trd, 258660.300, 126
Trd, 258660.517, 108
Trd, 258660.617, 140
Trd, 258660.717, 105
Trd, 258660.883, 117
Trd, 258661.217, 131
Trd, 258662.067, 130
Trd, 258662.117, 129
Trd, 258662.150, 128
Trd, 258662.200, 117
Trd, 258662.717, 140
Trd, 258662.767, 140
Trd, 258662.800, 127
Trd, 258662.983, 129
Trd, 258663.000, 111
Trd, 258663.233, 115
Trd, 258663.350, 114
Trd, 258663.533, 139
Trd, 258663.683, 128
Trd, 258663.733, 106
Trd, 258665.050, 91
Trd, 258665.450, 109
Trd, 258665.483, 92
Trd, 258665.533, 91
Trd, 258665.917, 133
Trd, 258666.317, 139
Trd, 258666.850, 109
Trd, 258667.067, 108
Trd, 258667.250, 108
Trd, 258667.583, 108
Trd, 258667.733, 120
Trd, 258667.833, 119
Trd, 258667.983, 111
Trd, 258668.100, 111
Trd, 258668.217, 107
Trd, 258668.283, 104
Trd, 258668.317, 102
Trd, 258668.883, 138
Trd, 258669.267, 129
Trd, 258669.600, 128
Trd, 258670.167, 130
Trd, 258670.817, 131
Trd, 258671.067, 131
Trd, 258671.400, 140
Trd, 258671.467, 140
Trd, 258671.550, 140
Trd, 258671.717, 140
Trd, 258672.050, 136
Trd, 258672.133, 135
Trd, 258672.533, 133
Trd, 258672.567, 132
Trd, 258672.617, 116
Trd, 258673.083, 115
Trd, 258673.117, 140
Trd, 258673.250, 113
Trd, 258673.267, 110
Trd, 258673.317, 107
Trd, 258673.550, 100
Trd, 258673.583, 119
Trd, 258673.750, 129
Trd, 258674.550, 129
Trd, 258674.833, 129
Trd, 258675.350, 136
Trd, 258675.417, 135
Trd, 258675.533, 135
Trd, 258676.400, 135
Trd, 258676.750, 132
Trd, 258676.783, 131
Trd, 258677.117, 138
Trd, 258677.667, 137
Trd, 258677.883, 137
Trd, 258678.550, 136
Trd, 258678.733, 139
Trd, 258678.833, 134
Trd, 258679.117, 135
Trd, 258679.500, 139
Trd, 258679.683, 137
Trd, 258680.100, 136
Trd, 258680.217, 137
Trd, 258680.333, 133
Trd, 258680.650, 133
Trd, 258680.717, 132
Trd, 258681.050, 119
Trd, 258681.117, 117
Trd, 258681.383, 118
Trd, 258681.800, 132
Trd, 258681.817, 110
Trd, 258681.967, 133
Trd, 258682.000, 105
Trd, 258683.150, 140
Trd, 258683.250, 140
Trd, 258683.267, 140
Trd, 258683.467, 139
Trd, 258683.833, 140
Trd, 258683.867, 140
Trd, 258684.100, 140
Trd, 258684.417, 140
Trd, 258684.933, 140
Trd, 258685.250, 139
Trd, 258685.400, 138
Trd, 258685.600, 139
Trd, 258685.733, 137
Trd, 258686.183, 136
Trd, 258686.583, 131
Trd, 258686.817, 139
Trd, 258686.967, 135
Trd, 258687.100, 128
Trd, 258687.850, 126
Trd, 258688.667, 139
Trd, 258688.767, 135
Trd, 258688.800, 127
Trd, 258688.850, 138
Trd, 258688.917, 126
Trd, 258689.150, 126
Trd, 258689.167, 125
Trd, 258689.650, 122
Trd, 258689.833, 125
Trd, 258690.900, 138
Trd, 258691.383, 138
Trd, 258691.450, 137
Trd, 258691.467, 137
Trd, 258691.817, 135
Trd, 258691.833, 133
Trd, 258691.867, 128
Trd, 258692.317, 125
Trd, 258692.367, 124
Trd, 258692.633, 121
Trd, 258692.933, 127
Trd, 258693.350, 120
Trd, 258693.583, 114
Trd, 258693.750, 113
Trd, 258693.967, 127
Trd, 258693.983, 112
Trd, 258694.100, 111
Trd, 258694.383, 102
Trd, 258694.417, 101
Trd, 258694.667, 119
Trd, 258695.067, 140
Trd, 258695.617, 132
Trd, 258695.717, 123
Trd, 258696.350, 124
Trd, 258696.517, 123
Trd, 258696.567, 120
Trd, 258697.200, 112
Trd, 258697.283, 118
Trd, 258697.333, 111
Trd, 258697.450, 109
Trd, 258697.733, 107
Trd, 258698.183, 113
Trd, 258698.350, 113
Trd, 258698.417, 112
Trd, 258698.450, 113
Trd, 258698.617, 117
Trd, 258698.683, 120
Trd, 258699.033, 115
Trd, 258699.050, 114
Trd, 258699.083, 103
Trd, 258699.783, 131
Trd, 258700.333, 138
Trd, 258700.433, 137
Trd, 258700.800, 123
Trd, 258701.100, 121
Trd, 258702.000, 135
Trd, 258702.033, 123
Trd, 258702.383, 137
Trd, 258702.683, 139
Trd, 258702.767, 138
Trd, 258702.933, 137
Trd, 258703.133, 126
Trd, 258703.183, 134
Trd, 258703.483, 136
Trd, 258703.533, 140
Trd, 258703.833, 124
Trd, 258703.917, 124
Trd, 258704.300, 129
Trd, 258704.350, 125
Trd, 258704.417, 129
Trd, 258704.467, 123
Trd, 258705.167, 138
Trd, 258705.267, 131
Trd, 258705.667, 126
Trd, 258705.850, 125
Trd, 258705.867, 122
Trd, 258706.383, 140
Trd, 258706.667, 135
Trd, 258707.017, 130
Trd, 258707.967, 127
Trd, 258708.217, 133
Trd, 258708.250, 129
Trd, 258708.683, 134
Trd, 258709.417, 136
Trd, 258709.933, 139
Trd, 258710.267, 140
Trd, 258710.283, 139
Trd, 258710.433, 136
Trd, 258710.650, 129
Trd, 258710.767, 129
Trd, 258711.050, 126
Trd, 258711.117, 118
Trd, 258711.967, 116
Trd, 258712.217, 127
Trd, 258712.250, 120
Trd, 258712.550, 120
Trd, 258712.733, 133
Trd, 258712.883, 119
Trd, 258713.150, 139
Trd, 258713.483, 129
Trd, 258713.733, 129
Trd, 258713.883, 128
Trd, 258714.883, 140
Trd, 258715.100, 140
Trd, 258715.217, 140
Trd, 258715.233, 133
Trd, 258715.367, 127
Trd, 258715.917, 130
Trd, 258716.333, 127
Trd, 258716.417, 126
Trd, 258716.617, 128
Trd, 258717.050, 126
Trd, 258717.183, 125
Trd, 258717.567, 118
Trd, 258717.667, 126
Trd, 258717.733, 122
Trd, 258717.950, 120
Trd, 258718.567, 140
Trd, 258718.967, 140
Trd, 258719.183, 140
Trd, 258719.383, 138
Trd, 258719.800, 130
Trd, 258720.117, 139
Trd, 258720.150, 135
Trd, 258720.167, 121
Trd, 258720.383, 121
Trd, 258722.050, 135
Trd, 258722.217, 133
Trd, 258722.500, 132
Trd, 258723.050, 133
Trd, 258723.167, 132
Trd, 258723.317, 129
Trd, 258723.450, 123
Trd, 258723.850, 137
Trd, 258723.883, 127
Trd, 258724.617, 129
Trd, 258724.783, 139
Trd, 258724.817, 134
Trd, 258725.200, 131
Trd, 258725.583, 124
Trd, 258725.633, 124
Trd, 258726.217, 124
Trd, 258726.233, 121
Trd, 258726.533, 140
Trd, 258726.700, 135
Trd, 258727.417, 117
Trd, 258727.967, 137
Trd, 258728.083, 135
Trd, 258728.250, 128
Trd, 258728.500, 136
Trd, 258728.650, 124
Trd, 258728.900, 117
Trd, 258729.300, 116
Trd, 258729.933, 131
Trd, 258730.317, 132
Trd, 258730.517, 124
Trd, 258731.150, 140
Trd, 258731.233, 140
Trd, 258731.450, 139
Trd, 258731.900, 132
Trd, 258731.967, 131
Trd, 258732.300, 132
Trd, 258732.667, 136
Trd, 258732.850, 135
Trd, 258732.967, 134
Trd, 258733.000, 133
Trd, 258733.100, 130
Trd, 258733.233, 128
Trd, 258733.333, 130
Trd, 258733.467, 129
Trd, 258733.483, 127
Trd, 258733.700, 128
Trd, 258733.850, 124
Trd, 258734.600, 124
Trd, 258734.633, 112
Trd, 258734.917, 124
Trd, 258735.583, 111
Trd, 258735.650, 110
Trd, 258736.033, 134
Trd, 258736.100, 132
Trd, 258736.383, 129
Trd, 258736.867, 129
Trd, 258737.250, 134
Trd, 258737.433, 134
Trd, 258737.533, 130
Trd, 258737.767, 131
Trd, 258737.817, 131
Trd, 258737.967, 130
Trd, 258738.317, 111
Trd, 258738.333, 110
Trd, 258738.983, 110
Trd, 258739.217, 126
Trd, 258739.467, 127
Trd, 258739.600, 117
Trd, 258739.650, 116
Trd, 258739.950, 121
Trd, 258740.700, 134
Trd, 258740.967, 134
Trd, 258740.983, 113
Trd, 258741.117, 112
Trd, 258741.250, 125
Trd, 258742.033, 124
Trd, 258742.350, 123
Trd, 258742.367, 118
Trd, 258742.483, 119
Trd, 258742.633, 121
Trd, 258742.667, 118
Trd, 258742.900, 137
Trd, 258742.917, 117
Trd, 258743.017, 113
Trd, 258743.400, 88
Trd, 258743.567, 89
Trd, 258743.817, 140
Trd, 258743.883, 140
Trd, 258744.017, 122
Trd, 258744.950, 111
Trd, 258745.167, 120
Trd, 258745.650, 123
Trd, 258746.133, 123
Trd, 258746.517, 138
Trd, 258746.833, 124
Trd, 258747.167, 125
Trd, 258747.700, 138
Trd, 258747.917, 129
Trd, 258748.433, 140
Trd, 258748.500, 140
Trd, 258748.950, 140
Trd, 258749.017, 138
Trd, 258750.083, 128
Trd, 258750.617, 127
Trd, 258750.633, 122
Trd, 258750.667, 120
Trd, 258750.733, 115
Trd, 258750.767, 114
Trd, 258750.783, 113
Trd, 258751.050, 119
Trd, 258751.133, 118
Trd, 258751.167, 103
Trd, 258751.233, 92
Trd, 258751.400, 77
Trd, 258751.733, 83
Trd, 258752.300, 83
Trd, 258752.333, 84
Trd, 258752.717, 138
Trd, 258752.900, 134
Trd, 258753.150, 130
Trd, 258753.200, 126
Trd, 258753.333, 107
Trd, 258753.750, 112
Trd, 258754.167, 112
Trd, 258754.200, 138
Trd, 258754.400, 126
Trd, 258754.617, 130
Trd, 258754.950, 114
Trd, 258755.017, 112
Trd, 258755.183, 111
Trd, 258755.483, 107
Trd, 258756.833, 139
Trd, 258757.167, 140
Trd, 258757.383, 138
Trd, 258757.500, 140
Trd, 258757.883, 140
Trd, 258758.250, 140
Trd, 258758.367, 139
Trd, 258758.467, 137
Trd, 258758.833, 133
Trd, 258759.050, 132
Trd, 258759.600, 125
Trd, 258759.883, 125
Trd, 258760.767, 125
Trd, 258761.017, 125
Trd, 258761.450, 134
Trd, 258761.617, 126
Trd, 258762.133, 124
Trd, 258762.633, 140
Trd, 258762.900, 140
Trd, 258762.983, 130
Trd, 258763.033, 129
Trd, 258763.267, 120
Trd, 258763.283, 119
Trd, 258763.767, 107
Trd, 258763.867, 127
Trd, 258764.417, 140
Trd, 258764.667, 140
Trd, 258764.750, 140
Trd, 258764.900, 140
Trd, 258764.950, 140
Trd, 258765.250, 140
Trd, 258765.267, 139
Trd, 258765.433, 136
Trd, 258765.517, 135
Trd, 258765.533, 131
Trd, 258765.850, 128
Trd, 258766.500, 128
Trd, 258766.933, 128
Trd, 258767.150, 133
Trd, 258767.367, 139
Trd, 258767.667, 133
Trd, 258767.800, 131
Trd, 258767.833, 130
Trd, 258768.017, 135
Trd, 258768.167, 127
Trd, 258768.283, 125
Trd, 258769.033, 129
Trd, 258769.083, 122
Trd, 258769.333, 138
Trd, 258769.650, 121
Trd, 258770.000, 140
Trd, 258770.050, 115
Trd, 258770.183, 140
Trd, 258771.650, 136
Trd, 258771.817, 135
Trd, 258772.217, 135
Trd, 258772.600, 135
Trd, 258772.800, 135
Trd, 258773.517, 139
Trd, 258773.567, 138
Trd, 258773.600, 138
Trd, 258773.700, 138
Trd, 258773.767, 134
Trd, 258774.017, 139
Trd, 258774.567, 140
Trd, 258774.617, 122
Trd, 258775.183, 121
Trd, 258775.450, 129
Trd, 258775.683, 121
Trd, 258775.767, 132
Trd, 258775.967, 132
Trd, 258776.017, 126
Trd, 258776.300, 117
Trd, 258776.717, 140
Trd, 258776.900, 123
Trd, 258777.217, 139
Trd, 258777.367, 121
Trd, 258777.533, 120
Trd, 258778.050, 140
Trd, 258778.067, 140
Trd, 258778.200, 136
Trd, 258778.267, 135
Trd, 258778.633, 107
Trd, 258779.333, 111
Trd, 258779.683, 140
Trd, 258780.133, 139
Trd, 258780.400, 129
Trd, 258780.550, 126
Trd, 258780.683, 125
Trd, 258781.217, 119
Trd, 258781.267, 118
Trd, 258781.750, 135
Trd, 258781.800, 134
Trd, 258782.467, 109
Trd, 258782.750, 111
Trd, 258782.817, 105
Trd, 258782.867, 137
Trd, 258783.267, 135
Trd, 258783.333, 128
Trd, 258783.600, 120
Trd, 258784.400, 133
Trd, 258784.583, 138
Trd, 258784.717, 133
Trd, 258784.733, 132
Trd, 258785.267, 134
Trd, 258785.350, 133
Trd, 258785.467, 119
Trd, 258785.767, 124
Trd, 258786.433, 137
Trd, 258786.533, 135
Trd, 258786.983, 136
Trd, 258787.033, 135
Trd, 258787.433, 130
Trd, 258787.617, 125
Trd, 258787.750, 135
Trd, 258788.017, 137
Trd, 258788.267, 137
Trd, 258788.667, 137
Trd, 258788.733, 136
Trd, 258789.100, 131
Trd, 258789.367, 128
Trd, 258789.467, 126
Trd, 258789.900, 132
Trd, 258790.067, 131
Trd, 258790.333, 123
Trd, 258790.383, 136
Trd, 258790.683, 115
Trd, 258790.767, 100
Trd, 258790.867, 114
Trd, 258790.900, 89
Trd, 258791.267, 112
Trd, 258791.500, 128
Trd, 258791.550, 67
Trd, 258792.383, 140
Trd, 258792.450, 132
Trd, 258792.600, 134
Trd, 258792.717, 133
Trd, 258793.233, 134
Trd, 258794.000, 137
Trd, 258794.517, 138
Trd, 258794.633, 136
Trd, 258794.733, 135
Trd, 258794.783, 134
Trd, 258795.000, 134
Trd, 258795.017, 132
Trd, 258795.417, 132
Trd, 258795.633, 131
Trd, 258796.183, 128
Trd, 258796.400, 126
Trd, 258796.417, 125
Trd, 258797.033, 134
Trd, 258797.283, 124
Trd, 258797.383, 123
Trd, 258797.467, 121
Trd, 258797.483, 109
Trd, 258798.400, 140
Trd, 258798.817, 140
Trd, 258799.083, 140
Trd, 258799.333, 139
Trd, 258799.517, 135
Trd, 258799.783, 139
Trd, 258800.233, 140
Trd, 258800.350, 131
Trd, 258800.550, 130
Trd, 258800.800, 122
Trd, 258800.867, 121
Trd, 258801.333, 115
Trd, 258802.117, 136
Trd, 258802.233, 134
Trd, 258802.250, 133
Trd, 258802.367, 132
Trd, 258802.467, 131
Trd, 258803.133, 131
Trd, 258803.333, 127
Trd, 258803.367, 125
Trd, 258803.383, 124
Trd, 258803.500, 136
Trd, 258803.683, 112
Trd, 258803.767, 109
Trd, 258804.467, 126
Trd, 258804.517, 107
Trd, 258804.617, 133
Trd, 258805.383, 112
Trd, 258805.567, 133
Trd, 258805.617, 111
Trd, 258805.917, 110
Trd, 258806.467, 118
Trd, 258807.133, 136
Trd, 258807.200, 131
Trd, 258807.433, 121
Trd, 258807.850, 138
Trd, 258808.033, 138
Trd, 258808.350, 134
Trd, 258808.683, 129
Trd, 258809.450, 140
Trd, 258809.683, 140
Trd, 258809.917, 140
Trd, 258810.017, 140
Trd, 258810.117, 136
Trd, 258810.233, 123
Trd, 258810.467, 137
Trd, 258811.567, 128
Trd, 258811.583, 127
Trd, 258811.950, 130
Trd, 258812.050, 130
Trd, 258812.200, 130
Trd, 258812.300, 129
Trd, 258812.433, 118
Trd, 258812.783, 115
Trd, 258813.217, 114
Trd, 258813.750, 122
Trd, 258813.800, 121
Trd, 258813.817, 114
Trd, 258814.150, 111
Trd, 258814.350, 111
Trd, 258814.550, 102
Trd, 258815.550, 138
Trd, 258815.933, 138
Trd, 258816.117, 121
Trd, 258816.350, 140
Trd, 258816.433, 118
Trd, 258816.967, 140
Trd, 258817.000, 140
Trd, 258817.150, 140
Trd, 258817.400, 140
Trd, 258817.617, 140
Trd, 258818.050, 140
Trd, 258818.350, 118
Trd, 258818.500, 135
Trd, 258818.633, 134
Trd, 258818.717, 138
Trd, 258818.767, 118
Trd, 258818.917, 117
Trd, 258819.100, 117
Trd, 258819.117, 116
Trd, 258819.883, 117
Trd, 258819.933, 116
Trd, 258819.967, 113
Trd, 258820.517, 129
Trd, 258820.667, 132
Trd, 258820.900, 127
Trd, 258821.033, 127
Trd, 258821.067, 126
Trd, 258821.300, 121
Trd, 258821.450, 97
Trd, 258821.633, 135
Trd, 258821.750, 140
Trd, 258822.300, 106
Trd, 258822.450, 125
Trd, 258822.533, 118
Trd, 258823.083, 134
Trd, 258823.367, 133
Trd, 258823.383, 119
Trd, 258823.417, 113
Trd, 258823.750, 118
Trd, 258823.850, 117
Trd, 258823.950, 115
Trd, 258824.533, 112
Trd, 258824.817, 116
Trd, 258825.167, 107
Trd, 258825.350, 127
Trd, 258826.317, 136
Trd, 258826.333, 133
Trd, 258826.750, 133
Trd, 258827.017, 137
Trd, 258827.317, 132
Trd, 258827.483, 127
Trd, 258827.533, 125
Trd, 258827.567, 124
Trd, 258827.633, 122
Trd, 258827.733, 122
Trd, 258828.017, 121
Trd, 258828.450, 121
Trd, 258828.733, 120
Trd, 258829.000, 132
Trd, 258829.350, 132
Trd, 258829.800, 123
Trd, 258830.017, 119
Trd, 258830.583, 110
Trd, 258830.650, 134
Trd, 258830.967, 133
Trd, 258831.550, 136
Trd, 258831.583, 135
Trd, 258832.050, 140
Trd, 258832.100, 134
Trd, 258832.433, 128
Trd, 258832.550, 122
Trd, 258833.517, 140
Trd, 258833.717, 140
Trd, 258833.933, 140
Trd, 258834.083, 136
Trd, 258834.100, 135
Trd, 258834.267, 127
Trd, 258834.517, 124
Trd, 258834.867, 140
Trd, 258835.017, 139
Trd, 258835.150, 134
Trd, 258835.783, 124
Trd, 258836.033, 121
Trd, 258836.283, 115
Trd, 258836.467, 115
Trd, 258836.850, 123
Trd, 258837.067, 123
Trd, 258837.350, 130
Trd, 258837.917, 139
Trd, 258838.167, 122
Trd, 258838.217, 119
Trd, 258838.483, 130
Trd, 258838.617, 116
Trd, 258839.267, 115
Trd, 258839.550, 127
Trd, 258839.583, 138
Trd, 258839.950, 126
Trd, 258840.583, 120
Trd, 258840.667, 119
Trd, 258840.950, 119
Trd, 258841.017, 118
Trd, 258841.417, 117
Trd, 258841.667, 131
Trd, 258841.700, 121
Trd, 258841.917, 100
Trd, 258842.033, 97
Trd, 258842.050, 93
Trd, 258842.783, 130
Trd, 258842.800, 129
Trd, 258843.033, 132
Trd, 258843.267, 127
Trd, 258843.317, 108
Trd, 258843.433, 102
Trd, 258843.450, 101
Trd, 258844.167, 135
Trd, 258844.467, 120
Trd, 258844.567, 121
Trd, 258844.783, 139
Trd, 258844.983, 120
Trd, 258845.467, 136
Trd, 258845.567, 137
Trd, 258846.200, 136
Trd, 258846.283, 137
Trd, 258846.317, 132
Trd, 258847.000, 123
Trd, 258847.383, 115
Trd, 258847.433, 114
Trd, 258847.583, 110
Trd, 258848.133, 140
Trd, 258849.100, 137
Trd, 258849.217, 137
Trd, 258849.300, 136
Trd, 258850.033, 134
Trd, 258850.200, 133
Trd, 258850.267, 127
Trd, 258850.433, 126
Trd, 258850.683, 123
Trd, 258850.917, 135
Trd, 258850.967, 134
Trd, 258851.233, 133
Trd, 258851.467, 138
Trd, 258851.633, 130
Trd, 258852.050, 135
Trd, 258852.300, 135
Trd, 258852.350, 134
Trd, 258852.550, 123
Trd, 258852.750, 120
Trd, 258853.317, 123
Trd, 258853.433, 119
Trd, 258853.917, 117
Trd, 258854.317, 138
Trd, 258854.350, 116
Trd, 258854.400, 94
Trd, 258855.217, 138
Trd, 258855.350, 130
Trd, 258856.033, 140
Trd, 258856.067, 138
Trd, 258856.433, 126
Trd, 258857.250, 139
Trd, 258857.400, 138
Trd, 258857.567, 138
Trd, 258857.633, 137
Trd, 258857.750, 137
Trd, 258858.317, 140
Trd, 258858.350, 140
Trd, 258858.500, 136
Trd, 258858.617, 134
Trd, 258858.683, 133
Trd, 258859.217, 134
Trd, 258859.300, 133
Trd, 258859.433, 132
Trd, 258859.450, 126
Trd, 258859.917, 132
Trd, 258860.383, 134
Trd, 258860.867, 132
Trd, 258861.100, 139
Trd, 258861.167, 132
Trd, 258862.000, 127
Trd, 258862.267, 125
Trd, 258862.950, 129
Trd, 258863.500, 130
Trd, 258863.783, 135
Trd, 258863.900, 138
Trd, 258864.533, 131
Trd, 258864.633, 140
Trd, 258864.983, 129
Trd, 258865.233, 129
Trd, 258865.250, 128
Trd, 258865.317, 132
Trd, 258865.500, 140
Trd, 258865.533, 119
Trd, 258866.033, 127
Trd, 258866.067, 128
Trd, 258866.317, 127
Trd, 258866.633, 126
Trd, 258866.900, 140
Trd, 258866.933, 127
Trd, 258867.050, 112
Trd, 258868.433, 113
Trd, 258868.567, 112
Trd, 258868.583, 111
Trd, 258868.817, 120
Trd, 258869.000, 112
Trd, 258869.133, 136
Trd, 258869.700, 118
Trd, 258869.800, 117
Trd, 258869.850, 116
Trd, 258870.933, 137
Trd, 258871.467, 137
Trd, 258871.500, 136
Trd, 258871.583, 125
Trd, 258871.883, 119
Trd, 258872.067, 118
Trd, 258872.367, 132
Trd, 258872.467, 136
Trd, 258872.800, 135
Trd, 258872.883, 131
Trd, 258873.383, 125
Trd, 258873.517, 130
Trd, 258873.833, 125
Trd, 258874.000, 119
Trd, 258874.233, 112
Trd, 258874.467, 137
Trd, 258874.617, 124
Trd, 258874.683, 140
Trd, 258874.783, 123
Trd, 258875.050, 118
Trd, 258875.117, 130
Trd, 258875.167, 129
Trd, 258875.667, 139
Trd, 258876.117, 132
Trd, 258876.183, 131
Trd, 258876.217, 127
Trd, 258876.383, 126
Trd, 258877.800, 138
Trd, 258878.150, 133
Trd, 258878.250, 135
Trd, 258878.467, 128
Trd, 258878.667, 127
Trd, 258878.750, 127
Trd, 258878.967, 114
Trd, 258879.050, 134
Trd, 258879.300, 140
Trd, 258879.467, 113
Trd, 258880.067, 110
Trd, 258880.183, 109
Trd, 258880.367, 127
Trd, 258880.533, 107
Trd, 258880.883, 111
Trd, 258880.917, 109
Trd, 258880.950, 121
Trd, 258881.500, 138
Trd, 258881.517, 127
Trd, 258881.600, 111
Trd, 258881.667, 111
Trd, 258882.317, 118
Trd, 258882.400, 117
Trd, 258882.583, 125
Trd, 258883.283, 125
Trd, 258883.600, 131
Trd, 258883.783, 132
Trd, 258884.083, 131
Trd, 258884.550, 131
Trd, 258884.867, 131
Trd, 258885.250, 139
Trd, 258885.717, 140
Trd, 258886.117, 140
Trd, 258886.283, 140
Trd, 258886.417, 137
Trd, 258886.767, 131
Trd, 258886.783, 128
Trd, 258887.000, 139
Trd, 258887.083, 127
Trd, 258887.233, 127
Trd, 258887.250, 126
Trd, 258887.633, 124
Trd, 258888.633, 136
Trd, 258888.667, 135
Trd, 258888.917, 134
Trd, 258889.117, 134
Trd, 258889.217, 133
Trd, 258889.483, 136
Trd, 258889.583, 128
Trd, 258889.917, 127
Trd, 258890.017, 127
Trd, 258890.033, 126
Trd, 258890.117, 135
Trd, 258890.567, 137
Trd, 258890.867, 122
Trd, 258890.967, 122
Trd, 258891.050, 108
Trd, 258891.300, 103
Trd, 258891.500, 95
Trd, 258891.650, 95
Trd, 258891.917, 110
Trd, 258892.050, 124
Trd, 258892.433, 127
Trd, 258892.583, 126
Trd, 258893.133, 105
Trd, 258893.317, 105
Trd, 258893.350, 120
Trd, 258893.500, 105
Trd, 258893.567, 127
Trd, 258893.683, 103
Trd, 258893.883, 113
Trd, 258894.300, 138
Trd, 258894.317, 103
Trd, 258895.267, 119
Trd, 258895.517, 102
Trd, 258896.283, 140
Trd, 258896.333, 140
Trd, 258896.617, 140
Trd, 258896.967, 140
Trd, 258897.233, 135
Trd, 258897.483, 140
Trd, 258897.517, 140
Trd, 258897.700, 135
Trd, 258897.767, 123
Trd, 258898.167, 133
Trd, 258898.283, 133
Trd, 258898.317, 138
Trd, 258899.050, 137
Trd, 258899.067, 136
Trd, 258899.850, 137
Trd, 258900.233, 135
Trd, 258900.633, 132
Trd, 258900.683, 131
Trd, 258900.850, 130
Trd, 258900.883, 124
Trd, 258901.617, 127
Trd, 258902.267, 128
Trd, 258902.283, 127
Trd, 258902.483, 129
Trd, 258902.600, 132
Trd, 258903.133, 130
Trd, 258903.267, 140
Trd, 258903.600, 135
Trd, 258903.650, 134
Trd, 258903.750, 133
Trd, 258903.900, 130
Trd, 258904.217, 119
Trd, 258904.467, 139
Trd, 258904.550, 136
Trd, 258904.917, 130
Trd, 258905.317, 140
Trd, 258905.467, 125
Trd, 258905.883, 126
Trd, 258906.033, 124
Trd, 258906.083, 122
Trd, 258906.250, 126
Trd, 258906.600, 117
Trd, 258907.267, 117
Trd, 258907.567, 115
Trd, 258907.717, 115
Trd, 258907.900, 117
Trd, 258907.917, 100
Trd, 258908.250, 71
Trd, 258908.367, 126
Trd, 258908.733, 86
Trd, 258908.783, 139
Trd, 258909.000, 75
Trd, 258909.117, 100
Trd, 258909.217, 74
Trd, 258909.500, 78
Trd, 258909.617, 106
Trd, 258909.683, 115
Trd, 258909.750, 122
Trd, 258910.750, 128
Trd, 258910.783, 127
Trd, 258910.867, 139
Trd, 258911.083, 109
Trd, 258911.267, 108
Trd, 258911.367, 107
Trd, 258911.567, 106
Trd, 258911.767, 110
Trd, 258911.800, 113
Trd, 258911.933, 131
Trd, 258912.433, 125
Trd, 258912.717, 127
Trd, 258913.183, 128
Trd, 258913.400, 127
Trd, 258913.650, 129
Trd, 258913.767, 127
Trd, 258914.017, 126
Trd, 258915.083, 140
Trd, 258915.183, 140
Trd, 258915.350, 140
Trd, 258915.433, 140
Trd, 258915.683, 140
Trd, 258915.983, 129
Trd, 258916.017, 123
Trd, 258916.200, 123
Trd, 258916.933, 140
Trd, 258917.133, 140
Trd, 258917.150, 140
Trd, 258917.417, 140
Trd, 258917.583, 140
Trd, 258917.850, 140
Trd, 258918.217, 140
Trd, 258918.300, 127
Trd, 258918.717, 134
Trd, 258918.817, 133
Trd, 258919.183, 121
Trd, 258919.317, 120
Trd, 258919.683, 135
Trd, 258919.983, 128
Trd, 258920.000, 127
Trd, 258920.017, 121
Trd, 258920.667, 117
Trd, 258920.917, 125
Trd, 258921.167, 112
Trd, 258921.250, 140
Trd, 258921.567, 138
Trd, 258922.517, 138
Trd, 258922.950, 138
Trd, 258923.100, 138
Trd, 258923.283, 138
Trd, 258923.550, 139
Trd, 258923.833, 140
Trd, 258924.183, 140
Trd, 258924.200, 140
Trd, 258924.683, 140
Trd, 258924.917, 139
Trd, 258925.333, 138
Trd, 258925.500, 140
Trd, 258925.850, 134
Trd, 258925.917, 138
Trd, 258925.933, 131
Trd, 258926.583, 140
Trd, 258927.033, 131
Trd, 258927.200, 124
Trd, 258927.400, 124
Trd, 258927.483, 123
Trd, 258928.133, 138
Trd, 258928.283, 136
Trd, 258928.483, 137
Trd, 258928.550, 138
Trd, 258928.650, 137
Trd, 258929.117, 136
Trd, 258929.417, 135
Trd, 258929.433, 132
Trd, 258929.817, 129
Trd, 258930.000, 124
Trd, 258930.183, 138
Trd, 258930.633, 140
Trd, 258930.717, 140
Trd, 258931.283, 140
Trd, 258932.500, 140
Trd, 258932.783, 140
Trd, 258932.833, 140
Trd, 258932.900, 140
Trd, 258933.100, 136
Trd, 258933.700, 140
Trd, 258933.750, 140
Trd, 258933.767, 140
Trd, 258933.900, 140
Trd, 258934.217, 140
Trd, 258934.317, 140
Trd, 258934.400, 138
Trd, 258934.600, 135
Trd, 258934.617, 132
Trd, 258934.883, 128
Trd, 258936.167, 123
Trd, 258936.400, 138
Trd, 258936.483, 132
Trd, 258937.017, 126
Trd, 258937.800, 130
Trd, 258938.150, 129
Trd, 258938.167, 128
Trd, 258938.600, 140
Trd, 258938.700, 137
Trd, 258939.067, 130
Trd, 258939.200, 131
Trd, 258939.217, 129
Trd, 258939.467, 140
Trd, 258939.500, 129
Trd, 258939.750, 126
Trd, 258940.167, 125
Trd, 258940.400, 124
Trd, 258940.433, 123
Trd, 258940.833, 124
Trd, 258940.967, 122
Trd, 258941.100, 107
Trd, 258941.500, 104
Trd, 258941.567, 99
Trd, 258942.100, 107
Trd, 258942.367, 111
Trd, 258942.900, 112
Trd, 258943.050, 109
Trd, 258943.250, 140
Trd, 258943.333, 117
Trd, 258943.500, 140
Trd, 258944.067, 140
Trd, 258944.200, 129
Trd, 258944.567, 136
Trd, 258945.017, 139
Trd, 258945.183, 138
Trd, 258945.250, 136
Trd, 258945.333, 135
Trd, 258945.350, 134
Trd, 258945.633, 123
Trd, 258945.667, 122
Trd, 258945.717, 121
Trd, 258945.817, 119
Trd, 258946.133, 110
Trd, 258946.333, 109
Trd, 258946.700, 137
Trd, 258946.833, 120
Trd, 258947.233, 107
Trd, 258947.400, 138
Trd, 258947.717, 115
Trd, 258947.800, 118
Trd, 258948.417, 140
Trd, 258949.133, 114
Trd, 258949.250, 115
Trd, 258949.417, 106
Trd, 258949.483, 98
Trd, 258949.617, 96
Trd, 258949.650, 133
Trd, 258949.800, 96
Trd, 258949.867, 94
Trd, 258951.283, 132
Trd, 258951.383, 118
Trd, 258951.733, 128
Trd, 258952.100, 136
Trd, 258952.200, 135
Trd, 258952.617, 140
Trd, 258952.950, 140
Trd, 258952.967, 140
Trd, 258953.233, 118
Trd, 258953.350, 114
Trd, 258953.800, 130
Trd, 258954.167, 131
Trd, 258954.400, 131
Trd, 258954.433, 130
Trd, 258955.200, 126
Trd, 258955.650, 120
Trd, 258955.700, 119
Trd, 258955.750, 116
Trd, 258956.117, 126
Trd, 258956.200, 137
Trd, 258956.767, 127
Trd, 258956.967, 125
Trd, 258957.000, 123
Trd, 258957.100, 117
Trd, 258957.450, 116
Trd, 258957.583, 116
Trd, 258957.667, 117
Trd, 258959.033, 140
Trd, 258959.317, 140
Trd, 258959.367, 140
Trd, 258959.450, 140
Trd, 258959.517, 139
Trd, 258959.600, 133
Trd, 258959.733, 132
Trd, 258960.583, 139
Trd, 258961.100, 137
Trd, 258961.133, 126
Trd, 258961.683, 129
Trd, 258961.767, 128
Trd, 258962.117, 139
Trd, 258962.433, 135
Trd, 258962.933, 137
Trd, 258963.083, 136
Trd, 258963.150, 135
Trd, 258963.600, 129
Trd, 258964.317, 133
Trd, 258964.400, 121
Trd, 258964.600, 117
Trd, 258964.667, 135
Trd, 258964.950, 133
Trd, 258965.217, 127
Trd, 258965.550, 128
Trd, 258965.633, 128
Trd, 258965.867, 127
Trd, 258966.783, 136
Trd, 258966.800, 134
Trd, 258967.067, 137
Trd, 258967.317, 136
Trd, 258967.333, 135
Trd, 258967.567, 140
Trd, 258967.683, 133
Trd, 258968.267, 137
Trd, 258968.333, 132
Trd, 258968.400, 125
Trd, 258968.633, 125
Trd, 258969.050, 138
Trd, 258969.433, 137
Trd, 258970.167, 128
Trd, 258970.633, 130
Trd, 258970.667, 134
Trd, 258971.050, 129
Trd, 258971.300, 137
Trd, 258971.350, 128
Trd, 258971.483, 127
Trd, 258971.500, 138
Trd, 258971.733, 125
Trd, 258971.933, 124
Trd, 258972.183, 115
Trd, 258972.317, 111
Trd, 258973.300, 138
Trd, 258973.450, 137
Trd, 258973.483, 133
Trd, 258973.633, 140
Trd, 258974.117, 134
Trd, 258974.133, 127
Trd, 258974.883, 128
Trd, 258974.900, 126
Trd, 258975.067, 140
Trd, 258975.100, 123
Trd, 258975.200, 120
Trd, 258975.567, 140
Trd, 258975.750, 140
Trd, 258975.983, 140
Trd, 258976.533, 140
Trd, 258976.917, 134
Trd, 258977.383, 133
Trd, 258977.417, 124
Trd, 258978.283, 120
Trd, 258978.583, 121
Trd, 258978.733, 117
Trd, 258978.750, 115
Trd, 258979.217, 116
Trd, 258979.517, 119
Trd, 258979.633, 117
Trd, 258979.700, 116
Trd, 258979.850, 117
Trd, 258980.233, 138
Trd, 258980.300, 137
Trd, 258980.417, 135
Trd, 258980.633, 134
Trd, 258981.933, 133
Trd, 258981.950, 132
Trd, 258981.967, 130
Trd, 258982.550, 140
Trd, 258982.600, 140
Trd, 258983.083, 140
Trd, 258983.467, 140
Trd, 258983.567, 140
Trd, 258983.683, 138
Trd, 258983.850, 135
Trd, 258983.933, 138
Trd, 258984.633, 135
Trd, 258984.967, 135
Trd, 258985.683, 137
Trd, 258985.800, 126
Trd, 258985.900, 122
Trd, 258986.133, 119
Trd, 258986.217, 136
Trd, 258986.367, 118
Trd, 258986.700, 111
Trd, 258986.750, 125
Trd, 258987.133, 109
Trd, 258987.250, 106
Trd, 258987.383, 107
Trd, 258987.850, 97
Trd, 258987.983, 124
Trd, 258988.050, 118
Trd, 258988.333, 120
Trd, 258988.633, 98
Trd, 258988.850, 135
Trd, 258989.067, 110
Trd, 258989.250, 109
Trd, 258989.400, 123
Trd, 258989.567, 106
Trd, 258990.367, 135
Trd, 258990.417, 134
Trd, 258990.583, 133
Trd, 258990.667, 107
Trd, 258990.767, 140
Trd, 258990.867, 100
Trd, 258991.150, 124
Trd, 258991.667, 138
Trd, 258991.950, 133
Trd, 258992.100, 127
Trd, 258992.717, 137
Trd, 258993.017, 138
Trd, 258993.167, 138
Trd, 258993.517, 137
Trd, 258993.533, 136
Trd, 258993.717, 120
Trd, 258994.250, 115
Trd, 258994.850, 111
Trd, 258994.933, 129
Trd, 258995.550, 116
Trd, 258996.317, 137
Trd, 258996.350, 136
Trd, 258996.467, 135
Trd, 258996.550, 131
Trd, 258997.100, 137
Trd, 258997.250, 133
Trd, 258997.267, 129
Trd, 258997.300, 125
Trd, 258997.417, 123
Trd, 258997.500, 122
Trd, 258998.583, 137
Trd, 258998.867, 133
Trd, 258999.183, 133
Trd, 258999.317, 132
Trd, 258999.467, 129
Trd, 258999.750, 133
Trd, 258999.783, 132
Trd, 258999.983, 126
Trd, 259000.550, 125
Trd, 259000.767, 131
Trd, 259000.833, 137
Trd, 259001.017, 138
Trd, 259001.933, 140
Trd, 259002.150, 137
Trd, 259002.317, 136
Trd, 259002.467, 136
Trd, 259002.533, 135
Trd, 259002.633, 126
Trd, 259002.733, 127
Trd, 259003.533, 140
Trd, 259003.900, 140
Trd, 259004.933, 132
Trd, 259005.083, 139
Trd, 259005.217, 128
Trd, 259005.433, 126
Trd, 259005.683, 126
Trd, 259005.783, 138
Trd, 259005.867, 125
Trd, 259006.233, 140
Trd, 259006.350, 124
Trd, 259006.367, 122
Trd, 259006.683, 122
Trd, 259006.950, 123
Trd, 259007.083, 121
Trd, 259007.583, 129
Trd, 259007.600, 118
Trd, 259007.867, 114
Trd, 259008.700, 111
Trd, 259008.717, 128
Trd, 259008.983, 98
Trd, 259009.733, 121
Trd, 259009.833, 111
Trd, 259009.983, 125
Trd, 259010.150, 126
Trd, 259010.267, 114
Trd, 259010.400, 113
Trd, 259010.917, 115
Trd, 259010.933, 114
Trd, 259010.950, 112
Trd, 259011.083, 116
Trd, 259011.150, 111
Trd, 259011.550, 111
Trd, 259011.783, 136
Trd, 259012.083, 135
Trd, 259012.833, 128
Trd, 259013.100, 122
Trd, 259013.433, 121
Trd, 259013.650, 121
Trd, 259013.700, 120
Trd, 259013.933, 126
Trd, 259013.967, 122
Trd, 259014.083, 120
Trd, 259014.133, 119
Trd, 259014.483, 127
Trd, 259014.550, 126
Trd, 259014.567, 115
Trd, 259015.067, 102
Trd, 259015.600, 139
Trd, 259015.683, 138
Trd, 259015.983, 138
Trd, 259016.967, 123
Trd, 259017.017, 122
Trd, 259017.733, 119
Trd, 259017.867, 115
Trd, 259017.950, 123
Trd, 259018.017, 115
Trd, 259018.300, 105
Trd, 259018.333, 103
Trd, 259018.883, 123
Trd, 259019.117, 121
Trd, 259019.167, 122
Trd, 259019.283, 122
Trd, 259019.550, 122
Trd, 259019.650, 126
Trd, 259020.300, 140
Trd, 259020.783, 140
Trd, 259020.800, 140
Trd, 259021.217, 137
Trd, 259021.350, 135
Trd, 259021.367, 138
Trd, 259021.617, 136
Trd, 259022.067, 140
Trd, 259022.333, 125
Trd, 259022.667, 122
Trd, 259022.850, 123
Trd, 259023.050, 123
Trd, 259023.217, 122
Trd, 259023.333, 101
Trd, 259023.600, 98
Trd, 259023.700, 95
Trd, 259023.733, 124
Trd, 259024.400, 115
Trd, 259024.783, 138
Trd, 259024.900, 138
Trd, 259025.033, 140
Trd, 259025.100, 139
Trd, 259025.350, 137
Trd, 259026.133, 140
Trd, 259026.550, 137
Trd, 259027.167, 140
Trd, 259027.283, 140
Trd, 259027.467, 136
Trd, 259027.550, 131
Trd, 259027.583, 127
Trd, 259027.600, 121
Trd, 259027.650, 114
Trd, 259027.933, 115
Trd, 259028.867, 134
Trd, 259029.033, 121
Trd, 259029.250, 140
Trd, 259029.450, 119
Trd, 259029.683, 138
Trd, 259029.767, 118
Trd, 259029.800, 116
Trd, 259030.283, 119
Trd, 259030.467, 122
Trd, 259030.767, 122
Trd, 259031.067, 140
Trd, 259031.167, 129
Trd, 259031.733, 133
Trd, 259032.383, 135
Trd, 259032.467, 138
Trd, 259032.950, 139
Trd, 259033.367, 140
Trd, 259033.883, 139
Trd, 259034.200, 135
Trd, 259034.333, 132
Trd, 259034.883, 140
Trd, 259035.600, 136
Trd, 259035.850, 134
Trd, 259035.917, 128
Trd, 259036.450, 130
Trd, 259036.767, 140
Trd, 259036.900, 134
Trd, 259036.917, 130
Trd, 259037.083, 127
Trd, 259037.183, 126
Trd, 259037.383, 126
Trd, 259037.433, 140
Trd, 259038.083, 124
Trd, 259038.167, 117
Trd, 259038.833, 126
Trd, 259038.917, 130
Trd, 259039.033, 119
Trd, 259039.367, 136
Trd, 259039.483, 137
Trd, 259039.567, 136
Trd, 259039.583, 135
Trd, 259039.667, 120
Trd, 259040.067, 117
Trd, 259040.500, 127
Trd, 259040.717, 126
Trd, 259040.767, 125
Trd, 259042.000, 128
Trd, 259042.200, 125
Trd, 259042.350, 122
Trd, 259042.467, 113
Trd, 259042.483, 106
Trd, 259042.667, 134
Trd, 259042.883, 121
Trd, 259043.050, 140
Trd, 259043.217, 120
Trd, 259043.767, 139
Trd, 259043.800, 138
Trd, 259044.050, 140
Trd, 259044.267, 137
Trd, 259044.350, 135
Trd, 259044.517, 121
Trd, 259044.533, 109
Trd, 259045.183, 129
Trd, 259045.733, 137
Trd, 259045.983, 132
Trd, 259046.200, 130
Trd, 259046.333, 127
Trd, 259046.933, 114
Trd, 259046.950, 125
Trd, 259047.550, 116
Trd, 259047.617, 114
Trd, 259048.450, 129
Trd, 259048.517, 136
Trd, 259049.317, 132
Trd, 259049.517, 117
Trd, 259049.600, 116
Trd, 259050.250, 139
Trd, 259050.333, 140
Trd, 259051.050, 140
Trd, 259051.267, 140
Trd, 259051.617, 140
Trd, 259051.733, 140
Trd, 259051.883, 140
Trd, 259052.317, 140
Trd, 259052.417, 139
Trd, 259052.467, 138
Trd, 259052.683, 136
Trd, 259052.717, 133
Trd, 259053.667, 140
Trd, 259053.833, 139
Trd, 259053.883, 135
Trd, 259055.000, 136
Trd, 259055.250, 133
Trd, 259055.967, 133
Trd, 259056.033, 134
Trd, 259056.183, 132
Trd, 259056.250, 131
Trd, 259056.283, 128
Trd, 259056.517, 121
Trd, 259056.717, 131
Trd, 259057.083, 108
Trd, 259057.167, 127
Trd, 259057.367, 132
Trd, 259057.433, 107
Trd, 259057.483, 124
Trd, 259057.550, 103
Trd, 259057.667, 99
Trd, 259058.150, 111
Trd, 259058.250, 108
Trd, 259058.483, 131
Trd, 259058.950, 132
Trd, 259059.050, 130
Trd, 259059.333, 135
Trd, 259059.350, 129
Trd, 259059.833, 129
Trd, 259060.167, 130
Trd, 259060.533, 130
Trd, 259060.783, 130
Trd, 259060.850, 129
Trd, 259061.533, 125
Trd, 259061.583, 123
Trd, 259062.283, 123
Trd, 259062.500, 123
Trd, 259063.100, 122
Trd, 259063.317, 124
Trd, 259063.633, 123
Trd, 259063.683, 122
Trd, 259063.833, 121
Trd, 259064.033, 121
Trd, 259064.183, 129
Trd, 259064.283, 122
Trd, 259064.750, 129
Trd, 259065.500, 123
Trd, 259065.617, 130
Trd, 259065.667, 120
Trd, 259066.600, 129
Trd, 259066.867, 129
Trd, 259067.017, 131
Trd, 259067.333, 133
Trd, 259067.583, 132
Trd, 259067.650, 131
Trd, 259067.733, 131
Trd, 259067.750, 140
Trd, 259067.800, 130
Trd, 259068.067, 130
Trd, 259068.183, 129
Trd, 259068.350, 128
Trd, 259069.083, 126
Trd, 259069.383, 121
Trd, 259069.817, 135
Trd, 259069.933, 117
Trd, 259070.200, 128
Trd, 259070.433, 124
Trd, 259070.600, 108
Trd, 259070.633, 107
Trd, 259070.667, 105
Trd, 259071.183, 121
Trd, 259071.333, 113
Trd, 259071.717, 130
Trd, 259071.850, 130
Trd, 259072.267, 135
Trd, 259072.433, 135
Trd, 259072.617, 132
Trd, 259072.800, 129
Trd, 259072.850, 128
Trd, 259073.150, 113
Trd, 259074.217, 127
Trd, 259074.433, 125
Trd, 259074.500, 122
Trd, 259074.650, 140
Trd, 259074.933, 117
Trd, 259075.217, 139
Trd, 259075.367, 124
Trd, 259075.533, 126
Trd, 259075.650, 122
Trd, 259076.100, 125
Trd, 259076.133, 129
Trd, 259076.217, 117
Trd, 259076.383, 116
Trd, 259076.567, 111
Trd, 259076.817, 99
Trd, 259077.450, 91
Trd, 259077.800, 88
Trd, 259078.033, 87
Trd, 259078.150, 112
Trd, 259078.800, 105
Trd, 259078.883, 118
Trd, 259079.500, 119
Trd, 259079.550, 117
Trd, 259079.633, 116
Trd, 259079.733, 115
Trd, 259079.750, 110
Trd, 259080.117, 126
Trd, 259080.200, 126
Trd, 259080.650, 137
Trd, 259080.717, 136
Trd, 259080.767, 126
Trd, 259081.217, 126
Trd, 259081.483, 129
Trd, 259081.517, 137
Trd, 259082.017, 132
Trd, 259082.033, 131
Trd, 259082.067, 130
Trd, 259082.300, 132
Trd, 259082.350, 127
Trd, 259082.917, 140
Trd, 259082.967, 116
Trd, 259083.050, 114
Trd, 259083.100, 130
Trd, 259083.283, 140
Trd, 259083.733, 136
Trd, 259083.883, 135
Trd, 259084.100, 122
Trd, 259084.483, 140
Trd, 259084.967, 132
Trd, 259084.983, 131
Trd, 259085.300, 122
Trd, 259085.500, 116
Trd, 259085.600, 115
Trd, 259085.667, 112
Trd, 259086.050, 112
Trd, 259086.233, 97
Trd, 259086.417, 97
Trd, 259086.767, 118
Trd, 259086.867, 119
Trd, 259087.183, 139
Trd, 259087.517, 128
Trd, 259087.550, 123
Trd, 259088.150, 114
Trd, 259088.200, 112
Trd, 259088.300, 111
Trd, 259088.700, 121
Trd, 259088.983, 135
Trd, 259089.133, 120
Trd, 259089.217, 100
Trd, 259089.800, 116
Trd, 259090.200, 135
Trd, 259090.300, 138
Trd, 259090.317, 115
Trd, 259091.167, 140
Trd, 259091.767, 140
Trd, 259091.900, 140
Trd, 259091.933, 140
Trd, 259092.150, 140
Trd, 259092.250, 140
Trd, 259092.550, 140
Trd, 259092.617, 140
Trd, 259092.750, 127
Trd, 259092.800, 123
Trd, 259092.850, 121
Trd, 259092.950, 131
Trd, 259092.967, 108
Trd, 259093.417, 119
Trd, 259093.833, 113
Trd, 259094.767, 140
Trd, 259094.883, 140
Trd, 259095.350, 140
Trd, 259095.383, 140
Trd, 259095.433, 140
Trd, 259095.467, 140
Trd, 259095.683, 120
Trd, 259096.183, 122
Trd, 259096.267, 122
Trd, 259096.317, 121
Trd, 259096.583, 111
Trd, 259096.800, 129
Trd, 259097.117, 121
Trd, 259097.483, 128
Trd, 259097.717, 126
Trd, 259097.833, 137
Trd, 259098.133, 135
Trd, 259098.400, 135
Trd, 259098.617, 139
Trd, 259098.700, 130
Trd, 259098.783, 125
Trd, 259099.067, 123
Trd, 259099.383, 137
Trd, 259099.533, 128
Trd, 259099.750, 128
Trd, 259100.617, 139
Trd, 259100.883, 139
Trd, 259101.183, 124
Trd, 259101.300, 123
Trd, 259101.483, 102
Trd, 259101.933, 126
Trd, 259102.033, 125
Trd, 259102.533, 123
Trd, 259103.333, 131
Trd, 259103.850, 116
Trd, 259104.050, 114
Trd, 259104.300, 129
Trd, 259105.067, 138
Trd, 259105.083, 123
Trd, 259105.467, 138
Trd, 259105.500, 137
Trd, 259105.600, 121
Trd, 259105.767, 110
Trd, 259106.083, 137
Trd, 259106.183, 112
Trd, 259106.533, 112
Trd, 259106.750, 115
Trd, 259106.817, 111
Trd, 259106.950, 137
Trd, 259107.467, 139
Trd, 259107.583, 113
Trd, 259107.800, 133
Trd, 259107.850, 113
Trd, 259107.950, 111
Trd, 259109.133, 131
Trd, 259109.167, 130
Trd, 259109.467, 129
Trd, 259109.483, 128
Trd, 259109.650, 133
Trd, 259109.967, 138
Trd, 259110.200, 133
Trd, 259110.233, 132
Trd, 259110.500, 135
Trd, 259110.567, 120
Trd, 259110.883, 119
Trd, 259110.917, 122
Trd, 259111.667, 135
Trd, 259112.000, 140
Trd, 259112.200, 139
Trd, 259112.217, 134
Trd, 259112.517, 140
Trd, 259112.883, 140
Trd, 259113.067, 139
Trd, 259113.417, 135
Trd, 259114.100, 139
Trd, 259114.133, 130
Trd, 259114.617, 132
Trd, 259114.633, 131
Trd, 259114.950, 131
Trd, 259115.000, 130
Trd, 259115.183, 127
Trd, 259115.517, 109
Trd, 259115.533, 114
Trd, 259115.783, 135
Trd, 259115.933, 125
Trd, 259116.067, 124
Trd, 259116.433, 127
Trd, 259116.567, 126
Trd, 259116.617, 117
Trd, 259117.167, 113
Trd, 259117.783, 109
Trd, 259118.233, 113
Trd, 259118.567, 132
Trd, 259118.850, 133
Trd, 259118.900, 135
Trd, 259119.067, 134
Trd, 259119.183, 140
Trd, 259119.350, 129
Trd, 259119.617, 140
Trd, 259119.650, 117
Trd, 259120.033, 119
Trd, 259121.100, 132
Trd, 259121.150, 133
Trd, 259121.367, 133
Trd, 259121.667, 132
Trd, 259121.950, 127
Trd, 259121.983, 126
Trd, 259123.050, 140
Trd, 259123.433, 140
Trd, 259123.650, 140
Trd, 259123.750, 140
Trd, 259123.783, 140
Trd, 259123.917, 134
Trd, 259124.283, 135
Trd, 259124.350, 130
Trd, 259124.500, 121
Trd, 259124.783, 135
Trd, 259125.333, 140
Trd, 259125.400, 120
Trd, 259125.800, 120
Trd, 259125.833, 111
Trd, 259125.867, 109
Trd, 259126.383, 127
Trd, 259126.417, 128
Trd, 259126.883, 117
Trd, 259126.967, 116
Trd, 259127.017, 115
Trd, 259127.350, 113
Trd, 259127.367, 93
Trd, 259127.567, 110
Trd, 259127.600, 110
Trd, 259127.917, 133
Trd, 259128.133, 127
Trd, 259128.167, 126
Trd, 259128.500, 118
Trd, 259129.117, 114
Trd, 259129.683, 125
Trd, 259130.017, 116
Trd, 259130.350, 111
Trd, 259130.650, 134
Trd, 259130.917, 128
Trd, 259130.967, 117
Trd, 259131.000, 138
Trd, 259131.167, 129
Trd, 259131.617, 137
Trd, 259132.050, 140
Trd, 259132.667, 140
Trd, 259132.683, 140
Trd, 259132.750, 140
Trd, 259133.183, 140
Trd, 259133.467, 140
Trd, 259133.517, 138
Trd, 259133.533, 130
Trd, 259134.083, 126
Trd, 259134.150, 125
Trd, 259134.933, 137
Trd, 259135.200, 136
Trd, 259135.383, 129
Trd, 259135.750, 129
Trd, 259135.933, 137
Trd, 259136.350, 136
Trd, 259136.383, 127
Trd, 259136.783, 137
Trd, 259136.800, 127
Trd, 259136.850, 126
Trd, 259137.400, 121
Trd, 259137.617, 120
Trd, 259137.850, 130
Trd, 259137.933, 106
Trd, 259138.200, 140
Trd, 259138.683, 140
Trd, 259138.867, 140
Trd, 259139.500, 140
Trd, 259139.567, 140
Trd, 259139.750, 135
Trd, 259140.250, 136
Trd, 259140.417, 134
Trd, 259140.533, 133
Trd, 259140.967, 134
Trd, 259141.117, 118
Trd, 259141.383, 127
Trd, 259141.683, 140
Trd, 259141.733, 139
Trd, 259142.250, 121
Trd, 259142.750, 126
Trd, 259142.800, 125
Trd, 259142.833, 129
Trd, 259143.317, 121
Trd, 259143.767, 128
Trd, 259143.850, 126
Trd, 259144.100, 128
Trd, 259144.133, 127
Trd, 259144.450, 120
Trd, 259144.717, 119
Trd, 259144.917, 117
Trd, 259145.183, 114
Trd, 259145.217, 109
Trd, 259145.983, 139
Trd, 259146.000, 135
Trd, 259146.500, 137
Trd, 259146.617, 123
Trd, 259146.983, 115
Trd, 259147.483, 118
Trd, 259148.100, 140
Trd, 259148.217, 118
Trd, 259148.317, 109
Trd, 259149.000, 105
Trd, 259149.033, 107
Trd, 259149.150, 105
Trd, 259149.383, 98
Trd, 259149.833, 108
Trd, 259149.950, 110
Trd, 259150.200, 121
Trd, 259150.433, 121
Trd, 259150.917, 112
Trd, 259151.033, 130
Trd, 259151.633, 140
Trd, 259151.867, 140
Trd, 259151.883, 135
Trd, 259151.950, 113
Trd, 259152.050, 138
Trd, 259152.400, 136
Trd, 259152.733, 133
Trd, 259152.850, 134
Trd, 259152.917, 132
Trd, 259153.550, 132
Trd, 259153.583, 121
Trd, 259153.817, 136
Trd, 259154.100, 123
Trd, 259154.250, 140
Trd, 259154.500, 122
Trd, 259154.550, 121
Trd, 259154.833, 120
Trd, 259155.317, 114
Trd, 259155.783, 128
Trd, 259156.450, 132
Trd, 259156.500, 130
Trd, 259156.700, 139
Trd, 259157.133, 139
Trd, 259157.150, 137
Trd, 259157.617, 140
Trd, 259157.967, 140
Trd, 259158.200, 140
Trd, 259158.283, 140
Trd, 259158.350, 140
Trd, 259158.367, 138
Trd, 259158.667, 140
Trd, 259158.867, 134
Trd, 259159.233, 132
Trd, 259159.367, 132
Trd, 259159.883, 139
Trd, 259160.117, 125
Trd, 259160.250, 125
Trd, 259160.583, 124
Trd, 259160.750, 123
Trd, 259161.133, 139
Trd, 259161.167, 122
Trd, 259161.983, 138
Trd, 259162.500, 136
Trd, 259162.517, 133
Trd, 259162.550, 131
Trd, 259162.600, 128
Trd, 259162.650, 124
Trd, 259162.717, 123
Trd, 259162.967, 126
Trd, 259163.283, 121
Trd, 259163.867, 121
Trd, 259163.950, 120
Trd, 259164.000, 119
Trd, 259164.200, 113
Trd, 259164.917, 129
Trd, 259165.250, 129
Trd, 259165.400, 128
Trd, 259165.867, 112
Trd, 259165.967, 134
Trd, 259166.350, 126
Trd, 259166.600, 127
Trd, 259166.867, 121
Trd, 259167.050, 130
Trd, 259167.333, 129
Trd, 259167.667, 129
Trd, 259168.133, 138
Trd, 259168.150, 128
Trd, 259168.283, 121
Trd, 259168.533, 124
Trd, 259168.800, 126
Trd, 259169.233, 121
Trd, 259169.450, 134
Trd, 259169.467, 116
Trd, 259169.933, 133
Trd, 259170.050, 132
Trd, 259170.250, 132
Trd, 259170.433, 131
Trd, 259170.983, 136
Trd, 259171.000, 121
Trd, 259171.083, 120
Trd, 259172.100, 122
Trd, 259172.400, 130
Trd, 259172.733, 130
Trd, 259172.833, 129
Trd, 259173.033, 134
Trd, 259173.117, 126
Trd, 259173.150, 124
Trd, 259173.550, 128
Trd, 259173.717, 134
Trd, 259173.883, 119
Trd, 259173.983, 134
Trd, 259174.317, 113
Trd, 259174.417, 112
Trd, 259174.533, 111
Trd, 259175.267, 127
Trd, 259175.700, 139
Trd, 259175.717, 140
Trd, 259175.883, 120
Trd, 259176.017, 118
Trd, 259176.183, 111
Trd, 259176.483, 140
Trd, 259176.700, 140
Trd, 259176.800, 125
Trd, 259176.983, 119
Trd, 259177.600, 140
Trd, 259177.900, 140
Trd, 259178.867, 140
Trd, 259179.150, 140
Trd, 259179.233, 140
Trd, 259179.317, 139
Trd, 259179.583, 139
Trd, 259179.600, 138
Trd, 259179.650, 128
Trd, 259179.750, 127
Trd, 259179.867, 126
Trd, 259180.633, 140
Trd, 259180.767, 139
Trd, 259180.933, 140
Trd, 259181.033, 140
Trd, 259181.333, 140
Trd, 259181.383, 140
Trd, 259181.633, 121
Trd, 259181.833, 113
Trd, 259182.050, 136
Trd, 259182.183, 138
Trd, 259182.933, 140
Trd, 259183.650, 140
Trd, 259183.667, 140
Trd, 259183.950, 140
Trd, 259184.567, 140
Trd, 259184.783, 139
Trd, 259184.950, 135
Trd, 259185.333, 131
Trd, 259185.467, 132
Trd, 259186.100, 136
Trd, 259186.617, 134
Trd, 259186.667, 133
Trd, 259186.717, 132
Trd, 259186.833, 129
Trd, 259186.900, 128
Trd, 259187.033, 127
Trd, 259187.167, 121
Trd, 259187.533, 112
Trd, 259187.617, 122
Trd, 259187.917, 113
Trd, 259188.183, 136
Trd, 259188.567, 136
Trd, 259188.583, 135
Trd, 259188.883, 139
Trd, 259189.067, 138
Trd, 259190.017, 132
Trd, 259190.467, 131
Trd, 259190.733, 136
Trd, 259190.850, 130
Trd, 259191.200, 129
Trd, 259191.450, 129
Trd, 259191.617, 128
Trd, 259191.800, 125
Trd, 259192.183, 140
Trd, 259193.183, 133
Trd, 259193.333, 132
Trd, 259193.417, 132
Trd, 259193.450, 131
Trd, 259193.517, 131
Trd, 259193.683, 128
Trd, 259193.917, 134
Trd, 259194.050, 125
Trd, 259194.433, 139
Trd, 259194.533, 138
Trd, 259194.767, 126
Trd, 259194.833, 126
Trd, 259194.850, 123
Trd, 259195.450, 125
Trd, 259195.700, 122
Trd, 259195.817, 121
Trd, 259196.117, 96
Trd, 259196.500, 97
Trd, 259196.683, 109
Trd, 259196.917, 96
Trd, 259197.050, 126
Trd, 259197.317, 123
Trd, 259198.167, 115
Trd, 259198.217, 109
Trd, 259198.267, 103
Trd, 259198.600, 102
Trd, 259198.817, 138
