Trd, 258584.067, 134
Trd, 258584.517, 132
Trd, 258584.750, 131
Trd, 258585.383, 140
Trd, 258585.433, 139
Trd, 258585.483, 134
Trd, 258585.600, 122
Trd, 258586.300, 135
Trd, 258586.500, 136
Trd, 258586.717, 119
Trd, 258586.733, 119
Trd, 258586.983, 135
Trd, 258587.200, 120
Trd, 258587.533, 125
Trd, 258587.633, 138
Trd, 258587.817, 116
Trd, 258587.867, 114
Trd, 258588.283, 113
Trd, 258588.800, 133
Trd, 258589.100, 127
Trd, 258589.233, 109
Trd, 258589.333, 107
Trd, 258589.533, 122
Trd, 258589.683, 135
Trd, 258590.283, 139
Trd, 258590.583, 138
Trd, 258590.800, 133
Trd, 258591.317, 140
Trd, 258591.400, 138
Trd, 258591.533, 133
Trd, 258591.617, 126
Trd, 258591.950, 130
Trd, 258592.283, 122
Trd, 258592.383, 120
Trd, 258592.500, 125
Trd, 258592.867, 106
Trd, 258593.083, 105
Trd, 258593.183, 101
Trd, 258593.783, 130
Trd, 258593.900, 122
Trd, 258593.933, 106
Trd, 258594.100, 96
Trd, 258594.400, 135
Trd, 258594.600, 128
Trd, 258594.617, 124
Trd, 258595.050, 124
Trd, 258595.633, 137
Trd, 258595.833, 133
Trd, 258596.083, 126
Trd, 258596.317, 110
Trd, 258596.933, 129
Trd, 258597.017, 107
Trd, 258597.083, 126
Trd, 258597.283, 133
Trd, 258597.317, 111
Trd, 258597.417, 133
Trd, 258597.633, 104
Trd, 258598.300, 109
Trd, 258598.383, 98
Trd, 258598.517, 91
Trd, 258598.617, 120
Trd, 258599.017, 125
Trd, 258599.250, 116
Trd, 258599.433, 127
Trd, 258599.533, 110
Trd, 258599.583, 107
Trd, 258599.717, 104
Trd, 258599.783, 127
Trd, 258600.083, 104
Trd, 258600.333, 114
Trd, 258600.383, 113
Trd, 258600.617, 128
Trd, 258600.633, 96
Trd, 258600.717, 118
Trd, 258601.150, 91
Trd, 258601.650, 86
Trd, 258601.950, 125
Trd, 258602.133, 121
Trd, 258602.483, 125
Trd, 258602.567, 118
Trd, 258602.800, 135
Trd, 258602.833, 117
Trd, 258602.867, 116
Trd, 258603.533, 115
Trd, 258603.567, 114
Trd, 258603.633, 119
Trd, 258604.050, 138
Trd, 258604.117, 136
Trd, 258604.200, 118
Trd, 258604.250, 114
Trd, 258604.800, 136
Trd, 258604.917, 134
Trd, 258604.967, 134
Trd, 258605.033, 101
Trd, 258605.483, 138
Trd, 258605.800, 131
Trd, 258606.217, 134
Trd, 258606.817, 130
Trd, 258606.850, 126
Trd, 258607.217, 110
Trd, 258607.233, 110
Trd, 258607.300, 110
Trd, 258607.550, 113
Trd, 258607.700, 114
Trd, 258607.850, 133
Trd, 258608.033, 128
Trd, 258608.500, 137
Trd, 258608.883, 96
Trd, 258609.050, 86
Trd, 258609.233, 119
Trd, 258609.533, 118
Trd, 258609.550, 116
Trd, 258609.617, 128
Trd, 258610.100, 131
Trd, 258610.583, 124
Trd, 258610.617, 93
Trd, 258610.767, 109
Trd, 258610.917, 125
Trd, 258611.033, 116
Trd, 258611.200, 98
Trd, 258611.267, 81
Trd, 258611.517, 100
Trd, 258611.667, 97
Trd, 258611.783, 106
Trd, 258612.033, 139
Trd, 258612.600, 124
Trd, 258612.850, 103
Trd, 258612.983, 129
Trd, 258613.417, 117
Trd, 258614.050, 137
Trd, 258614.133, 129
Trd, 258614.533, 134
Trd, 258614.617, 126
Trd, 258614.867, 100
Trd, 258614.883, 100
Trd, 258615.183, 112
Trd, 258615.267, 99
Trd, 258616.250, 115
Trd, 258616.583, 138
Trd, 258616.683, 133
Trd, 258616.933, 126
Trd, 258617.183, 126
Trd, 258617.333, 121
Trd, 258617.617, 139
Trd, 258617.650, 127
Trd, 258617.717, 121
Trd, 258617.767, 120
Trd, 258618.233, 132
Trd, 258618.300, 136
Trd, 258618.433, 127
Trd, 258618.667, 113
Trd, 258618.783, 106
Trd, 258618.833, 97
Trd, 258619.150, 82
Trd, 258619.883, 135
Trd, 258620.150, 130
Trd, 258620.283, 128
Trd, 258620.333, 126
Trd, 258620.467, 119
Trd, 258620.950, 132
Trd, 258621.400, 117
Trd, 258621.467, 113
Trd, 258621.617, 136
Trd, 258621.800, 108
Trd, 258621.883, 114
Trd, 258622.150, 136
Trd, 258622.550, 134
Trd, 258622.567, 125
Trd, 258622.883, 139
Trd, 258623.450, 131
Trd, 258624.233, 123
Trd, 258624.450, 137
Trd, 258624.550, 126
Trd, 258624.733, 118
Trd, 258624.750, 132
Trd, 258624.767, 117
Trd, 258624.800, 116
Trd, 258624.817, 112
Trd, 258624.867, 109
Trd, 258625.633, 131
Trd, 258625.800, 120
Trd, 258625.850, 118
Trd, 258626.133, 122
Trd, 258627.517, 139
Trd, 258627.717, 131
Trd, 258628.067, 131
Trd, 258628.267, 117
Trd, 258628.417, 116
Trd, 258628.633, 139
Trd, 258628.900, 132
Trd, 258629.033, 122
Trd, 258629.283, 134
Trd, 258629.450, 121
Trd, 258629.517, 110
Trd, 258629.600, 128
Trd, 258629.667, 109
Trd, 258629.933, 105
Trd, 258630.217, 138
Trd, 258630.350, 125
Trd, 258630.833, 137
Trd, 258630.933, 139
Trd, 258631.200, 119
Trd, 258631.283, 113
Trd, 258631.667, 138
Trd, 258632.267, 140
Trd, 258632.850, 131
Trd, 258632.967, 131
Trd, 258633.283, 127
Trd, 258633.317, 127
Trd, 258633.333, 126
Trd, 258633.483, 118
Trd, 258633.700, 112
Trd, 258633.733, 121
Trd, 258633.867, 100
Trd, 258634.600, 130
Trd, 258634.617, 128
Trd, 258634.683, 138
Trd, 258634.967, 119
Trd, 258635.117, 93
Trd, 258635.183, 86
Trd, 258635.383, 98
Trd, 258635.467, 82
Trd, 258636.317, 94
Trd, 258636.450, 88
Trd, 258636.650, 97
Trd, 258636.900, 98
Trd, 258637.033, 100
Trd, 258637.100, 92
Trd, 258637.250, 104
Trd, 258637.383, 110
Trd, 258637.600, 112
Trd, 258638.200, 122
Trd, 258638.683, 127
Trd, 258639.167, 137
Trd, 258639.683, 134
Trd, 258639.933, 138
Trd, 258640.383, 137
Trd, 258640.950, 134
Trd, 258640.967, 128
Trd, 258640.983, 126
Trd, 258641.367, 135
Trd, 258641.617, 125
Trd, 258641.683, 117
Trd, 258642.017, 121
Trd, 258642.200, 119
Trd, 258642.850, 109
Trd, 258643.133, 100
Trd, 258643.300, 125
Trd, 258643.367, 92
Trd, 258643.417, 96
Trd, 258643.583, 90
Trd, 258643.867, 127
Trd, 258644.000, 129
Trd, 258644.100, 130
Trd, 258644.483, 127
Trd, 258644.500, 106
Trd, 258644.533, 101
Trd, 258645.317, 124
Trd, 258645.367, 115
Trd, 258645.417, 135
Trd, 258645.750, 124
Trd, 258645.800, 106
Trd, 258646.667, 94
Trd, 258646.900, 98
Trd, 258646.917, 93
Trd, 258647.000, 107
Trd, 258647.183, 108
Trd, 258647.233, 94
Trd, 258647.750, 132
Trd, 258647.933, 114
Trd, 258648.067, 118
Trd, 258648.433, 117
Trd, 258648.733, 139
Trd, 258649.100, 124
Trd, 258649.350, 122
Trd, 258649.483, 109
Trd, 258649.600, 109
Trd, 258649.683, 107
Trd, 258649.867, 132
Trd, 258650.017, 110
Trd, 258650.117, 106
Trd, 258650.300, 103
Trd, 258650.883, 136
Trd, 258651.000, 125
Trd, 258651.450, 124
Trd, 258651.467, 123
Trd, 258652.333, 138
Trd, 258652.450, 136
Trd, 258652.500, 133
Trd, 258652.617, 129
Trd, 258652.650, 130
Trd, 258653.150, 134
Trd, 258653.550, 136
Trd, 258653.783, 134
Trd, 258654.267, 129
Trd, 258654.367, 135
Trd, 258654.417, 134
Trd, 258654.483, 125
Trd, 258654.583, 115
Trd, 258654.983, 140
Trd, 258655.017, 104
Trd, 258655.133, 97
Trd, 258655.250, 109
Trd, 258655.383, 88
Trd, 258655.950, 122
Trd, 258656.133, 121
Trd, 258656.600, 126
Trd, 258656.667, 126
Trd, 258657.217, 128
Trd, 258657.767, 130
Trd, 258658.583, 135
Trd, 258658.850, 115
Trd, 258659.100, 137
Trd, 258659.133, 130
Trd, 258659.417, 139
Trd, 258659.583, 122
Trd, 258660.033, 103
Trd, 258660.117, 100
Trd, 258660.350, 124
Trd, 258660.367, 103
Trd, 258660.817, 120
Trd, 258660.883, 116
Trd, 258661.033, 105
Trd, 258661.950, 108
Trd, 258662.017, 95
Trd, 258662.350, 114
Trd, 258662.517, 93
Trd, 258662.833, 118
Trd, 258662.850, 131
Trd, 258662.933, 91
Trd, 258663.167, 138
Trd, 258663.517, 120
Trd, 258664.250, 135
Trd, 258664.333, 121
Trd, 258664.567, 118
Trd, 258664.700, 117
Trd, 258664.717, 115
Trd, 258664.900, 132
Trd, 258665.850, 136
Trd, 258666.183, 131
Trd, 258666.233, 121
Trd, 258666.283, 119
Trd, 258666.300, 117
Trd, 258666.483, 120
Trd, 258666.783, 117
Trd, 258667.000, 121
Trd, 258667.017, 122
Trd, 258667.400, 122
Trd, 258667.617, 108
Trd, 258668.133, 99
Trd, 258668.150, 115
Trd, 258668.417, 115
Trd, 258668.517, 109
Trd, 258669.167, 125
Trd, 258669.383, 92
Trd, 258669.483, 111
Trd, 258669.600, 91
Trd, 258669.750, 71
Trd, 258669.767, 128
Trd, 258670.017, 129
Trd, 258670.033, 95
Trd, 258670.333, 100
Trd, 258671.300, 77
Trd, 258671.350, 83
Trd, 258671.483, 68
Trd, 258672.017, 140
Trd, 258672.167, 128
Trd, 258672.217, 129
Trd, 258672.300, 123
Trd, 258672.483, 139
Trd, 258672.717, 126
Trd, 258673.017, 119
Trd, 258673.917, 116
Trd, 258674.083, 91
Trd, 258674.217, 122
Trd, 258674.300, 84
Trd, 258675.017, 134
Trd, 258675.150, 120
Trd, 258675.167, 104
Trd, 258675.400, 105
Trd, 258675.500, 124
Trd, 258675.567, 87
Trd, 258675.783, 79
Trd, 258675.967, 124
Trd, 258676.300, 110
Trd, 258676.583, 80
Trd, 258676.700, 133
Trd, 258676.750, 111
Trd, 258677.433, 88
Trd, 258677.933, 130
Trd, 258678.150, 135
Trd, 258678.183, 128
Trd, 258678.267, 122
Trd, 258678.367, 135
Trd, 258678.583, 139
Trd, 258678.800, 121
Trd, 258679.150, 130
Trd, 258679.250, 137
Trd, 258679.367, 127
Trd, 258679.733, 138
Trd, 258680.067, 102
Trd, 258680.250, 101
Trd, 258680.583, 114
Trd, 258680.867, 106
Trd, 258681.033, 132
Trd, 258681.800, 136
Trd, 258681.833, 134
Trd, 258682.300, 140
Trd, 258682.867, 136
Trd, 258682.967, 110
Trd, 258683.650, 112
Trd, 258684.017, 124
Trd, 258684.150, 118
Trd, 258684.750, 132
Trd, 258684.833, 128
Trd, 258684.933, 113
Trd, 258685.133, 121
Trd, 258685.150, 119
Trd, 258685.200, 110
Trd, 258685.533, 115
Trd, 258685.633, 124
Trd, 258686.133, 117
Trd, 258686.283, 116
Trd, 258686.700, 137
Trd, 258687.467, 138
Trd, 258687.683, 134
Trd, 258687.783, 115
Trd, 258687.817, 100
Trd, 258687.833, 99
Trd, 258688.267, 116
Trd, 258688.433, 106
Trd, 258688.750, 98
Trd, 258688.783, 95
Trd, 258688.817, 101
Trd, 258689.300, 110
Trd, 258689.350, 110
Trd, 258689.717, 121
Trd, 258689.933, 118
Trd, 258690.067, 116
Trd, 258690.133, 110
Trd, 258690.150, 98
Trd, 258690.283, 131
Trd, 258690.517, 138
Trd, 258690.550, 124
Trd, 258691.133, 140
Trd, 258691.150, 139
Trd, 258691.433, 124
Trd, 258691.483, 121
Trd, 258691.767, 138
Trd, 258691.883, 137
Trd, 258692.267, 125
Trd, 258692.567, 110
Trd, 258692.583, 116
Trd, 258692.600, 124
Trd, 258693.033, 107
Trd, 258693.200, 105
Trd, 258693.850, 126
Trd, 258693.867, 114
Trd, 258694.083, 102
Trd, 258694.117, 102
Trd, 258694.217, 100
Trd, 258694.267, 112
Trd, 258694.583, 103
Trd, 258694.683, 90
Trd, 258694.983, 90
Trd, 258695.150, 124
Trd, 258695.650, 123
Trd, 258695.750, 133
Trd, 258696.550, 114
Trd, 258696.567, 127
Trd, 258696.600, 109
Trd, 258697.133, 96
Trd, 258697.333, 105
Trd, 258697.417, 103
Trd, 258697.517, 108
Trd, 258697.600, 114
Trd, 258697.733, 108
Trd, 258697.783, 95
Trd, 258697.983, 114
Trd, 258698.067, 93
Trd, 258699.150, 132
Trd, 258699.250, 130
Trd, 258699.517, 133
Trd, 258699.717, 120
Trd, 258700.017, 125
Trd, 258700.033, 119
Trd, 258700.283, 122
Trd, 258700.617, 132
Trd, 258701.850, 140
Trd, 258701.983, 140
Trd, 258702.017, 137
Trd, 258702.117, 133
Trd, 258702.350, 136
Trd, 258702.583, 132
Trd, 258702.983, 122
Trd, 258703.017, 118
Trd, 258703.083, 123
Trd, 258703.433, 128
Trd, 258703.533, 129
Trd, 258703.583, 139
Trd, 258704.100, 133
Trd, 258704.267, 129
Trd, 258704.367, 128
Trd, 258704.633, 137
Trd, 258705.183, 124
Trd, 258706.000, 128
Trd, 258706.017, 129
Trd, 258706.167, 121
Trd, 258706.317, 120
Trd, 258706.333, 118
Trd, 258706.433, 116
Trd, 258706.983, 131
Trd, 258707.167, 112
Trd, 258707.200, 122
Trd, 258707.333, 125
Trd, 258707.400, 124
Trd, 258707.717, 113
Trd, 258707.800, 108
Trd, 258707.900, 103
Trd, 258707.917, 93
Trd, 258708.250, 130
Trd, 258708.450, 121
Trd, 258708.533, 86
Trd, 258708.683, 126
Trd, 258708.700, 79
Trd, 258708.867, 134
Trd, 258709.117, 125
Trd, 258709.133, 104
Trd, 258709.483, 139
Trd, 258709.567, 136
Trd, 258709.950, 128
Trd, 258709.983, 77
Trd, 258710.617, 82
Trd, 258710.683, 129
Trd, 258711.250, 100
Trd, 258711.467, 97
Trd, 258711.533, 87
Trd, 258711.983, 99
Trd, 258713.050, 140
Trd, 258713.200, 95
Trd, 258713.283, 95
Trd, 258713.417, 101
Trd, 258713.567, 92
Trd, 258713.850, 130
Trd, 258714.150, 134
Trd, 258714.367, 111
Trd, 258715.100, 132
Trd, 258715.300, 117
Trd, 258715.633, 137
Trd, 258716.150, 109
Trd, 258716.417, 120
Trd, 258716.800, 122
Trd, 258716.833, 122
Trd, 258716.867, 107
Trd, 258716.983, 115
Trd, 258717.033, 104
Trd, 258717.083, 103
Trd, 258717.217, 128
Trd, 258717.700, 133
Trd, 258717.900, 133
Trd, 258718.050, 121
Trd, 258718.067, 116
Trd, 258718.117, 134
Trd, 258718.633, 120
Trd, 258718.650, 133
Trd, 258718.817, 105
Trd, 258718.883, 104
Trd, 258719.133, 100
Trd, 258719.150, 106
Trd, 258719.467, 112
Trd, 258719.883, 135
Trd, 258719.917, 124
Trd, 258720.533, 106
Trd, 258720.583, 98
Trd, 258721.317, 104
Trd, 258721.883, 96
Trd, 258722.067, 114
Trd, 258722.167, 112
Trd, 258722.217, 127
Trd, 258722.300, 103
Trd, 258722.433, 98
Trd, 258722.467, 94
Trd, 258722.583, 94
Trd, 258722.633, 91
Trd, 258723.067, 111
Trd, 258723.200, 110
Trd, 258723.383, 109
Trd, 258723.600, 88
Trd, 258723.733, 87
Trd, 258723.950, 84
Trd, 258723.983, 82
Trd, 258724.050, 97
Trd, 258724.567, 128
Trd, 258724.900, 140
Trd, 258725.200, 103
Trd, 258725.283, 110
Trd, 258725.883, 100
Trd, 258725.983, 120
Trd, 258726.167, 131
Trd, 258726.400, 111
Trd, 258726.600, 97
Trd, 258726.950, 130
Trd, 258726.983, 129
Trd, 258727.217, 126
Trd, 258727.383, 126
Trd, 258727.550, 117
Trd, 258727.600, 139
Trd, 258727.900, 129
Trd, 258728.050, 124
Trd, 258728.067, 122
Trd, 258728.350, 137
Trd, 258728.850, 127
Trd, 258728.900, 108
Trd, 258729.967, 98
Trd, 258730.083, 96
Trd, 258730.100, 104
Trd, 258730.450, 119
Trd, 258730.850, 103
Trd, 258730.917, 120
Trd, 258731.133, 97
Trd, 258731.217, 94
Trd, 258731.400, 126
Trd, 258732.150, 93
Trd, 258732.467, 99
Trd, 258732.567, 117
Trd, 258732.667, 131
Trd, 258733.000, 138
Trd, 258733.200, 129
Trd, 258733.650, 111
Trd, 258733.833, 106
Trd, 258734.167, 122
Trd, 258734.333, 98
Trd, 258734.583, 88
Trd, 258735.100, 98
Trd, 258735.133, 127
Trd, 258735.283, 97
Trd, 258735.533, 99
Trd, 258735.583, 73
Trd, 258735.800, 110
Trd, 258736.250, 121
Trd, 258736.317, 117
Trd, 258736.450, 116
Trd, 258736.817, 129
Trd, 258737.067, 111
Trd, 258737.150, 120
Trd, 258737.500, 111
Trd, 258738.000, 138
Trd, 258738.500, 118
Trd, 258738.933, 138
Trd, 258738.983, 134
Trd, 258739.333, 131
Trd, 258739.433, 137
Trd, 258739.717, 123
Trd, 258740.217, 124
Trd, 258740.250, 107
Trd, 258740.967, 132
Trd, 258741.100, 110
Trd, 258741.133, 107
Trd, 258741.383, 129
Trd, 258741.550, 108
Trd, 258741.650, 104
Trd, 258742.033, 103
Trd, 258742.100, 96
Trd, 258742.117, 104
Trd, 258742.417, 134
Trd, 258742.550, 96
Trd, 258742.750, 100
Trd, 258742.917, 108
Trd, 258743.117, 91
Trd, 258743.650, 128
Trd, 258743.817, 132
Trd, 258743.967, 134
Trd, 258744.283, 99
Trd, 258744.383, 109
Trd, 258744.517, 94
Trd, 258744.617, 136
Trd, 258744.667, 102
Trd, 258745.067, 131
Trd, 258745.367, 118
Trd, 258745.433, 108
Trd, 258746.183, 107
Trd, 258746.383, 91
Trd, 258746.517, 116
Trd, 258746.533, 91
Trd, 258746.667, 127
Trd, 258746.917, 107
Trd, 258747.550, 139
Trd, 258747.633, 136
Trd, 258747.733, 122
Trd, 258747.883, 127
Trd, 258748.167, 111
Trd, 258748.350, 123
Trd, 258748.400, 111
Trd, 258748.467, 106
Trd, 258748.583, 132
Trd, 258748.800, 133
Trd, 258748.850, 93
Trd, 258748.867, 90
Trd, 258748.900, 82
Trd, 258749.033, 65
Trd, 258749.183, 118
Trd, 258749.217, 69
Trd, 258749.967, 126
Trd, 258750.133, 126
Trd, 258750.517, 109
Trd, 258750.617, 122
Trd, 258750.833, 139
Trd, 258750.950, 128
Trd, 258750.983, 127
Trd, 258751.367, 119
Trd, 258751.417, 116
Trd, 258751.667, 127
Trd, 258752.083, 134
Trd, 258752.583, 134
Trd, 258752.717, 126
Trd, 258753.500, 134
Trd, 258753.600, 129
Trd, 258753.733, 129
Trd, 258753.950, 126
Trd, 258754.083, 121
Trd, 258754.767, 105
Trd, 258754.783, 110
Trd, 258755.150, 98
Trd, 258755.267, 89
Trd, 258755.600, 127
Trd, 258755.617, 105
Trd, 258755.833, 131
Trd, 258756.483, 139
Trd, 258756.950, 134
Trd, 258757.017, 135
Trd, 258757.117, 130
Trd, 258757.133, 130
Trd, 258757.383, 125
Trd, 258757.450, 122
Trd, 258757.667, 134
Trd, 258758.100, 129
Trd, 258758.633, 134
Trd, 258758.683, 128
Trd, 258758.783, 120
Trd, 258759.167, 129
Trd, 258759.200, 123
Trd, 258759.233, 115
Trd, 258759.267, 83
Trd, 258759.467, 82
Trd, 258759.483, 105
Trd, 258759.783, 79
Trd, 258759.850, 117
Trd, 258760.183, 83
Trd, 258760.317, 104
Trd, 258760.433, 113
Trd, 258760.550, 103
Trd, 258760.583, 132
Trd, 258760.933, 81
Trd, 258761.083, 126
Trd, 258761.367, 132
Trd, 258761.533, 113
Trd, 258761.700, 110
Trd, 258761.733, 121
Trd, 258761.850, 136
Trd, 258762.567, 87
Trd, 258762.900, 80
Trd, 258763.033, 85
Trd, 258763.233, 70
Trd, 258763.650, 86
Trd, 258763.817, 96
Trd, 258763.900, 97
Trd, 258764.050, 98
Trd, 258764.133, 109
Trd, 258764.450, 93
Trd, 258764.683, 139
Trd, 258765.000, 136
Trd, 258765.950, 131
Trd, 258766.217, 132
Trd, 258766.317, 126
Trd, 258766.550, 126
Trd, 258766.850, 113
Trd, 258766.883, 119
Trd, 258767.367, 132
Trd, 258767.383, 121
Trd, 258768.283, 139
Trd, 258768.350, 118
Trd, 258768.500, 138
Trd, 258768.667, 133
Trd, 258768.933, 138
Trd, 258769.183, 128
Trd, 258769.383, 134
Trd, 258769.400, 122
Trd, 258769.483, 99
Trd, 258769.767, 92
Trd, 258769.967, 81
Trd, 258770.450, 89
Trd, 258770.933, 121
Trd, 258771.400, 123
Trd, 258771.583, 123
Trd, 258771.617, 110
Trd, 258771.833, 106
Trd, 258771.900, 106
Trd, 258771.917, 115
Trd, 258772.883, 138
Trd, 258772.933, 131
Trd, 258772.983, 109
Trd, 258773.033, 140
Trd, 258773.267, 108
Trd, 258773.633, 100
Trd, 258773.933, 125
Trd, 258774.017, 133
Trd, 258774.133, 121
Trd, 258774.283, 128
Trd, 258774.817, 138
Trd, 258774.967, 136
Trd, 258775.183, 124
Trd, 258775.750, 140
Trd, 258775.783, 136
Trd, 258775.917, 118
Trd, 258776.183, 118
Trd, 258776.783, 137
Trd, 258776.900, 132
Trd, 258777.000, 128
Trd, 258777.067, 130
Trd, 258777.317, 137
Trd, 258777.683, 126
Trd, 258777.733, 122
Trd, 258777.833, 121
Trd, 258778.150, 111
Trd, 258778.417, 112
Trd, 258778.917, 106
Trd, 258778.967, 106
Trd, 258779.200, 111
Trd, 258779.233, 110
Trd, 258779.250, 112
Trd, 258779.400, 121
Trd, 258779.700, 122
Trd, 258780.517, 129
Trd, 258781.167, 100
Trd, 258781.350, 105
Trd, 258781.383, 91
Trd, 258781.783, 121
Trd, 258781.867, 106
Trd, 258782.067, 122
Trd, 258782.283, 123
Trd, 258782.400, 133
Trd, 258782.783, 106
Trd, 258783.333, 134
Trd, 258783.417, 131
Trd, 258783.500, 124
Trd, 258783.867, 130
Trd, 258784.350, 126
Trd, 258784.467, 122
Trd, 258784.500, 102
Trd, 258784.800, 137
Trd, 258784.867, 102
Trd, 258785.133, 97
Trd, 258785.333, 109
Trd, 258785.383, 95
Trd, 258785.583, 129
Trd, 258785.867, 116
Trd, 258785.933, 105
Trd, 258786.133, 104
Trd, 258786.200, 106
Trd, 258786.317, 106
Trd, 258786.950, 90
Trd, 258787.083, 86
Trd, 258787.500, 138
Trd, 258787.800, 140
Trd, 258787.883, 121
Trd, 258788.167, 112
Trd, 258788.200, 93
Trd, 258788.750, 86
Trd, 258788.950, 136
Trd, 258789.667, 128
Trd, 258789.767, 136
Trd, 258789.867, 117
Trd, 258790.550, 125
Trd, 258790.850, 118
Trd, 258791.183, 131
Trd, 258791.983, 139
Trd, 258792.000, 135
Trd, 258792.150, 130
Trd, 258792.200, 126
Trd, 258792.367, 124
Trd, 258792.533, 117
Trd, 258792.550, 96
Trd, 258792.617, 92
Trd, 258792.650, 102
Trd, 258792.667, 92
Trd, 258792.933, 115
Trd, 258793.150, 96
Trd, 258793.283, 123
Trd, 258793.850, 135
Trd, 258793.900, 88
Trd, 258794.550, 129
Trd, 258794.767, 97
Trd, 258795.000, 136
Trd, 258795.100, 114
Trd, 258795.383, 118
Trd, 258796.067, 140
Trd, 258796.200, 140
Trd, 258796.450, 129
Trd, 258796.550, 135
Trd, 258796.883, 138
Trd, 258796.900, 105
Trd, 258796.933, 104
Trd, 258797.150, 112
Trd, 258797.350, 130
Trd, 258797.517, 131
Trd, 258797.750, 108
Trd, 258798.000, 98
Trd, 258798.083, 96
Trd, 258798.100, 95
Trd, 258798.750, 110
Trd, 258799.283, 81
Trd, 258799.500, 136
Trd, 258799.883, 127
Trd, 258800.083, 67
Trd, 258800.300, 83
Trd, 258800.467, 75
Trd, 258800.550, 83
Trd, 258800.983, 140
Trd, 258801.033, 116
Trd, 258801.283, 139
Trd, 258801.517, 125
Trd, 258801.700, 136
Trd, 258802.283, 130
Trd, 258802.333, 122
Trd, 258802.400, 113
Trd, 258802.667, 108
Trd, 258803.183, 101
Trd, 258803.267, 112
Trd, 258803.333, 112
Trd, 258803.633, 115
Trd, 258803.783, 139
Trd, 258803.867, 102
Trd, 258803.933, 99
Trd, 258804.000, 129
Trd, 258804.633, 126
Trd, 258805.017, 120
Trd, 258805.617, 124
Trd, 258805.900, 121
Trd, 258805.983, 118
Trd, 258806.433, 117
Trd, 258806.450, 113
Trd, 258806.600, 110
Trd, 258806.750, 119
Trd, 258806.817, 104
Trd, 258807.150, 133
Trd, 258807.367, 118
Trd, 258807.483, 118
Trd, 258807.667, 114
Trd, 258807.717, 115
Trd, 258808.133, 127
Trd, 258808.250, 121
Trd, 258808.750, 121
Trd, 258808.850, 121
Trd, 258808.867, 120
Trd, 258808.883, 120
Trd, 258809.033, 116
Trd, 258809.117, 133
Trd, 258809.583, 129
Trd, 258809.650, 135
Trd, 258809.683, 121
Trd, 258809.717, 101
Trd, 258809.883, 103
Trd, 258810.217, 122
Trd, 258810.567, 118
Trd, 258810.783, 114
Trd, 258810.800, 97
Trd, 258810.867, 95
Trd, 258810.983, 99
Trd, 258811.117, 93
Trd, 258811.183, 116
Trd, 258811.200, 84
Trd, 258811.733, 84
Trd, 258811.850, 94
Trd, 258812.250, 83
Trd, 258813.250, 112
Trd, 258813.600, 103
Trd, 258813.717, 116
Trd, 258813.733, 111
Trd, 258813.933, 140
Trd, 258813.983, 120
Trd, 258814.083, 110
Trd, 258814.317, 139
Trd, 258814.617, 127
Trd, 258814.717, 124
Trd, 258814.983, 93
Trd, 258815.450, 133
Trd, 258815.850, 90
Trd, 258816.033, 87
Trd, 258816.100, 87
Trd, 258816.733, 118
Trd, 258816.817, 101
Trd, 258817.383, 140
Trd, 258817.600, 139
Trd, 258817.833, 117
Trd, 258818.233, 130
Trd, 258818.733, 117
Trd, 258819.067, 108
Trd, 258819.133, 105
Trd, 258819.200, 104
Trd, 258819.450, 98
Trd, 258819.600, 116
Trd, 258819.800, 94
Trd, 258820.400, 114
Trd, 258820.600, 105
Trd, 258820.617, 115
Trd, 258820.667, 103
Trd, 258820.700, 101
Trd, 258821.000, 110
Trd, 258821.250, 83
Trd, 258821.450, 130
Trd, 258821.517, 125
Trd, 258821.817, 128
Trd, 258821.883, 132
Trd, 258821.933, 118
Trd, 258822.117, 114
Trd, 258822.450, 107
Trd, 258823.083, 129
Trd, 258823.167, 109
Trd, 258823.367, 127
Trd, 258823.383, 109
Trd, 258823.467, 107
Trd, 258824.217, 138
Trd, 258824.500, 136
Trd, 258824.533, 125
Trd, 258824.967, 119
Trd, 258825.583, 134
Trd, 258825.650, 134
Trd, 258825.700, 133
Trd, 258826.183, 140
Trd, 258826.400, 140
Trd, 258826.600, 135
Trd, 258826.983, 126
Trd, 258827.017, 122
Trd, 258827.033, 128
Trd, 258827.117, 111
Trd, 258827.133, 104
Trd, 258827.600, 133
Trd, 258827.683, 121
Trd, 258827.983, 134
Trd, 258828.317, 119
Trd, 258828.767, 116
Trd, 258829.417, 133
Trd, 258829.717, 106
Trd, 258830.283, 101
Trd, 258830.400, 100
Trd, 258830.483, 98
Trd, 258830.733, 124
Trd, 258830.817, 134
Trd, 258831.033, 95
Trd, 258831.217, 124
Trd, 258831.417, 128
Trd, 258831.617, 130
Trd, 258831.667, 122
Trd, 258831.967, 140
Trd, 258832.250, 128
Trd, 258832.567, 121
Trd, 258832.600, 126
Trd, 258832.767, 114
Trd, 258833.117, 139
Trd, 258833.150, 137
Trd, 258833.183, 112
Trd, 258833.850, 130
Trd, 258833.967, 129
Trd, 258834.050, 126
Trd, 258834.283, 109
Trd, 258834.633, 130
Trd, 258834.867, 124
Trd, 258835.550, 129
Trd, 258836.017, 133
Trd, 258836.050, 111
Trd, 258836.267, 134
Trd, 258836.317, 125
Trd, 258836.467, 115
Trd, 258836.550, 114
Trd, 258837.383, 135
Trd, 258837.417, 134
Trd, 258837.600, 132
Trd, 258837.633, 119
Trd, 258837.867, 137
Trd, 258837.900, 127
Trd, 258838.067, 110
Trd, 258838.533, 100
Trd, 258838.717, 114
Trd, 258838.800, 109
Trd, 258839.000, 118
Trd, 258839.083, 119
Trd, 258839.133, 117
Trd, 258839.267, 112
Trd, 258840.100, 132
Trd, 258840.350, 109
Trd, 258840.517, 134
Trd, 258840.733, 127
Trd, 258840.967, 128
Trd, 258841.217, 127
Trd, 258841.417, 126
Trd, 258841.700, 122
Trd, 258841.767, 120
Trd, 258841.783, 120
Trd, 258841.967, 129
Trd, 258842.250, 113
Trd, 258842.717, 91
Trd, 258842.750, 88
Trd, 258842.933, 97
Trd, 258843.083, 123
Trd, 258843.200, 113
Trd, 258844.333, 138
Trd, 258844.383, 136
Trd, 258844.817, 140
Trd, 258845.133, 136
Trd, 258845.250, 133
Trd, 258845.300, 120
Trd, 258845.417, 87
Trd, 258845.650, 90
Trd, 258845.783, 90
Trd, 258845.967, 82
Trd, 258846.450, 86
Trd, 258846.550, 93
Trd, 258846.733, 92
Trd, 258846.933, 128
Trd, 258847.317, 111
Trd, 258847.383, 86
Trd, 258847.583, 128
Trd, 258848.150, 98
Trd, 258848.217, 118
Trd, 258848.500, 85
Trd, 258848.717, 84
Trd, 258848.733, 83
Trd, 258849.300, 135
Trd, 258849.400, 128
Trd, 258849.450, 106
Trd, 258850.050, 105
Trd, 258850.067, 107
Trd, 258850.300, 115
Trd, 258850.367, 106
Trd, 258850.517, 105
Trd, 258850.583, 93
Trd, 258850.750, 119
Trd, 258850.933, 93
Trd, 258850.967, 90
Trd, 258850.983, 83
Trd, 258851.050, 99
Trd, 258851.200, 70
Trd, 258851.267, 82
Trd, 258851.400, 108
Trd, 258852.350, 90
Trd, 258852.517, 93
Trd, 258852.867, 95
Trd, 258853.183, 98
Trd, 258853.533, 96
Trd, 258853.617, 103
Trd, 258853.967, 92
Trd, 258854.133, 103
Trd, 258854.633, 138
Trd, 258855.533, 133
Trd, 258855.600, 132
Trd, 258855.617, 124
Trd, 258855.700, 113
Trd, 258855.733, 111
Trd, 258856.350, 132
Trd, 258856.383, 115
Trd, 258856.583, 112
Trd, 258856.967, 111
Trd, 258857.333, 140
Trd, 258857.383, 129
Trd, 258857.417, 110
Trd, 258857.683, 139
Trd, 258857.717, 116
Trd, 258857.850, 106
Trd, 258857.900, 108
Trd, 258858.017, 106
Trd, 258858.450, 110
Trd, 258858.550, 107
Trd, 258858.683, 99
Trd, 258858.733, 89
Trd, 258859.200, 118
Trd, 258859.950, 129
Trd, 258859.983, 118
Trd, 258860.150, 139
Trd, 258860.700, 121
Trd, 258861.400, 113
Trd, 258861.567, 112
Trd, 258861.617, 109
Trd, 258861.833, 140
Trd, 258862.067, 140
Trd, 258862.950, 135
Trd, 258863.083, 130
Trd, 258863.567, 132
Trd, 258863.983, 136
Trd, 258864.033, 127
Trd, 258864.150, 122
Trd, 258864.183, 118
Trd, 258864.217, 99
Trd, 258864.367, 98
Trd, 258864.417, 107
Trd, 258864.433, 95
Trd, 258864.583, 106
Trd, 258864.617, 94
Trd, 258865.183, 105
Trd, 258865.483, 106
Trd, 258865.717, 116
Trd, 258866.133, 132
Trd, 258866.333, 135
Trd, 258866.367, 133
Trd, 258866.633, 117
Trd, 258867.183, 137
Trd, 258867.583, 133
Trd, 258867.617, 130
Trd, 258867.667, 130
Trd, 258867.750, 124
Trd, 258867.833, 110
Trd, 258868.067, 120
Trd, 258868.083, 108
Trd, 258868.133, 102
Trd, 258868.200, 93
Trd, 258868.350, 92
Trd, 258868.833, 86
Trd, 258869.067, 94
Trd, 258869.317, 114
Trd, 258869.367, 94
Trd, 258869.400, 80
Trd, 258870.217, 117
Trd, 258870.417, 117
Trd, 258870.450, 105
Trd, 258870.617, 78
Trd, 258871.083, 140
Trd, 258871.100, 99
Trd, 258871.217, 94
Trd, 258871.933, 138
Trd, 258872.133, 129
Trd, 258872.250, 132
Trd, 258872.867, 127
Trd, 258872.900, 118
Trd, 258872.967, 114
Trd, 258873.217, 120
Trd, 258873.333, 103
Trd, 258873.517, 136
Trd, 258873.617, 134
Trd, 258874.183, 120
Trd, 258874.217, 116
Trd, 258875.050, 133
Trd, 258875.067, 114
Trd, 258875.900, 123
Trd, 258876.117, 118
Trd, 258876.317, 129
Trd, 258876.483, 84
Trd, 258876.517, 91
Trd, 258877.000, 81
Trd, 258877.133, 81
Trd, 258877.250, 80
Trd, 258877.333, 113
Trd, 258877.550, 99
Trd, 258877.617, 88
Trd, 258877.883, 108
Trd, 258878.000, 72
Trd, 258878.300, 89
Trd, 258878.550, 95
Trd, 258878.717, 84
Trd, 258879.067, 128
Trd, 258879.200, 138
Trd, 258879.483, 134
Trd, 258879.533, 133
Trd, 258879.567, 114
Trd, 258879.583, 113
Trd, 258879.833, 138
Trd, 258880.000, 134
Trd, 258880.650, 127
Trd, 258880.800, 117
Trd, 258880.867, 113
Trd, 258880.933, 104
Trd, 258881.550, 135
Trd, 258881.750, 123
Trd, 258881.867, 111
Trd, 258881.967, 91
Trd, 258882.000, 89
Trd, 258882.133, 95
Trd, 258882.217, 92
Trd, 258882.267, 79
Trd, 258882.600, 138
Trd, 258883.217, 128
Trd, 258884.083, 125
Trd, 258884.567, 131
Trd, 258884.783, 119
Trd, 258885.000, 105
Trd, 258885.033, 134
Trd, 258885.233, 99
Trd, 258885.650, 100
Trd, 258885.733, 119
Trd, 258885.850, 127
Trd, 258885.933, 139
Trd, 258886.017, 133
Trd, 258886.267, 128
Trd, 258886.383, 113
Trd, 258886.883, 107
Trd, 258886.933, 100
Trd, 258887.067, 97
Trd, 258887.083, 87
Trd, 258887.233, 104
Trd, 258887.783, 86
Trd, 258887.817, 106
Trd, 258888.850, 120
Trd, 258888.900, 119
Trd, 258889.233, 117
Trd, 258889.333, 140
Trd, 258889.417, 114
Trd, 258889.517, 113
Trd, 258889.717, 118
Trd, 258889.750, 114
Trd, 258890.067, 118
Trd, 258890.333, 134
Trd, 258890.750, 119
Trd, 258890.917, 107
Trd, 258890.933, 101
Trd, 258891.733, 107
Trd, 258891.833, 99
Trd, 258892.017, 135
Trd, 258892.100, 130
Trd, 258892.133, 92
Trd, 258892.433, 132
Trd, 258892.950, 116
Trd, 258893.083, 100
Trd, 258893.133, 96
Trd, 258893.850, 99
Trd, 258893.883, 98
Trd, 258894.017, 140
Trd, 258894.317, 140
Trd, 258894.383, 134
Trd, 258894.500, 132
Trd, 258894.533, 128
Trd, 258894.733, 124
Trd, 258894.750, 96
Trd, 258894.800, 96
Trd, 258895.150, 132
Trd, 258895.217, 97
Trd, 258895.300, 92
Trd, 258895.367, 91
Trd, 258896.183, 136
Trd, 258896.250, 123
Trd, 258896.467, 95
Trd, 258896.667, 88
Trd, 258896.767, 139
Trd, 258896.783, 100
Trd, 258896.983, 138
Trd, 258897.100, 116
Trd, 258897.233, 87
Trd, 258897.667, 124
Trd, 258898.183, 136
Trd, 258898.600, 140
Trd, 258898.750, 133
Trd, 258898.817, 117
Trd, 258899.417, 134
Trd, 258899.450, 115
Trd, 258899.933, 131
Trd, 258900.183, 138
Trd, 258900.433, 121
Trd, 258900.667, 118
Trd, 258900.683, 112
Trd, 258900.867, 105
Trd, 258901.050, 99
Trd, 258901.183, 118
Trd, 258901.450, 92
Trd, 258902.000, 135
Trd, 258902.267, 138
Trd, 258902.383, 134
Trd, 258902.600, 134
Trd, 258902.650, 133
Trd, 258902.783, 125
Trd, 258902.883, 107
Trd, 258903.567, 117
Trd, 258903.917, 105
Trd, 258904.267, 103
Trd, 258904.500, 113
Trd, 258904.517, 101
Trd, 258904.733, 114
Trd, 258904.750, 136
Trd, 258905.433, 135
Trd, 258905.933, 131
Trd, 258906.483, 139
Trd, 258906.617, 134
Trd, 258906.733, 131
Trd, 258907.017, 138
Trd, 258907.100, 140
Trd, 258907.150, 132
Trd, 258907.300, 139
Trd, 258907.383, 126
Trd, 258907.933, 135
Trd, 258908.317, 117
Trd, 258908.567, 125
Trd, 258908.583, 116
Trd, 258909.200, 120
Trd, 258909.350, 117
Trd, 258909.400, 115
Trd, 258909.650, 122
Trd, 258909.783, 118
Trd, 258909.833, 130
Trd, 258910.033, 112
Trd, 258910.133, 107
Trd, 258910.650, 122
Trd, 258910.733, 106
Trd, 258910.767, 91
Trd, 258910.883, 118
Trd, 258911.367, 130
Trd, 258911.783, 125
Trd, 258911.883, 118
Trd, 258912.067, 112
Trd, 258912.317, 131
Trd, 258912.750, 114
Trd, 258912.767, 111
Trd, 258912.967, 110
Trd, 258913.067, 137
Trd, 258913.133, 106
Trd, 258913.583, 111
Trd, 258913.700, 92
Trd, 258913.717, 85
Trd, 258913.950, 76
Trd, 258913.983, 137
Trd, 258914.050, 81
Trd, 258914.367, 72
Trd, 258914.567, 139
Trd, 258914.750, 106
Trd, 258915.267, 116
Trd, 258915.383, 131
Trd, 258916.450, 130
Trd, 258916.683, 129
Trd, 258916.783, 121
Trd, 258916.800, 108
Trd, 258917.083, 96
Trd, 258917.100, 88
Trd, 258917.150, 131
Trd, 258917.233, 135
Trd, 258917.433, 87
Trd, 258917.683, 75
Trd, 258917.883, 95
Trd, 258917.917, 132
Trd, 258918.050, 139
Trd, 258918.583, 127
Trd, 258918.717, 94
Trd, 258918.800, 94
Trd, 258918.833, 84
Trd, 258919.033, 106
Trd, 258919.267, 105
Trd, 258919.350, 120
Trd, 258920.033, 120
Trd, 258920.500, 140
Trd, 258920.533, 112
Trd, 258920.817, 129
Trd, 258920.867, 119
Trd, 258920.933, 136
Trd, 258921.150, 117
Trd, 258921.517, 135
Trd, 258922.333, 126
Trd, 258922.417, 120
Trd, 258922.750, 111
Trd, 258922.850, 106
Trd, 258923.067, 105
Trd, 258923.217, 88
Trd, 258923.250, 82
Trd, 258923.283, 108
Trd, 258923.400, 127
Trd, 258923.450, 127
Trd, 258923.783, 124
Trd, 258923.800, 115
Trd, 258924.717, 136
Trd, 258924.917, 136
Trd, 258925.083, 131
Trd, 258925.200, 124
Trd, 258925.617, 139
Trd, 258925.700, 138
Trd, 258925.983, 134
Trd, 258926.217, 129
Trd, 258926.333, 110
Trd, 258926.367, 135
Trd, 258926.483, 107
Trd, 258926.717, 121
Trd, 258926.983, 105
Trd, 258927.317, 114
Trd, 258927.567, 100
Trd, 258928.000, 140
Trd, 258928.233, 140
Trd, 258928.350, 136
Trd, 258929.017, 137
Trd, 258929.517, 114
Trd, 258929.533, 113
Trd, 258929.550, 127
Trd, 258929.767, 116
Trd, 258929.933, 130
Trd, 258929.950, 124
Trd, 258930.000, 109
Trd, 258930.450, 112
Trd, 258930.733, 106
Trd, 258930.883, 109
Trd, 258931.017, 112
Trd, 258931.150, 106
Trd, 258931.300, 140
Trd, 258931.383, 106
Trd, 258931.467, 94
Trd, 258931.950, 126
Trd, 258932.367, 127
Trd, 258932.517, 109
Trd, 258932.617, 102
Trd, 258933.100, 127
Trd, 258933.250, 115
Trd, 258933.317, 107
Trd, 258933.583, 121
Trd, 258933.650, 137
Trd, 258933.667, 107
Trd, 258933.833, 106
Trd, 258934.800, 115
Trd, 258934.817, 103
Trd, 258934.933, 93
Trd, 258935.200, 91
Trd, 258936.450, 127
Trd, 258936.550, 123
Trd, 258936.767, 116
Trd, 258936.850, 113
Trd, 258936.950, 108
Trd, 258937.317, 114
Trd, 258937.567, 108
Trd, 258937.583, 105
Trd, 258937.667, 97
Trd, 258938.000, 115
Trd, 258938.117, 131
Trd, 258938.233, 97
Trd, 258938.400, 101
Trd, 258938.583, 99
Trd, 258938.850, 134
Trd, 258938.967, 136
Trd, 258939.083, 136
Trd, 258939.500, 106
Trd, 258939.683, 129
Trd, 258939.800, 129
Trd, 258940.767, 138
Trd, 258940.917, 135
Trd, 258940.933, 131
Trd, 258941.450, 123
Trd, 258942.300, 139
Trd, 258942.317, 134
Trd, 258942.650, 125
Trd, 258943.117, 113
Trd, 258943.150, 111
Trd, 258943.250, 113
Trd, 258943.617, 119
Trd, 258943.650, 115
Trd, 258943.800, 129
Trd, 258944.000, 109
Trd, 258944.050, 107
Trd, 258944.450, 108
Trd, 258944.517, 120
Trd, 258944.550, 88
Trd, 258944.633, 95
Trd, 258944.717, 118
Trd, 258944.917, 140
Trd, 258944.967, 135
Trd, 258945.050, 120
Trd, 258945.417, 140
Trd, 258945.817, 130
Trd, 258945.983, 131
Trd, 258946.050, 127
Trd, 258946.083, 126
Trd, 258946.267, 119
Trd, 258946.483, 119
Trd, 258947.033, 107
Trd, 258947.050, 99
Trd, 258947.267, 99
Trd, 258947.917, 130
Trd, 258948.067, 109
Trd, 258948.133, 78
Trd, 258948.700, 117
Trd, 258949.000, 140
Trd, 258949.283, 132
Trd, 258949.317, 115
Trd, 258949.367, 111
Trd, 258949.383, 106
Trd, 258949.467, 108
Trd, 258949.650, 130
Trd, 258949.867, 100
Trd, 258950.067, 101
Trd, 258950.483, 118
Trd, 258950.633, 138
Trd, 258950.850, 138
Trd, 258951.150, 129
Trd, 258951.283, 98
Trd, 258951.383, 94
Trd, 258952.517, 140
Trd, 258952.533, 136
Trd, 258952.550, 129
Trd, 258952.867, 120
Trd, 258953.017, 132
Trd, 258953.217, 132
Trd, 258953.267, 127
Trd, 258953.683, 114
Trd, 258953.817, 109
Trd, 258953.850, 107
Trd, 258953.900, 115
Trd, 258954.333, 128
Trd, 258954.600, 135
Trd, 258954.717, 111
Trd, 258954.783, 109
Trd, 258955.050, 122
Trd, 258955.383, 137
Trd, 258955.600, 107
Trd, 258955.750, 100
Trd, 258956.000, 102
Trd, 258956.017, 107
Trd, 258957.367, 134
Trd, 258957.450, 133
Trd, 258957.667, 132
Trd, 258957.867, 130
Trd, 258957.967, 111
Trd, 258958.383, 117
Trd, 258958.667, 109
Trd, 258958.983, 122
Trd, 258959.167, 101
Trd, 258959.467, 106
Trd, 258959.717, 121
Trd, 258959.950, 140
Trd, 258960.467, 138
Trd, 258960.533, 138
Trd, 258960.567, 114
Trd, 258960.600, 110
Trd, 258961.000, 123
Trd, 258961.017, 122
Trd, 258961.083, 116
Trd, 258961.350, 138
Trd, 258961.600, 109
Trd, 258961.700, 106
Trd, 258961.833, 131
Trd, 258961.900, 103
Trd, 258961.967, 97
Trd, 258961.983, 85
Trd, 258962.000, 85
Trd, 258962.117, 102
Trd, 258962.150, 102
Trd, 258962.650, 105
Trd, 258962.883, 83
Trd, 258963.333, 93
Trd, 258963.433, 92
Trd, 258963.667, 88
Trd, 258964.017, 132
Trd, 258964.150, 119
Trd, 258964.217, 122
Trd, 258964.550, 127
Trd, 258965.017, 138
Trd, 258965.150, 137
Trd, 258965.417, 132
Trd, 258965.550, 122
Trd, 258966.083, 103
Trd, 258966.283, 130
Trd, 258966.317, 129
Trd, 258966.817, 114
Trd, 258967.083, 102
Trd, 258967.117, 102
Trd, 258967.500, 104
Trd, 258967.567, 104
Trd, 258967.867, 140
Trd, 258968.083, 132
Trd, 258968.133, 106
Trd, 258968.383, 136
Trd, 258968.650, 125
Trd, 258968.850, 129
Trd, 258969.067, 112
Trd, 258969.367, 133
Trd, 258969.517, 128
Trd, 258969.867, 131
Trd, 258970.050, 123
Trd, 258970.133, 113
Trd, 258970.150, 112
Trd, 258970.467, 132
Trd, 258970.483, 126
Trd, 258970.700, 104
Trd, 258970.817, 81
Trd, 258971.000, 136
Trd, 258971.200, 135
Trd, 258971.433, 120
Trd, 258971.617, 139
Trd, 258971.867, 128
Trd, 258972.050, 89
Trd, 258972.200, 107
Trd, 258972.300, 113
Trd, 258973.383, 104
Trd, 258974.267, 130
Trd, 258974.283, 121
Trd, 258974.533, 120
Trd, 258974.567, 116
Trd, 258974.750, 123
Trd, 258974.983, 123
Trd, 258975.133, 105
Trd, 258975.150, 101
Trd, 258975.283, 132
Trd, 258975.433, 129
Trd, 258975.983, 121
Trd, 258976.367, 120
Trd, 258976.700, 137
Trd, 258976.767, 121
Trd, 258976.867, 91
Trd, 258977.000, 89
Trd, 258977.050, 119
Trd, 258977.150, 83
Trd, 258977.300, 75
Trd, 258977.433, 82
Trd, 258977.600, 118
Trd, 258977.983, 128
Trd, 258978.100, 137
Trd, 258978.583, 115
Trd, 258979.367, 134
Trd, 258979.600, 118
Trd, 258979.633, 110
Trd, 258979.700, 110
Trd, 258980.000, 126
Trd, 258980.050, 102
Trd, 258980.400, 126
Trd, 258980.900, 131
Trd, 258980.917, 118
Trd, 258980.950, 115
Trd, 258981.183, 100
Trd, 258981.233, 100
Trd, 258981.367, 99
Trd, 258981.450, 97
Trd, 258981.567, 119
Trd, 258981.883, 136
Trd, 258981.950, 125
Trd, 258982.067, 135
Trd, 258982.083, 130
Trd, 258982.783, 135
Trd, 258982.817, 133
Trd, 258983.067, 130
Trd, 258983.100, 125
Trd, 258983.317, 139
Trd, 258983.483, 127
Trd, 258983.967, 135
Trd, 258984.450, 137
Trd, 258984.533, 117
Trd, 258984.733, 138
Trd, 258984.883, 134
Trd, 258985.383, 138
Trd, 258985.400, 124
Trd, 258985.550, 135
Trd, 258985.833, 122
Trd, 258986.367, 129
Trd, 258986.467, 119
Trd, 258986.667, 102
Trd, 258986.817, 104
Trd, 258987.083, 119
Trd, 258987.333, 133
Trd, 258987.383, 124
Trd, 258987.467, 97
Trd, 258987.650, 108
Trd, 258988.200, 138
Trd, 258988.400, 135
Trd, 258988.933, 140
Trd, 258989.467, 137
Trd, 258989.617, 129
Trd, 258989.717, 123
Trd, 258989.967, 140
Trd, 258989.983, 124
Trd, 258990.333, 129
Trd, 258990.350, 115
Trd, 258990.533, 136
Trd, 258990.733, 131
Trd, 258991.783, 115
Trd, 258992.017, 139
Trd, 258992.233, 129
Trd, 258992.350, 124
Trd, 258992.533, 137
Trd, 258992.733, 112
Trd, 258993.000, 111
Trd, 258993.050, 127
Trd, 258993.067, 108
Trd, 258993.400, 106
Trd, 258994.083, 139
Trd, 258994.183, 139
Trd, 258994.567, 140
Trd, 258994.633, 136
Trd, 258994.717, 135
Trd, 258995.183, 139
Trd, 258995.733, 136
Trd, 258996.067, 134
Trd, 258996.217, 132
Trd, 258996.650, 138
Trd, 258996.967, 131
Trd, 258997.067, 127
Trd, 258997.200, 137
Trd, 258997.483, 136
Trd, 258997.517, 132
Trd, 258998.017, 134
Trd, 258998.100, 135
Trd, 258998.183, 131
Trd, 258998.267, 132
Trd, 258998.583, 127
Trd, 258998.650, 125
Trd, 258998.883, 124
Trd, 258999.067, 123
Trd, 258999.333, 118
Trd, 258999.417, 116
Trd, 258999.583, 111
Trd, 258999.817, 123
Trd, 258999.983, 104
Trd, 259000.333, 104
Trd, 259000.633, 130
Trd, 259000.767, 103
Trd, 259000.917, 140
Trd, 259001.083, 118
Trd, 259002.067, 110
Trd, 259002.333, 125
Trd, 259002.417, 106
Trd, 259002.617, 113
Trd, 259003.133, 127
Trd, 259003.200, 120
Trd, 259003.283, 97
Trd, 259003.483, 124
Trd, 259004.033, 91
Trd, 259004.067, 126
Trd, 259004.083, 83
Trd, 259004.817, 129
Trd, 259004.900, 127
Trd, 259004.917, 122
Trd, 259005.283, 106
Trd, 259005.333, 86
Trd, 259005.533, 85
Trd, 259005.883, 122
Trd, 259006.417, 115
Trd, 259006.450, 112
Trd, 259006.833, 128
Trd, 259007.050, 127
Trd, 259007.133, 119
Trd, 259007.150, 96
Trd, 259007.433, 126
Trd, 259007.700, 106
Trd, 259007.717, 111
Trd, 259008.817, 134
Trd, 259009.250, 136
Trd, 259009.350, 140
Trd, 259009.483, 107
Trd, 259009.617, 105
Trd, 259009.650, 98
Trd, 259009.667, 95
Trd, 259009.900, 135
Trd, 259010.150, 114
Trd, 259010.217, 114
Trd, 259010.800, 102
Trd, 259011.067, 91
Trd, 259011.167, 112
Trd, 259011.317, 113
Trd, 259011.633, 107
Trd, 259011.850, 115
Trd, 259011.983, 102
Trd, 259012.117, 112
Trd, 259012.483, 129
Trd, 259012.500, 99
Trd, 259012.650, 120
Trd, 259012.917, 112
Trd, 259013.433, 132
Trd, 259013.700, 101
Trd, 259013.850, 130
Trd, 259014.250, 111
Trd, 259014.317, 114
Trd, 259014.800, 102
Trd, 259015.050, 100
Trd, 259015.100, 95
Trd, 259015.683, 103
Trd, 259016.200, 94
Trd, 259016.333, 100
Trd, 259016.817, 101
Trd, 259017.083, 95
Trd, 259017.133, 108
Trd, 259017.367, 94
Trd, 259017.433, 94
Trd, 259017.700, 99
Trd, 259017.817, 110
Trd, 259018.000, 122
Trd, 259018.150, 98
Trd, 259018.483, 104
Trd, 259018.583, 125
Trd, 259018.717, 103
Trd, 259018.783, 119
Trd, 259019.333, 95
Trd, 259019.583, 120
Trd, 259019.767, 110
Trd, 259019.817, 81
Trd, 259020.117, 112
Trd, 259020.150, 123
Trd, 259020.650, 117
Trd, 259020.800, 140
Trd, 259021.200, 139
Trd, 259021.367, 138
Trd, 259021.517, 134
Trd, 259021.650, 109
Trd, 259021.750, 114
Trd, 259021.833, 106
Trd, 259021.883, 103
Trd, 259021.967, 115
Trd, 259022.100, 128
Trd, 259022.117, 125
Trd, 259023.033, 126
Trd, 259023.133, 137
Trd, 259024.417, 127
Trd, 259024.617, 117
Trd, 259025.217, 111
Trd, 259025.283, 107
Trd, 259025.450, 102
Trd, 259025.517, 99
Trd, 259025.583, 91
Trd, 259025.850, 105
Trd, 259026.333, 88
Trd, 259026.417, 85
Trd, 259026.450, 121
Trd, 259026.633, 131
Trd, 259026.717, 120
Trd, 259026.933, 99
Trd, 259027.383, 120
Trd, 259027.417, 96
Trd, 259027.467, 122
Trd, 259027.983, 87
Trd, 259028.250, 122
Trd, 259028.567, 90
Trd, 259028.733, 89
Trd, 259028.783, 86
Trd, 259029.017, 117
Trd, 259029.183, 84
Trd, 259029.400, 124
Trd, 259029.583, 126
Trd, 259029.750, 128
Trd, 259029.767, 87
Trd, 259029.850, 87
Trd, 259030.233, 114
Trd, 259030.367, 130
Trd, 259030.650, 101
Trd, 259030.950, 135
Trd, 259031.700, 135
Trd, 259032.283, 134
Trd, 259032.433, 130
Trd, 259032.517, 137
Trd, 259032.633, 126
Trd, 259032.983, 140
Trd, 259033.250, 114
Trd, 259033.500, 111
Trd, 259033.633, 107
Trd, 259033.850, 139
Trd, 259034.083, 123
Trd, 259034.200, 140
Trd, 259034.733, 139
Trd, 259034.833, 130
Trd, 259034.967, 135
Trd, 259035.033, 139
Trd, 259035.133, 108
Trd, 259035.483, 140
Trd, 259035.867, 135
Trd, 259036.000, 133
Trd, 259036.250, 128
Trd, 259036.383, 119
Trd, 259036.767, 103
Trd, 259037.333, 116
Trd, 259037.367, 118
Trd, 259037.550, 123
Trd, 259037.800, 112
Trd, 259038.583, 130
Trd, 259038.633, 128
Trd, 259038.733, 117
Trd, 259039.050, 106
Trd, 259039.300, 102
Trd, 259039.783, 102
Trd, 259039.833, 97
Trd, 259039.917, 105
Trd, 259040.267, 123
Trd, 259040.433, 126
Trd, 259040.833, 125
Trd, 259041.567, 123
Trd, 259041.600, 118
Trd, 259041.767, 116
Trd, 259041.850, 107
Trd, 259042.000, 106
Trd, 259042.383, 98
Trd, 259042.417, 96
Trd, 259042.433, 96
Trd, 259042.717, 87
Trd, 259042.933, 96
Trd, 259043.067, 93
Trd, 259043.133, 109
Trd, 259043.183, 122
Trd, 259043.667, 134
Trd, 259044.000, 127
Trd, 259044.167, 123
Trd, 259044.417, 139
Trd, 259044.450, 107
Trd, 259044.633, 102
Trd, 259044.717, 107
Trd, 259045.567, 135
Trd, 259045.600, 102
Trd, 259045.717, 126
Trd, 259046.000, 104
Trd, 259046.133, 99
Trd, 259046.167, 104
Trd, 259046.217, 94
Trd, 259046.267, 114
Trd, 259046.567, 105
Trd, 259046.833, 94
Trd, 259047.100, 121
Trd, 259047.217, 110
Trd, 259047.267, 108
Trd, 259047.467, 129
Trd, 259047.500, 80
Trd, 259047.967, 94
Trd, 259048.150, 134
Trd, 259048.400, 129
Trd, 259048.667, 98
Trd, 259048.700, 97
Trd, 259048.717, 92
Trd, 259048.983, 138
Trd, 259049.500, 115
Trd, 259049.583, 110
Trd, 259049.717, 130
Trd, 259049.733, 72
Trd, 259050.067, 70
Trd, 259050.233, 77
Trd, 259050.350, 82
Trd, 259051.117, 88
Trd, 259051.150, 78
Trd, 259051.183, 111
Trd, 259051.467, 118
Trd, 259051.617, 110
Trd, 259051.967, 89
Trd, 259052.167, 104
Trd, 259052.217, 114
Trd, 259052.267, 100
Trd, 259052.900, 138
Trd, 259053.133, 122
Trd, 259053.467, 122
Trd, 259053.817, 118
Trd, 259053.917, 135
Trd, 259054.050, 124
Trd, 259054.100, 122
Trd, 259054.850, 116
Trd, 259054.983, 116
Trd, 259055.400, 135
Trd, 259055.750, 133
Trd, 259055.917, 130
Trd, 259056.583, 136
Trd, 259056.967, 114
Trd, 259057.067, 113
Trd, 259057.633, 127
Trd, 259058.350, 132
Trd, 259058.467, 138
Trd, 259058.667, 114
Trd, 259058.783, 131
Trd, 259058.950, 139
Trd, 259059.550, 123
Trd, 259059.617, 134
Trd, 259059.750, 120
Trd, 259059.983, 135
Trd, 259060.333, 124
Trd, 259060.617, 125
Trd, 259060.950, 121
Trd, 259061.217, 134
Trd, 259061.233, 128
Trd, 259061.250, 121
Trd, 259061.333, 120
Trd, 259061.683, 135
Trd, 259061.717, 132
Trd, 259061.750, 127
Trd, 259061.800, 115
Trd, 259062.100, 138
Trd, 259063.050, 133
Trd, 259063.300, 123
Trd, 259063.400, 123
Trd, 259063.617, 120
Trd, 259063.833, 137
Trd, 259063.967, 136
Trd, 259064.000, 117
Trd, 259064.183, 107
Trd, 259064.317, 118
Trd, 259064.483, 99
Trd, 259064.650, 91
Trd, 259064.783, 86
Trd, 259065.050, 131
Trd, 259065.133, 79
Trd, 259065.367, 79
Trd, 259065.817, 76
Trd, 259065.850, 97
Trd, 259066.167, 115
Trd, 259066.817, 131
Trd, 259066.833, 121
Trd, 259066.983, 109
Trd, 259067.117, 131
Trd, 259067.667, 136
Trd, 259067.717, 129
Trd, 259067.800, 118
Trd, 259068.117, 134
Trd, 259068.300, 121
Trd, 259068.883, 106
Trd, 259069.267, 117
Trd, 259069.467, 106
Trd, 259069.483, 117
Trd, 259069.567, 103
Trd, 259069.833, 101
Trd, 259070.483, 140
Trd, 259070.683, 118
Trd, 259070.700, 113
Trd, 259070.817, 105
Trd, 259071.033, 111
Trd, 259071.217, 111
Trd, 259071.233, 107
Trd, 259071.783, 135
Trd, 259071.917, 132
Trd, 259072.133, 109
Trd, 259072.550, 114
Trd, 259072.583, 112
Trd, 259073.100, 126
Trd, 259073.500, 130
Trd, 259073.533, 102
Trd, 259073.767, 104
Trd, 259073.867, 100
Trd, 259073.933, 116
Trd, 259074.517, 112
Trd, 259074.600, 108
Trd, 259074.667, 97
Trd, 259075.133, 102
Trd, 259075.400, 130
Trd, 259075.583, 96
Trd, 259075.617, 105
Trd, 259075.767, 118
Trd, 259075.783, 94
Trd, 259075.833, 131
Trd, 259076.100, 102
Trd, 259076.600, 137
Trd, 259076.800, 123
Trd, 259077.267, 104
Trd, 259077.383, 103
Trd, 259077.533, 136
Trd, 259077.550, 131
Trd, 259077.617, 97
Trd, 259079.200, 101
Trd, 259079.300, 130
Trd, 259079.333, 116
Trd, 259080.083, 135
Trd, 259080.300, 130
Trd, 259080.950, 140
Trd, 259081.317, 138
Trd, 259081.567, 126
Trd, 259081.600, 125
Trd, 259081.617, 124
Trd, 259081.883, 119
Trd, 259081.900, 116
Trd, 259082.067, 121
Trd, 259082.150, 116
Trd, 259082.550, 113
Trd, 259082.617, 110
Trd, 259083.200, 139
Trd, 259083.267, 134
Trd, 259083.533, 132
Trd, 259083.617, 126
Trd, 259083.700, 126
Trd, 259083.833, 105
Trd, 259083.983, 134
Trd, 259084.117, 137
Trd, 259084.533, 127
Trd, 259084.583, 133
Trd, 259084.817, 138
Trd, 259084.867, 123
Trd, 259085.583, 135
Trd, 259085.750, 136
Trd, 259085.933, 135
Trd, 259086.133, 136
Trd, 259086.167, 131
Trd, 259086.850, 140
Trd, 259087.150, 122
Trd, 259087.300, 121
Trd, 259087.367, 118
Trd, 259088.283, 130
Trd, 259088.533, 132
Trd, 259089.083, 136
Trd, 259089.400, 137
Trd, 259089.533, 134
Trd, 259089.550, 132
Trd, 259089.600, 130
Trd, 259089.650, 129
Trd, 259090.033, 124
Trd, 259090.067, 123
Trd, 259090.100, 122
Trd, 259090.233, 123
Trd, 259090.467, 125
Trd, 259090.700, 122
Trd, 259090.750, 120
Trd, 259090.800, 116
Trd, 259091.067, 111
Trd, 259091.233, 130
Trd, 259091.250, 90
Trd, 259091.333, 86
Trd, 259091.417, 76
Trd, 259092.000, 130
Trd, 259092.233, 110
Trd, 259092.300, 107
Trd, 259092.550, 101
Trd, 259092.717, 95
Trd, 259092.783, 103
Trd, 259092.867, 104
Trd, 259093.033, 93
Trd, 259093.100, 128
Trd, 259093.167, 92
Trd, 259093.683, 133
Trd, 259093.783, 123
Trd, 259094.300, 139
Trd, 259094.650, 106
Trd, 259095.400, 116
Trd, 259095.417, 112
Trd, 259095.467, 116
Trd, 259095.483, 107
Trd, 259095.517, 101
Trd, 259095.733, 87
Trd, 259096.100, 99
Trd, 259096.233, 89
Trd, 259096.450, 86
Trd, 259096.517, 87
Trd, 259096.767, 100
Trd, 259096.900, 88
Trd, 259097.050, 100
Trd, 259097.100, 100
Trd, 259097.417, 112
Trd, 259097.683, 114
Trd, 259098.667, 130
Trd, 259098.800, 124
Trd, 259099.117, 117
Trd, 259099.317, 139
Trd, 259099.400, 136
Trd, 259099.450, 115
Trd, 259099.600, 110
Trd, 259099.667, 108
Trd, 259100.367, 125
Trd, 259100.483, 123
Trd, 259100.517, 124
Trd, 259100.867, 101
Trd, 259101.000, 107
Trd, 259101.200, 100
Trd, 259101.450, 137
Trd, 259102.400, 136
Trd, 259103.117, 135
Trd, 259103.217, 131
Trd, 259103.750, 132
Trd, 259103.883, 130
Trd, 259104.017, 128
Trd, 259104.167, 139
Trd, 259104.250, 122
Trd, 259104.450, 133
Trd, 259104.583, 125
Trd, 259104.600, 121
Trd, 259105.333, 109
Trd, 259105.350, 103
Trd, 259105.367, 120
Trd, 259105.517, 127
Trd, 259105.667, 136
Trd, 259106.017, 122
Trd, 259106.200, 116
Trd, 259106.250, 115
Trd, 259106.350, 140
Trd, 259106.650, 109
Trd, 259106.900, 119
Trd, 259107.083, 99
Trd, 259107.600, 96
Trd, 259107.867, 97
Trd, 259108.217, 93
Trd, 259108.500, 123
Trd, 259108.633, 122
Trd, 259108.817, 106
Trd, 259108.900, 89
Trd, 259109.033, 89
Trd, 259109.333, 131
Trd, 259109.767, 129
Trd, 259110.050, 125
Trd, 259110.633, 131
Trd, 259110.683, 123
Trd, 259110.833, 121
Trd, 259111.017, 127
Trd, 259111.217, 119
Trd, 259111.433, 116
Trd, 259111.950, 128
Trd, 259112.250, 140
Trd, 259112.417, 139
Trd, 259112.483, 115
Trd, 259112.700, 104
Trd, 259113.267, 113
Trd, 259113.383, 114
Trd, 259113.783, 123
Trd, 259113.800, 117
Trd, 259113.983, 115
Trd, 259114.250, 99
Trd, 259114.483, 132
Trd, 259114.683, 136
Trd, 259114.717, 137
Trd, 259114.967, 100
Trd, 259115.533, 131
Trd, 259115.800, 131
Trd, 259115.917, 128
Trd, 259115.983, 126
Trd, 259116.083, 120
Trd, 259116.350, 138
Trd, 259116.617, 132
Trd, 259116.650, 118
Trd, 259117.133, 138
Trd, 259117.217, 138
Trd, 259117.450, 124
Trd, 259117.733, 120
Trd, 259118.117, 95
Trd, 259118.383, 103
Trd, 259118.400, 125
Trd, 259118.433, 88
Trd, 259119.000, 104
Trd, 259119.200, 121
Trd, 259119.250, 132
Trd, 259119.433, 133
Trd, 259119.500, 129
Trd, 259119.700, 109
Trd, 259119.800, 102
Trd, 259120.267, 83
Trd, 259120.483, 81
Trd, 259120.500, 113
Trd, 259120.583, 118
Trd, 259120.833, 119
Trd, 259121.417, 67
Trd, 259121.633, 114
Trd, 259121.917, 113
Trd, 259121.950, 109
Trd, 259122.433, 130
Trd, 259122.583, 125
Trd, 259122.700, 109
Trd, 259122.833, 119
Trd, 259123.183, 124
Trd, 259123.233, 111
Trd, 259123.567, 138
Trd, 259123.633, 102
Trd, 259123.783, 123
Trd, 259123.967, 100
Trd, 259124.150, 91
Trd, 259124.667, 133
Trd, 259124.967, 123
Trd, 259125.417, 137
Trd, 259125.883, 126
Trd, 259125.900, 122
Trd, 259126.000, 97
Trd, 259126.300, 102
Trd, 259126.400, 88
Trd, 259126.433, 120
Trd, 259126.500, 81
Trd, 259126.567, 77
Trd, 259126.617, 74
Trd, 259127.850, 120
Trd, 259128.150, 138
Trd, 259128.867, 131
Trd, 259129.083, 140
Trd, 259129.283, 139
Trd, 259129.333, 134
Trd, 259129.633, 134
Trd, 259129.750, 129
Trd, 259130.517, 127
Trd, 259130.567, 139
Trd, 259130.850, 114
Trd, 259131.100, 139
Trd, 259131.267, 123
Trd, 259131.467, 140
Trd, 259131.583, 111
Trd, 259131.717, 133
Trd, 259131.900, 124
Trd, 259132.133, 109
Trd, 259132.283, 102
Trd, 259132.367, 113
Trd, 259132.633, 130
Trd, 259132.917, 98
Trd, 259133.050, 102
Trd, 259133.183, 103
Trd, 259133.350, 96
Trd, 259133.450, 122
Trd, 259133.567, 131
Trd, 259133.667, 121
Trd, 259134.450, 78
Trd, 259134.667, 76
Trd, 259134.683, 100
Trd, 259135.033, 118
Trd, 259135.150, 96
Trd, 259135.683, 67
Trd, 259135.917, 78
Trd, 259135.950, 83
Trd, 259136.000, 117
Trd, 259136.117, 118
Trd, 259136.333, 84
Trd, 259136.600, 102
Trd, 259136.883, 133
Trd, 259137.067, 84
Trd, 259137.350, 104
Trd, 259137.417, 90
Trd, 259137.967, 140
Trd, 259138.167, 134
Trd, 259138.200, 134
Trd, 259138.283, 118
Trd, 259138.417, 135
Trd, 259138.950, 115
Trd, 259138.967, 106
Trd, 259139.933, 136
Trd, 259140.000, 129
Trd, 259140.100, 128
Trd, 259140.350, 120
Trd, 259140.983, 136
Trd, 259141.517, 136
Trd, 259141.667, 133
Trd, 259141.933, 129
Trd, 259142.217, 139
Trd, 259142.633, 138
Trd, 259142.667, 129
Trd, 259143.000, 129
Trd, 259143.200, 122
Trd, 259143.217, 105
Trd, 259143.433, 130
Trd, 259143.600, 103
Trd, 259143.700, 115
Trd, 259143.817, 128
Trd, 259144.433, 101
Trd, 259144.467, 98
Trd, 259145.033, 126
Trd, 259145.083, 125
Trd, 259145.300, 131
Trd, 259145.567, 104
Trd, 259145.733, 93
Trd, 259146.000, 111
Trd, 259146.017, 110
Trd, 259146.033, 108
Trd, 259146.083, 106
Trd, 259146.200, 140
Trd, 259146.283, 118
Trd, 259146.683, 138
Trd, 259146.950, 135
Trd, 259147.000, 133
Trd, 259147.067, 132
Trd, 259147.133, 125
Trd, 259147.433, 139
Trd, 259147.600, 130
Trd, 259147.667, 107
Trd, 259147.800, 91
Trd, 259148.717, 77
Trd, 259149.117, 85
Trd, 259149.150, 87
Trd, 259149.783, 138
Trd, 259149.800, 133
Trd, 259150.000, 131
Trd, 259150.167, 124
Trd, 259150.900, 135
Trd, 259150.983, 130
Trd, 259151.050, 129
Trd, 259151.183, 118
Trd, 259151.467, 115
Trd, 259151.817, 129
Trd, 259152.000, 131
Trd, 259152.783, 139
Trd, 259152.800, 135
Trd, 259152.967, 130
Trd, 259153.050, 128
Trd, 259153.067, 125
Trd, 259153.317, 127
Trd, 259153.567, 124
Trd, 259153.600, 109
Trd, 259153.617, 114
Trd, 259153.717, 105
Trd, 259154.417, 102
Trd, 259154.500, 108
Trd, 259154.633, 96
Trd, 259154.650, 95
Trd, 259154.883, 101
Trd, 259155.050, 126
Trd, 259155.267, 85
Trd, 259155.317, 75
Trd, 259155.417, 127
Trd, 259155.867, 129
Trd, 259155.983, 107
Trd, 259156.000, 133
Trd, 259156.133, 96
Trd, 259156.383, 122
Trd, 259156.450, 103
Trd, 259156.600, 140
Trd, 259157.183, 140
Trd, 259157.533, 119
Trd, 259158.417, 134
Trd, 259158.617, 133
Trd, 259158.667, 131
Trd, 259158.683, 127
Trd, 259158.883, 139
Trd, 259158.933, 119
Trd, 259159.517, 112
Trd, 259159.650, 139
Trd, 259159.700, 117
Trd, 259159.733, 108
Trd, 259160.583, 135
Trd, 259160.717, 128
Trd, 259160.750, 127
Trd, 259161.200, 129
Trd, 259161.983, 136
Trd, 259162.167, 116
Trd, 259162.350, 135
Trd, 259162.383, 108
Trd, 259162.517, 106
Trd, 259162.850, 132
Trd, 259163.817, 136
Trd, 259164.017, 131
Trd, 259164.183, 125
Trd, 259164.267, 109
Trd, 259164.400, 107
Trd, 259164.533, 117
Trd, 259164.733, 125
Trd, 259164.833, 99
Trd, 259165.967, 140
Trd, 259166.200, 138
Trd, 259166.283, 140
Trd, 259166.367, 134
Trd, 259166.400, 123
Trd, 259166.567, 120
Trd, 259167.417, 140
Trd, 259167.600, 131
Trd, 259167.667, 130
Trd, 259167.767, 104
Trd, 259167.950, 126
Trd, 259168.700, 109
Trd, 259168.967, 129
Trd, 259169.033, 134
Trd, 259169.050, 119
Trd, 259169.333, 97
Trd, 259169.433, 101
Trd, 259169.500, 96
Trd, 259169.633, 94
Trd, 259169.900, 118
Trd, 259170.267, 140
Trd, 259171.133, 140
Trd, 259171.333, 132
Trd, 259171.367, 131
Trd, 259171.567, 136
Trd, 259171.950, 110
Trd, 259172.233, 107
Trd, 259172.500, 130
Trd, 259172.517, 117
Trd, 259172.817, 110
Trd, 259172.867, 106
Trd, 259173.100, 120
Trd, 259173.233, 116
Trd, 259173.417, 96
Trd, 259173.433, 96
Trd, 259173.650, 125
Trd, 259173.900, 112
Trd, 259174.183, 96
Trd, 259174.600, 140
Trd, 259174.950, 139
Trd, 259175.183, 132
Trd, 259175.400, 132
Trd, 259175.417, 128
Trd, 259175.483, 122
Trd, 259176.133, 117
Trd, 259176.150, 88
Trd, 259176.183, 118
Trd, 259176.950, 91
Trd, 259177.017, 89
Trd, 259177.050, 86
Trd, 259177.200, 94
Trd, 259177.333, 68
Trd, 259177.383, 92
Trd, 259177.650, 79
Trd, 259177.933, 79
Trd, 259178.000, 70
Trd, 259178.283, 62
Trd, 259178.550, 63
Trd, 259178.900, 88
Trd, 259178.933, 116
Trd, 259179.383, 118
Trd, 259179.483, 112
Trd, 259179.567, 108
Trd, 259179.883, 130
Trd, 259179.967, 135
Trd, 259180.017, 125
Trd, 259180.383, 136
Trd, 259181.150, 115
Trd, 259181.200, 111
Trd, 259181.383, 117
Trd, 259181.533, 109
Trd, 259181.617, 88
Trd, 259181.667, 83
Trd, 259182.000, 81
Trd, 259182.400, 98
Trd, 259182.483, 92
Trd, 259182.667, 93
Trd, 259182.783, 110
Trd, 259183.383, 97
Trd, 259183.617, 116
Trd, 259183.800, 73
Trd, 259184.050, 87
Trd, 259184.233, 121
Trd, 259184.317, 121
Trd, 259184.817, 137
Trd, 259184.850, 134
Trd, 259185.150, 139
Trd, 259185.400, 124
Trd, 259185.883, 112
Trd, 259186.283, 112
Trd, 259186.350, 110
Trd, 259186.567, 109
Trd, 259187.000, 123
Trd, 259187.133, 123
Trd, 259187.317, 139
Trd, 259187.650, 132
Trd, 259187.683, 127
Trd, 259188.150, 136
Trd, 259188.550, 127
Trd, 259188.567, 120
Trd, 259188.850, 126
Trd, 259188.883, 109
Trd, 259189.267, 109
Trd, 259189.583, 105
Trd, 259189.633, 94
Trd, 259189.833, 107
Trd, 259189.850, 108
Trd, 259190.050, 106
Trd, 259190.200, 106
Trd, 259190.517, 91
Trd, 259190.567, 72
Trd, 259190.917, 89
Trd, 259191.000, 96
Trd, 259191.117, 100
Trd, 259191.300, 106
Trd, 259191.417, 98
Trd, 259191.617, 80
Trd, 259191.700, 107
Trd, 259191.750, 76
Trd, 259191.950, 75
Trd, 259191.967, 124
Trd, 259192.017, 125
Trd, 259192.567, 120
Trd, 259193.183, 124
Trd, 259193.283, 107
Trd, 259193.367, 96
Trd, 259193.733, 117
Trd, 259193.800, 117
Trd, 259193.867, 114
Trd, 259194.367, 120
Trd, 259194.400, 117
Trd, 259194.550, 99
Trd, 259194.600, 92
Trd, 259194.917, 121
Trd, 259195.200, 140
Trd, 259195.467, 126
Trd, 259195.767, 136
Trd, 259195.833, 129
Trd, 259195.967, 125
Trd, 259196.100, 123
Trd, 259196.133, 122
Trd, 259196.617, 138
Trd, 259196.650, 136
Trd, 259196.767, 99
Trd, 259197.117, 96
Trd, 259197.133, 97
Trd, 259197.167, 92
Trd, 259197.200, 76
Trd, 259197.383, 97
Trd, 259197.817, 101
Trd, 259197.933, 121
Trd, 259198.167, 61
Trd, 259198.617, 60
Trd, 259198.717, 69
Trd, 259199.200, 60
Trd, 259199.333, 76
Trd, 259199.483, 76
