Trd, 258584.517, 140
Trd, 258584.767, 139
Trd, 258584.817, 140
Trd, 258585.017, 138
Trd, 258585.300, 140
Trd, 258585.367, 116
Trd, 258585.633, 139
Trd, 258585.933, 131
Trd, 258586.433, 139
Trd, 258586.467, 128
Trd, 258586.500, 122
Trd, 258586.517, 116
Trd, 258586.567, 97
Trd, 258586.617, 133
Trd, 258587.033, 110
Trd, 258587.233, 137
Trd, 258587.650, 139
Trd, 258587.750, 136
Trd, 258588.117, 135
Trd, 258588.133, 125
Trd, 258588.533, 107
Trd, 258588.633, 106
Trd, 258589.000, 106
Trd, 258589.217, 130
Trd, 258589.417, 119
Trd, 258589.517, 96
Trd, 258589.717, 94
Trd, 258589.767, 101
Trd, 258590.300, 114
Trd, 258590.333, 115
Trd, 258590.533, 99
Trd, 258590.633, 117
Trd, 258591.100, 140
Trd, 258591.667, 136
Trd, 258591.767, 135
Trd, 258591.867, 129
Trd, 258592.367, 118
Trd, 258592.900, 109
Trd, 258593.150, 136
Trd, 258593.167, 106
Trd, 258593.317, 123
Trd, 258593.483, 128
Trd, 258593.517, 127
Trd, 258593.600, 103
Trd, 258593.700, 97
Trd, 258594.367, 124
Trd, 258594.417, 102
Trd, 258594.800, 99
Trd, 258594.833, 98
Trd, 258595.150, 122
Trd, 258595.200, 108
Trd, 258595.633, 122
Trd, 258596.300, 115
Trd, 258596.367, 113
Trd, 258596.500, 114
Trd, 258596.583, 113
Trd, 258596.667, 112
Trd, 258597.200, 140
Trd, 258597.283, 140
Trd, 258597.300, 139
Trd, 258597.367, 124
Trd, 258597.867, 140
Trd, 258597.917, 121
Trd, 258598.017, 119
Trd, 258598.233, 108
Trd, 258598.417, 107
Trd, 258598.517, 85
Trd, 258598.667, 106
Trd, 258598.800, 107
Trd, 258599.717, 140
Trd, 258599.733, 139
Trd, 258599.867, 132
Trd, 258599.900, 122
Trd, 258600.217, 128
Trd, 258600.833, 130
Trd, 258601.083, 97
Trd, 258601.117, 95
Trd, 258601.550, 140
Trd, 258602.050, 120
Trd, 258602.350, 129
Trd, 258602.383, 122
Trd, 258602.683, 113
Trd, 258603.133, 128
Trd, 258603.483, 129
Trd, 258603.600, 128
Trd, 258603.917, 128
Trd, 258604.067, 129
Trd, 258604.533, 128
Trd, 258604.650, 128
Trd, 258604.700, 131
Trd, 258605.300, 126
Trd, 258605.600, 119
Trd, 258605.767, 118
Trd, 258605.917, 119
Trd, 258605.950, 118
Trd, 258606.033, 109
Trd, 258606.600, 129
Trd, 258606.750, 134
Trd, 258606.867, 110
Trd, 258607.017, 120
Trd, 258607.183, 109
Trd, 258607.533, 116
Trd, 258607.683, 118
Trd, 258607.767, 117
Trd, 258608.183, 108
Trd, 258608.317, 99
Trd, 258608.367, 94
Trd, 258608.600, 99
Trd, 258608.733, 99
Trd, 258608.900, 97
Trd, 258608.950, 87
Trd, 258609.683, 140
Trd, 258609.950, 140
Trd, 258610.150, 140
Trd, 258610.383, 140
Trd, 258610.400, 134
Trd, 258610.667, 132
Trd, 258611.483, 132
Trd, 258611.533, 133
Trd, 258611.650, 131
Trd, 258611.917, 127
Trd, 258612.083, 130
Trd, 258612.167, 122
Trd, 258612.183, 120
Trd, 258612.417, 135
Trd, 258612.483, 125
Trd, 258612.600, 132
Trd, 258612.633, 125
Trd, 258612.683, 134
Trd, 258612.733, 124
Trd, 258612.867, 120
Trd, 258612.917, 115
Trd, 258613.183, 106
Trd, 258613.350, 131
Trd, 258613.933, 104
Trd, 258614.083, 99
Trd, 258614.167, 97
Trd, 258614.667, 110
Trd, 258614.833, 109
Trd, 258614.900, 120
Trd, 258615.083, 119
Trd, 258615.367, 108
Trd, 258615.550, 106
Trd, 258615.817, 108
Trd, 258615.867, 108
Trd, 258616.017, 103
Trd, 258616.117, 102
Trd, 258616.200, 116
Trd, 258616.617, 128
Trd, 258616.667, 113
Trd, 258616.850, 126
Trd, 258617.000, 93
Trd, 258617.267, 140
Trd, 258617.300, 140
Trd, 258617.550, 90
Trd, 258617.700, 81
Trd, 258618.317, 122
Trd, 258618.567, 121
Trd, 258619.017, 122
Trd, 258619.367, 134
Trd, 258619.883, 119
Trd, 258620.000, 130
Trd, 258620.500, 110
Trd, 258620.817, 113
Trd, 258621.067, 114
Trd, 258621.283, 109
Trd, 258621.367, 127
Trd, 258621.500, 104
Trd, 258621.567, 103
Trd, 258622.200, 111
Trd, 258622.433, 126
Trd, 258622.550, 107
Trd, 258622.683, 125
Trd, 258622.717, 129
Trd, 258622.933, 119
Trd, 258622.983, 105
Trd, 258623.633, 135
Trd, 258623.717, 112
Trd, 258623.833, 123
Trd, 258624.000, 136
Trd, 258624.350, 139
Trd, 258624.567, 124
Trd, 258625.050, 140
Trd, 258625.150, 112
Trd, 258625.233, 102
Trd, 258625.500, 106
Trd, 258625.517, 100
Trd, 258625.583, 99
Trd, 258625.917, 122
Trd, 258626.217, 122
Trd, 258626.250, 121
Trd, 258626.417, 134
Trd, 258626.667, 132
Trd, 258626.850, 134
Trd, 258627.133, 126
Trd, 258627.367, 126
Trd, 258627.417, 125
Trd, 258627.667, 138
Trd, 258627.733, 118
Trd, 258627.983, 138
Trd, 258629.117, 140
Trd, 258629.300, 139
Trd, 258629.817, 140
Trd, 258630.217, 140
Trd, 258630.417, 133
Trd, 258630.583, 131
Trd, 258630.600, 120
Trd, 258630.867, 130
Trd, 258630.883, 131
Trd, 258630.900, 118
Trd, 258631.117, 114
Trd, 258631.133, 109
Trd, 258631.267, 105
Trd, 258631.517, 100
Trd, 258631.617, 97
Trd, 258631.667, 123
Trd, 258631.700, 120
Trd, 258631.750, 90
Trd, 258631.800, 89
Trd, 258631.850, 65
Trd, 258631.950, 121
Trd, 258632.217, 97
Trd, 258632.600, 114
Trd, 258633.250, 115
Trd, 258634.000, 110
Trd, 258634.283, 111
Trd, 258634.417, 110
Trd, 258634.717, 118
Trd, 258635.367, 111
Trd, 258635.533, 117
Trd, 258635.767, 112
Trd, 258635.900, 133
Trd, 258636.033, 135
Trd, 258636.183, 129
Trd, 258636.300, 122
Trd, 258636.650, 122
Trd, 258636.667, 112
Trd, 258637.000, 113
Trd, 258637.033, 128
Trd, 258637.300, 103
Trd, 258637.417, 102
Trd, 258637.817, 112
Trd, 258637.950, 101
Trd, 258638.000, 90
Trd, 258638.467, 104
Trd, 258638.567, 88
Trd, 258638.633, 83
Trd, 258638.650, 77
Trd, 258638.833, 91
Trd, 258638.933, 75
Trd, 258638.983, 74
Trd, 258639.067, 100
Trd, 258639.100, 73
Trd, 258639.550, 63
Trd, 258639.783, 125
Trd, 258640.033, 66
Trd, 258640.200, 62
Trd, 258640.517, 72
Trd, 258640.717, 121
Trd, 258641.433, 112
Trd, 258641.517, 137
Trd, 258641.533, 110
Trd, 258642.133, 137
Trd, 258642.283, 137
Trd, 258642.767, 137
Trd, 258643.000, 138
Trd, 258643.400, 138
Trd, 258643.683, 137
Trd, 258643.917, 139
Trd, 258644.050, 131
Trd, 258644.283, 122
Trd, 258644.333, 121
Trd, 258644.383, 110
Trd, 258644.633, 101
Trd, 258645.100, 137
Trd, 258645.167, 135
Trd, 258645.400, 136
Trd, 258645.600, 130
Trd, 258645.633, 126
Trd, 258645.883, 127
Trd, 258646.050, 140
Trd, 258646.550, 140
Trd, 258646.600, 128
Trd, 258646.950, 123
Trd, 258646.967, 122
Trd, 258647.050, 112
Trd, 258647.233, 107
Trd, 258647.933, 119
Trd, 258648.200, 104
Trd, 258648.317, 103
Trd, 258648.367, 90
Trd, 258648.633, 103
Trd, 258648.933, 132
Trd, 258649.083, 134
Trd, 258649.100, 121
Trd, 258649.267, 121
Trd, 258649.500, 94
Trd, 258649.550, 135
Trd, 258649.567, 83
Trd, 258650.283, 135
Trd, 258650.567, 96
Trd, 258650.883, 132
Trd, 258651.217, 133
Trd, 258651.283, 134
Trd, 258651.400, 130
Trd, 258651.600, 111
Trd, 258652.100, 134
Trd, 258652.417, 134
Trd, 258652.433, 133
Trd, 258652.783, 122
Trd, 258652.950, 120
Trd, 258653.117, 125
Trd, 258653.417, 124
Trd, 258653.633, 123
Trd, 258654.083, 121
Trd, 258654.350, 116
Trd, 258654.533, 115
Trd, 258655.000, 139
Trd, 258655.017, 126
Trd, 258655.250, 114
Trd, 258655.633, 130
Trd, 258655.683, 112
Trd, 258656.000, 140
Trd, 258656.117, 124
Trd, 258656.350, 137
Trd, 258656.867, 140
Trd, 258656.983, 139
Trd, 258657.783, 136
Trd, 258657.817, 129
Trd, 258658.283, 137
Trd, 258658.433, 136
Trd, 258658.967, 134
Trd, 258659.333, 132
Trd, 258659.383, 122
Trd, 258659.550, 133
Trd, 258659.700, 134
Trd, 258659.783, 134
Trd, 258660.517, 128
Trd, 258660.650, 126
Trd, 258660.767, 125
Trd, 258660.833, 123
Trd, 258660.933, 119
Trd, 258660.983, 114
Trd, 258661.117, 108
Trd, 258661.300, 110
Trd, 258661.433, 113
Trd, 258661.600, 97
Trd, 258662.583, 98
Trd, 258662.600, 104
Trd, 258662.667, 97
Trd, 258662.733, 110
Trd, 258662.817, 93
Trd, 258663.033, 99
Trd, 258663.200, 98
Trd, 258663.433, 101
Trd, 258663.833, 99
Trd, 258664.183, 95
Trd, 258664.217, 93
Trd, 258664.250, 91
Trd, 258664.283, 109
Trd, 258664.400, 110
Trd, 258664.700, 123
Trd, 258664.717, 92
Trd, 258664.733, 85
Trd, 258665.617, 137
Trd, 258665.700, 137
Trd, 258665.967, 137
Trd, 258666.250, 138
Trd, 258666.283, 137
Trd, 258666.333, 136
Trd, 258666.467, 132
Trd, 258666.733, 99
Trd, 258666.783, 85
Trd, 258666.883, 83
Trd, 258667.500, 102
Trd, 258667.633, 111
Trd, 258667.667, 88
Trd, 258668.850, 109
Trd, 258668.883, 110
Trd, 258668.917, 87
Trd, 258668.983, 85
Trd, 258669.383, 62
Trd, 258669.467, 63
Trd, 258669.750, 60
Trd, 258669.850, 83
Trd, 258670.533, 72
Trd, 258670.650, 65
Trd, 258670.917, 65
Trd, 258670.933, 69
Trd, 258671.000, 98
Trd, 258671.167, 105
Trd, 258671.967, 111
Trd, 258671.983, 100
Trd, 258672.850, 105
Trd, 258673.000, 105
Trd, 258673.067, 107
Trd, 258673.217, 108
Trd, 258673.350, 105
Trd, 258673.400, 108
Trd, 258673.483, 109
Trd, 258673.567, 99
Trd, 258673.783, 97
Trd, 258674.000, 120
Trd, 258674.017, 106
Trd, 258674.050, 97
Trd, 258674.233, 96
Trd, 258674.267, 91
Trd, 258674.483, 98
Trd, 258674.500, 92
Trd, 258675.250, 82
Trd, 258675.900, 117
Trd, 258675.917, 82
Trd, 258676.433, 121
Trd, 258676.617, 87
Trd, 258676.867, 94
Trd, 258677.083, 95
Trd, 258677.250, 91
Trd, 258677.533, 115
Trd, 258677.717, 93
Trd, 258677.783, 131
Trd, 258678.250, 119
Trd, 258678.767, 115
Trd, 258679.167, 113
Trd, 258679.800, 116
Trd, 258679.967, 138
Trd, 258680.583, 129
Trd, 258681.233, 136
Trd, 258681.483, 136
Trd, 258681.617, 135
Trd, 258682.283, 140
Trd, 258682.600, 140
Trd, 258682.833, 140
Trd, 258682.850, 140
Trd, 258682.867, 140
Trd, 258683.133, 138
Trd, 258683.400, 132
Trd, 258683.633, 131
Trd, 258684.067, 140
Trd, 258684.383, 137
Trd, 258684.633, 140
Trd, 258684.700, 140
Trd, 258684.767, 125
Trd, 258685.533, 140
Trd, 258685.833, 133
Trd, 258685.867, 120
Trd, 258686.000, 134
Trd, 258686.433, 129
Trd, 258686.567, 119
Trd, 258686.683, 135
Trd, 258686.783, 137
Trd, 258686.850, 116
Trd, 258686.917, 109
Trd, 258687.000, 105
Trd, 258687.317, 132
Trd, 258688.200, 140
Trd, 258688.567, 140
Trd, 258688.583, 140
Trd, 258688.717, 140
Trd, 258688.750, 139
Trd, 258688.817, 136
Trd, 258689.133, 135
Trd, 258689.150, 130
Trd, 258689.583, 129
Trd, 258689.917, 120
Trd, 258690.033, 111
Trd, 258690.283, 110
Trd, 258690.317, 107
Trd, 258690.517, 129
Trd, 258690.767, 81
Trd, 258690.833, 82
Trd, 258690.950, 99
Trd, 258690.967, 80
Trd, 258691.067, 76
Trd, 258691.250, 65
Trd, 258691.567, 61
Trd, 258691.650, 62
Trd, 258691.733, 63
Trd, 258691.833, 69
Trd, 258692.150, 62
Trd, 258692.167, 69
Trd, 258692.817, 131
Trd, 258693.167, 135
Trd, 258693.300, 134
Trd, 258693.633, 107
Trd, 258694.017, 140
Trd, 258694.200, 122
Trd, 258694.817, 125
Trd, 258694.983, 124
Trd, 258695.267, 116
Trd, 258695.583, 138
Trd, 258695.717, 140
Trd, 258696.033, 131
Trd, 258696.300, 106
Trd, 258696.600, 112
Trd, 258696.850, 113
Trd, 258696.933, 111
Trd, 258697.317, 130
Trd, 258697.367, 135
Trd, 258697.450, 109
Trd, 258697.767, 115
Trd, 258698.117, 126
Trd, 258698.150, 133
Trd, 258698.917, 130
Trd, 258699.067, 127
Trd, 258699.083, 122
Trd, 258699.117, 119
Trd, 258699.400, 133
Trd, 258699.683, 133
Trd, 258699.983, 124
Trd, 258700.267, 110
Trd, 258700.517, 109
Trd, 258700.900, 139
Trd, 258701.033, 108
Trd, 258701.267, 100
Trd, 258701.433, 99
Trd, 258701.583, 133
Trd, 258701.667, 107
Trd, 258703.067, 115
Trd, 258703.283, 113
Trd, 258703.317, 110
Trd, 258703.650, 121
Trd, 258703.800, 120
Trd, 258704.117, 127
Trd, 258704.200, 136
Trd, 258704.367, 137
Trd, 258704.383, 138
Trd, 258704.733, 131
Trd, 258705.033, 131
Trd, 258705.133, 127
Trd, 258705.367, 126
Trd, 258705.833, 140
Trd, 258705.967, 120
Trd, 258706.150, 137
Trd, 258706.633, 130
Trd, 258706.717, 115
Trd, 258706.800, 114
Trd, 258707.033, 112
Trd, 258707.133, 109
Trd, 258707.567, 105
Trd, 258707.650, 107
Trd, 258707.733, 104
Trd, 258707.800, 117
Trd, 258708.250, 99
Trd, 258708.350, 97
Trd, 258708.767, 90
Trd, 258708.900, 130
Trd, 258708.983, 133
Trd, 258709.183, 119
Trd, 258709.333, 96
Trd, 258709.733, 89
Trd, 258710.083, 110
Trd, 258710.167, 116
Trd, 258710.367, 138
Trd, 258710.483, 138
Trd, 258710.683, 138
Trd, 258711.050, 127
Trd, 258711.283, 136
Trd, 258711.383, 135
Trd, 258711.450, 120
Trd, 258711.467, 119
Trd, 258711.717, 119
Trd, 258711.817, 118
Trd, 258712.233, 103
Trd, 258712.517, 99
Trd, 258712.717, 116
Trd, 258712.850, 110
Trd, 258712.900, 119
Trd, 258713.067, 110
Trd, 258713.083, 109
Trd, 258713.333, 119
Trd, 258713.400, 97
Trd, 258714.033, 113
Trd, 258714.100, 96
Trd, 258714.233, 64
Trd, 258714.250, 65
Trd, 258714.533, 76
Trd, 258714.783, 122
Trd, 258715.083, 89
Trd, 258715.200, 83
Trd, 258715.250, 69
Trd, 258715.717, 129
Trd, 258716.033, 128
Trd, 258716.200, 127
Trd, 258716.683, 116
Trd, 258716.700, 131
Trd, 258716.750, 116
Trd, 258716.883, 132
Trd, 258717.183, 112
Trd, 258717.283, 111
Trd, 258717.417, 110
Trd, 258717.533, 117
Trd, 258718.567, 124
Trd, 258718.833, 115
Trd, 258718.883, 108
Trd, 258718.900, 107
Trd, 258719.083, 107
Trd, 258719.350, 116
Trd, 258719.367, 122
Trd, 258719.617, 131
Trd, 258719.883, 103
Trd, 258720.250, 104
Trd, 258720.817, 121
Trd, 258720.983, 131
Trd, 258721.483, 108
Trd, 258721.617, 107
Trd, 258721.667, 131
Trd, 258721.683, 104
Trd, 258721.733, 104
Trd, 258721.800, 103
Trd, 258722.167, 115
Trd, 258722.333, 139
Trd, 258722.900, 127
Trd, 258723.350, 126
Trd, 258723.767, 140
Trd, 258724.117, 125
Trd, 258724.217, 123
Trd, 258724.583, 123
Trd, 258724.700, 122
Trd, 258724.883, 137
Trd, 258724.900, 120
Trd, 258725.200, 112
Trd, 258725.283, 103
Trd, 258725.300, 98
Trd, 258726.733, 140
Trd, 258726.750, 140
Trd, 258726.850, 139
Trd, 258727.217, 123
Trd, 258727.517, 138
Trd, 258727.600, 122
Trd, 258727.783, 139
Trd, 258727.800, 129
Trd, 258727.833, 120
Trd, 258728.367, 136
Trd, 258728.667, 114
Trd, 258728.900, 112
Trd, 258728.967, 129
Trd, 258729.850, 132
Trd, 258729.867, 115
Trd, 258730.000, 103
Trd, 258730.033, 133
Trd, 258730.133, 121
Trd, 258730.967, 95
Trd, 258731.000, 96
Trd, 258731.183, 93
Trd, 258731.433, 103
Trd, 258731.750, 92
Trd, 258731.783, 104
Trd, 258731.800, 91
Trd, 258731.967, 86
Trd, 258732.017, 85
Trd, 258732.117, 99
Trd, 258732.200, 82
Trd, 258732.317, 125
Trd, 258732.650, 77
Trd, 258732.883, 103
Trd, 258733.233, 133
Trd, 258733.267, 93
Trd, 258733.867, 125
Trd, 258734.217, 100
Trd, 258734.633, 129
Trd, 258734.767, 127
Trd, 258735.050, 126
Trd, 258735.100, 135
Trd, 258735.133, 125
Trd, 258735.200, 119
Trd, 258735.367, 92
Trd, 258735.550, 91
Trd, 258735.683, 98
Trd, 258735.833, 89
Trd, 258735.983, 67
Trd, 258736.217, 66
Trd, 258736.233, 83
Trd, 258736.250, 84
Trd, 258736.517, 114
Trd, 258736.717, 134
Trd, 258737.367, 131
Trd, 258737.600, 133
Trd, 258738.100, 139
Trd, 258738.783, 137
Trd, 258739.050, 140
Trd, 258739.350, 132
Trd, 258739.383, 131
Trd, 258740.417, 131
Trd, 258740.433, 116
Trd, 258740.817, 138
Trd, 258740.850, 127
Trd, 258741.000, 115
Trd, 258741.050, 93
Trd, 258741.167, 112
Trd, 258741.217, 109
Trd, 258741.233, 91
Trd, 258741.417, 114
Trd, 258741.683, 117
Trd, 258741.917, 113
Trd, 258742.183, 119
Trd, 258742.267, 118
Trd, 258742.817, 135
Trd, 258743.483, 117
Trd, 258743.517, 116
Trd, 258743.617, 114
Trd, 258744.083, 129
Trd, 258744.300, 119
Trd, 258744.317, 112
Trd, 258744.583, 130
Trd, 258744.683, 130
Trd, 258744.900, 113
Trd, 258745.133, 121
Trd, 258745.150, 112
Trd, 258745.233, 122
Trd, 258745.317, 102
Trd, 258745.883, 114
Trd, 258746.000, 132
Trd, 258746.050, 104
Trd, 258746.883, 140
Trd, 258747.117, 140
Trd, 258747.217, 140
Trd, 258747.833, 128
Trd, 258747.867, 124
Trd, 258747.933, 124
Trd, 258748.333, 124
Trd, 258748.417, 133
Trd, 258748.767, 128
Trd, 258748.850, 126
Trd, 258749.017, 113
Trd, 258749.183, 112
Trd, 258749.233, 108
Trd, 258749.367, 107
Trd, 258750.033, 140
Trd, 258750.450, 140
Trd, 258750.550, 135
Trd, 258750.900, 135
Trd, 258751.117, 126
Trd, 258751.133, 125
Trd, 258751.367, 134
Trd, 258751.900, 135
Trd, 258752.100, 122
Trd, 258752.400, 128
Trd, 258752.600, 132
Trd, 258752.783, 122
Trd, 258752.800, 134
Trd, 258752.917, 121
Trd, 258753.033, 121
Trd, 258753.317, 119
Trd, 258753.333, 115
Trd, 258753.400, 113
Trd, 258753.933, 118
Trd, 258754.033, 117
Trd, 258754.283, 140
Trd, 258754.483, 140
Trd, 258755.017, 133
Trd, 258755.500, 130
Trd, 258755.583, 128
Trd, 258755.833, 118
Trd, 258756.333, 105
Trd, 258756.500, 106
Trd, 258756.517, 101
Trd, 258756.733, 109
Trd, 258756.750, 95
Trd, 258756.967, 108
Trd, 258757.217, 93
Trd, 258757.250, 92
Trd, 258757.500, 107
Trd, 258757.883, 89
Trd, 258757.983, 89
Trd, 258758.133, 107
Trd, 258758.367, 107
Trd, 258758.383, 106
Trd, 258758.517, 106
Trd, 258758.700, 82
Trd, 258759.150, 114
Trd, 258759.200, 115
Trd, 258759.250, 118
Trd, 258759.300, 72
Trd, 258759.500, 108
Trd, 258759.750, 82
Trd, 258759.850, 87
Trd, 258760.067, 97
Trd, 258760.300, 98
Trd, 258760.367, 91
Trd, 258760.717, 121
Trd, 258761.033, 96
Trd, 258761.283, 66
Trd, 258761.750, 107
Trd, 258761.867, 129
Trd, 258762.200, 106
Trd, 258762.267, 104
Trd, 258762.317, 111
Trd, 258762.333, 103
Trd, 258762.950, 125
Trd, 258763.683, 125
Trd, 258764.667, 140
Trd, 258764.767, 140
Trd, 258764.783, 140
Trd, 258764.817, 140
Trd, 258764.850, 137
Trd, 258764.950, 131
Trd, 258765.500, 119
Trd, 258765.700, 137
Trd, 258765.733, 111
Trd, 258765.767, 110
Trd, 258766.117, 120
Trd, 258766.183, 110
Trd, 258766.867, 125
Trd, 258767.533, 140
Trd, 258767.550, 140
Trd, 258768.067, 139
Trd, 258768.317, 140
Trd, 258768.433, 139
Trd, 258768.850, 137
Trd, 258768.883, 136
Trd, 258769.267, 117
Trd, 258769.350, 115
Trd, 258769.483, 107
Trd, 258769.933, 139
Trd, 258770.167, 134
Trd, 258770.567, 127
Trd, 258770.717, 125
Trd, 258770.850, 123
Trd, 258771.283, 104
Trd, 258771.667, 115
Trd, 258771.783, 102
Trd, 258772.200, 114
Trd, 258772.217, 113
Trd, 258772.967, 107
Trd, 258773.000, 112
Trd, 258773.267, 110
Trd, 258773.333, 111
Trd, 258773.417, 109
Trd, 258773.467, 112
Trd, 258773.700, 122
Trd, 258774.033, 113
Trd, 258774.050, 112
Trd, 258774.150, 108
Trd, 258774.683, 114
Trd, 258774.950, 106
Trd, 258775.133, 103
Trd, 258775.200, 130
Trd, 258775.483, 140
Trd, 258775.633, 131
Trd, 258775.667, 98
Trd, 258775.950, 139
Trd, 258776.433, 139
Trd, 258776.517, 138
Trd, 258776.600, 140
Trd, 258776.867, 139
Trd, 258777.100, 110
Trd, 258777.317, 109
Trd, 258777.333, 97
Trd, 258777.483, 91
Trd, 258777.583, 120
Trd, 258778.283, 140
Trd, 258778.367, 140
Trd, 258778.683, 140
Trd, 258778.783, 120
Trd, 258778.800, 112
Trd, 258779.183, 140
Trd, 258779.483, 139
Trd, 258779.550, 125
Trd, 258780.450, 121
Trd, 258780.567, 120
Trd, 258780.850, 117
Trd, 258780.917, 116
Trd, 258781.100, 111
Trd, 258781.533, 127
Trd, 258781.950, 137
Trd, 258782.000, 114
Trd, 258782.317, 135
Trd, 258782.433, 137
Trd, 258782.467, 97
Trd, 258782.533, 78
Trd, 258782.600, 138
Trd, 258783.150, 127
Trd, 258783.450, 114
Trd, 258783.567, 113
Trd, 258784.000, 112
Trd, 258784.050, 110
Trd, 258784.167, 107
Trd, 258784.250, 94
Trd, 258784.267, 83
Trd, 258784.317, 120
Trd, 258784.717, 82
Trd, 258785.250, 95
Trd, 258785.500, 81
Trd, 258785.517, 75
Trd, 258785.567, 121
Trd, 258785.617, 77
Trd, 258785.633, 74
Trd, 258785.950, 120
Trd, 258786.233, 121
Trd, 258786.333, 125
Trd, 258786.667, 120
Trd, 258787.200, 130
Trd, 258787.217, 128
Trd, 258788.350, 112
Trd, 258788.417, 132
Trd, 258789.067, 140
Trd, 258789.133, 134
Trd, 258789.200, 113
Trd, 258789.550, 131
Trd, 258789.717, 132
Trd, 258789.883, 121
Trd, 258789.900, 120
Trd, 258790.067, 118
Trd, 258790.317, 111
Trd, 258790.367, 106
Trd, 258790.517, 106
Trd, 258790.683, 104
Trd, 258790.717, 107
Trd, 258790.833, 103
Trd, 258790.983, 112
Trd, 258791.100, 110
Trd, 258791.183, 116
Trd, 258791.433, 105
Trd, 258791.650, 122
Trd, 258791.767, 123
Trd, 258791.817, 101
Trd, 258792.650, 139
Trd, 258792.950, 126
Trd, 258793.167, 136
Trd, 258793.383, 125
Trd, 258793.483, 118
Trd, 258794.550, 120
Trd, 258794.650, 133
Trd, 258794.833, 136
Trd, 258795.150, 107
Trd, 258795.183, 106
Trd, 258795.733, 138
Trd, 258795.900, 125
Trd, 258795.967, 128
Trd, 258796.500, 124
Trd, 258796.750, 135
Trd, 258796.783, 138
Trd, 258796.833, 124
Trd, 258796.933, 124
Trd, 258797.083, 118
Trd, 258797.233, 119
Trd, 258797.333, 120
Trd, 258797.383, 119
Trd, 258797.467, 117
Trd, 258797.517, 131
Trd, 258798.133, 139
Trd, 258798.500, 125
Trd, 258798.733, 117
Trd, 258798.767, 116
Trd, 258798.783, 113
Trd, 258798.950, 139
Trd, 258799.283, 111
Trd, 258799.633, 122
Trd, 258799.750, 117
Trd, 258799.817, 116
Trd, 258799.833, 96
Trd, 258800.150, 133
Trd, 258800.433, 138
Trd, 258800.850, 120
Trd, 258801.017, 137
Trd, 258801.367, 120
Trd, 258801.667, 119
Trd, 258802.150, 134
Trd, 258802.217, 109
Trd, 258802.367, 114
Trd, 258802.517, 109
Trd, 258802.817, 108
Trd, 258802.950, 104
Trd, 258803.083, 127
Trd, 258803.217, 123
Trd, 258803.567, 113
Trd, 258803.683, 121
Trd, 258804.000, 104
Trd, 258804.050, 101
Trd, 258804.550, 129
Trd, 258804.600, 108
Trd, 258804.883, 135
Trd, 258805.550, 113
Trd, 258805.617, 110
Trd, 258806.633, 119
Trd, 258806.667, 119
Trd, 258806.933, 113
Trd, 258806.983, 112
Trd, 258807.600, 133
Trd, 258807.717, 112
Trd, 258807.867, 112
Trd, 258807.933, 111
Trd, 258808.000, 115
Trd, 258808.033, 115
Trd, 258808.183, 105
Trd, 258808.367, 116
Trd, 258808.483, 102
Trd, 258808.983, 125
Trd, 258809.350, 138
Trd, 258809.433, 125
Trd, 258809.517, 134
Trd, 258809.533, 121
Trd, 258810.217, 135
Trd, 258810.250, 109
Trd, 258810.400, 105
Trd, 258810.500, 132
Trd, 258811.217, 135
Trd, 258811.833, 112
Trd, 258812.350, 133
Trd, 258813.083, 133
Trd, 258813.183, 133
Trd, 258813.383, 133
Trd, 258813.400, 132
Trd, 258813.433, 119
Trd, 258813.483, 118
Trd, 258813.517, 113
Trd, 258813.533, 109
Trd, 258813.767, 101
Trd, 258813.900, 101
Trd, 258813.917, 94
Trd, 258814.267, 90
Trd, 258814.717, 92
Trd, 258814.933, 88
Trd, 258814.983, 91
Trd, 258815.250, 83
Trd, 258815.883, 97
Trd, 258815.900, 107
Trd, 258815.917, 110
Trd, 258816.033, 114
Trd, 258816.217, 118
Trd, 258816.367, 123
Trd, 258817.650, 140
Trd, 258817.883, 140
Trd, 258818.033, 140
Trd, 258818.333, 140
Trd, 258818.383, 140
Trd, 258818.583, 138
Trd, 258818.933, 127
Trd, 258818.967, 136
Trd, 258819.033, 127
Trd, 258819.167, 126
Trd, 258819.417, 132
Trd, 258819.450, 131
Trd, 258819.533, 122
Trd, 258820.083, 139
Trd, 258820.133, 138
Trd, 258820.583, 137
Trd, 258820.867, 133
Trd, 258821.217, 128
Trd, 258821.300, 124
Trd, 258821.367, 123
Trd, 258821.483, 122
Trd, 258821.600, 115
Trd, 258822.100, 109
Trd, 258822.467, 87
Trd, 258822.483, 85
Trd, 258822.550, 81
Trd, 258822.583, 77
Trd, 258822.633, 128
Trd, 258822.883, 119
Trd, 258823.283, 136
Trd, 258823.433, 86
Trd, 258823.550, 134
Trd, 258823.700, 133
Trd, 258823.717, 136
Trd, 258823.750, 77
Trd, 258823.833, 66
Trd, 258824.100, 92
Trd, 258824.933, 65
Trd, 258824.967, 84
Trd, 258825.083, 106
Trd, 258825.217, 119
Trd, 258825.317, 122
Trd, 258825.450, 108
Trd, 258825.717, 110
Trd, 258826.083, 124
Trd, 258826.200, 88
Trd, 258826.317, 87
Trd, 258826.700, 112
Trd, 258826.733, 110
Trd, 258828.250, 129
Trd, 258828.550, 140
Trd, 258828.700, 140
Trd, 258829.200, 125
Trd, 258829.417, 114
Trd, 258829.533, 110
Trd, 258829.583, 108
Trd, 258829.767, 105
Trd, 258829.950, 105
Trd, 258830.017, 129
Trd, 258830.583, 130
Trd, 258830.650, 131
Trd, 258831.350, 139
Trd, 258831.450, 126
Trd, 258831.683, 134
Trd, 258831.750, 122
Trd, 258831.983, 120
Trd, 258832.100, 113
Trd, 258832.850, 139
Trd, 258833.050, 138
Trd, 258833.250, 132
Trd, 258833.717, 118
Trd, 258833.883, 138
Trd, 258833.933, 117
Trd, 258834.267, 116
Trd, 258834.433, 113
Trd, 258834.683, 135
Trd, 258835.183, 135
Trd, 258835.233, 134
Trd, 258835.467, 122
Trd, 258835.583, 138
Trd, 258836.267, 117
Trd, 258836.467, 132
Trd, 258836.500, 120
Trd, 258836.550, 132
Trd, 258836.783, 120
Trd, 258836.867, 119
Trd, 258836.983, 131
Trd, 258837.033, 118
Trd, 258837.250, 110
Trd, 258837.767, 127
Trd, 258837.967, 113
Trd, 258838.083, 124
Trd, 258838.500, 107
Trd, 258838.617, 128
Trd, 258838.667, 119
Trd, 258838.950, 129
Trd, 258839.017, 107
Trd, 258839.033, 133
Trd, 258839.233, 106
Trd, 258839.400, 102
Trd, 258839.883, 131
Trd, 258840.417, 110
Trd, 258840.667, 120
Trd, 258840.883, 119
Trd, 258841.000, 108
Trd, 258841.617, 100
Trd, 258841.800, 100
Trd, 258842.017, 98
Trd, 258842.133, 94
Trd, 258842.150, 96
Trd, 258842.750, 114
Trd, 258842.900, 114
Trd, 258843.017, 96
Trd, 258843.117, 115
Trd, 258843.217, 97
Trd, 258843.400, 101
Trd, 258843.483, 112
Trd, 258843.550, 100
Trd, 258843.817, 136
Trd, 258843.967, 138
Trd, 258844.300, 127
Trd, 258844.333, 127
Trd, 258844.350, 111
Trd, 258844.567, 104
Trd, 258844.583, 99
Trd, 258845.317, 115
Trd, 258845.467, 103
Trd, 258845.667, 128
Trd, 258845.783, 136
Trd, 258845.900, 112
Trd, 258846.767, 140
Trd, 258847.133, 140
Trd, 258847.183, 139
Trd, 258847.417, 138
Trd, 258847.483, 136
Trd, 258847.567, 125
Trd, 258847.700, 111
Trd, 258847.883, 121
Trd, 258847.983, 111
Trd, 258848.200, 105
Trd, 258848.317, 126
Trd, 258848.633, 129
Trd, 258849.100, 124
Trd, 258849.250, 129
Trd, 258849.500, 119
Trd, 258849.667, 119
Trd, 258850.267, 114
Trd, 258850.517, 126
Trd, 258850.567, 127
Trd, 258850.850, 113
Trd, 258851.000, 128
Trd, 258851.583, 102
Trd, 258851.833, 104
Trd, 258852.233, 98
Trd, 258852.333, 95
Trd, 258852.350, 93
Trd, 258852.517, 83
Trd, 258852.900, 106
Trd, 258852.933, 79
Trd, 258853.233, 107
Trd, 258853.350, 78
Trd, 258853.433, 74
Trd, 258853.667, 100
Trd, 258853.800, 117
Trd, 258853.850, 99
Trd, 258854.000, 127
Trd, 258854.050, 124
Trd, 258855.483, 126
Trd, 258855.583, 125
Trd, 258855.933, 119
Trd, 258856.000, 118
Trd, 258856.617, 118
Trd, 258856.667, 115
Trd, 258856.867, 111
Trd, 258856.933, 110
Trd, 258857.233, 117
Trd, 258857.567, 107
Trd, 258857.717, 113
Trd, 258857.750, 105
Trd, 258857.817, 97
Trd, 258857.850, 130
Trd, 258858.717, 128
Trd, 258859.067, 125
Trd, 258859.217, 131
Trd, 258859.300, 115
Trd, 258859.483, 112
Trd, 258859.533, 132
Trd, 258859.650, 111
Trd, 258859.833, 115
Trd, 258860.217, 133
Trd, 258860.333, 127
Trd, 258860.450, 116
Trd, 258860.583, 126
Trd, 258861.517, 133
Trd, 258861.617, 124
Trd, 258861.633, 120
Trd, 258861.700, 116
Trd, 258861.967, 115
Trd, 258862.383, 136
Trd, 258862.883, 118
Trd, 258863.017, 127
Trd, 258863.433, 115
Trd, 258863.583, 123
Trd, 258863.650, 114
Trd, 258863.667, 106
Trd, 258863.700, 99
Trd, 258863.733, 124
Trd, 258863.783, 97
Trd, 258863.817, 88
Trd, 258863.950, 126
Trd, 258864.383, 96
Trd, 258864.817, 130
Trd, 258864.967, 92
Trd, 258865.250, 76
Trd, 258865.517, 84
Trd, 258866.417, 126
Trd, 258866.617, 107
Trd, 258866.717, 133
Trd, 258867.133, 112
Trd, 258867.283, 119
Trd, 258867.667, 119
Trd, 258867.683, 109
Trd, 258867.867, 112
Trd, 258867.917, 109
Trd, 258867.933, 124
Trd, 258868.233, 132
Trd, 258868.900, 122
Trd, 258869.200, 129
Trd, 258869.383, 128
Trd, 258869.467, 124
Trd, 258869.600, 128
Trd, 258869.617, 127
Trd, 258869.750, 121
Trd, 258869.817, 130
Trd, 258870.117, 115
Trd, 258870.550, 139
Trd, 258870.783, 116
Trd, 258871.017, 115
Trd, 258871.717, 121
Trd, 258871.933, 137
Trd, 258872.067, 120
Trd, 258872.117, 115
Trd, 258872.183, 114
Trd, 258872.250, 113
Trd, 258872.517, 125
Trd, 258873.050, 136
Trd, 258873.083, 137
Trd, 258873.700, 125
Trd, 258873.817, 137
Trd, 258874.233, 112
Trd, 258874.333, 108
Trd, 258874.400, 107
Trd, 258874.600, 137
Trd, 258874.667, 136
Trd, 258874.817, 123
Trd, 258874.950, 122
Trd, 258875.067, 99
Trd, 258875.317, 78
Trd, 258875.933, 84
Trd, 258876.067, 91
Trd, 258876.217, 89
Trd, 258876.717, 118
Trd, 258876.750, 118
Trd, 258876.767, 119
Trd, 258876.883, 114
Trd, 258876.967, 121
Trd, 258877.183, 113
Trd, 258877.267, 107
Trd, 258877.700, 121
Trd, 258878.350, 109
Trd, 258878.533, 108
Trd, 258878.617, 108
Trd, 258878.883, 105
Trd, 258879.117, 120
Trd, 258879.383, 123
Trd, 258880.067, 105
Trd, 258880.083, 106
Trd, 258880.200, 121
Trd, 258880.417, 119
Trd, 258880.450, 107
Trd, 258880.500, 95
Trd, 258880.550, 94
Trd, 258881.250, 101
Trd, 258881.367, 88
Trd, 258881.400, 103
Trd, 258881.883, 134
Trd, 258881.900, 133
Trd, 258882.183, 134
Trd, 258882.250, 126
Trd, 258882.800, 130
Trd, 258882.883, 129
Trd, 258883.017, 119
Trd, 258883.317, 134
Trd, 258883.467, 112
Trd, 258883.500, 111
Trd, 258884.000, 127
Trd, 258884.033, 118
Trd, 258884.200, 117
Trd, 258884.483, 113
Trd, 258884.983, 114
Trd, 258885.333, 140
Trd, 258885.583, 133
Trd, 258885.600, 114
Trd, 258885.833, 115
Trd, 258886.400, 114
Trd, 258887.117, 140
Trd, 258887.450, 110
Trd, 258887.517, 134
Trd, 258887.667, 123
Trd, 258887.900, 113
Trd, 258888.000, 112
Trd, 258888.133, 138
Trd, 258888.517, 99
Trd, 258888.783, 132
Trd, 258888.933, 132
Trd, 258889.017, 134
Trd, 258889.167, 132
Trd, 258889.533, 132
Trd, 258889.767, 132
Trd, 258889.917, 131
Trd, 258890.083, 124
Trd, 258890.267, 126
Trd, 258890.683, 121
Trd, 258890.733, 127
Trd, 258890.817, 119
Trd, 258891.017, 108
Trd, 258891.300, 107
Trd, 258891.317, 96
Trd, 258891.333, 112
Trd, 258891.583, 127
Trd, 258891.633, 130
Trd, 258891.767, 99
Trd, 258892.233, 115
Trd, 258892.600, 112
Trd, 258892.717, 122
Trd, 258893.450, 140
Trd, 258893.717, 140
Trd, 258893.867, 140
Trd, 258894.050, 139
Trd, 258894.767, 133
Trd, 258894.833, 137
Trd, 258895.000, 131
Trd, 258895.100, 125
Trd, 258895.633, 129
Trd, 258895.900, 122
Trd, 258896.033, 134
Trd, 258896.183, 121
Trd, 258896.367, 135
Trd, 258896.750, 133
Trd, 258897.000, 120
Trd, 258897.217, 136
Trd, 258897.400, 118
Trd, 258897.417, 133
Trd, 258897.550, 111
Trd, 258897.817, 118
Trd, 258898.017, 113
Trd, 258898.533, 112
Trd, 258898.733, 120
Trd, 258898.917, 131
Trd, 258898.950, 108
Trd, 258899.083, 106
Trd, 258899.167, 105
Trd, 258899.250, 101
Trd, 258899.350, 101
Trd, 258899.483, 101
Trd, 258899.717, 107
Trd, 258899.817, 84
Trd, 258899.983, 108
Trd, 258900.033, 97
Trd, 258900.600, 83
Trd, 258901.333, 94
Trd, 258901.650, 109
Trd, 258902.067, 112
Trd, 258902.550, 121
Trd, 258903.133, 132
Trd, 258904.333, 124
Trd, 258904.350, 136
Trd, 258904.383, 122
Trd, 258904.400, 121
Trd, 258904.750, 119
Trd, 258904.867, 117
Trd, 258905.033, 121
Trd, 258905.550, 132
Trd, 258905.700, 133
Trd, 258905.800, 132
Trd, 258905.817, 116
Trd, 258905.833, 114
Trd, 258905.883, 113
Trd, 258906.333, 99
Trd, 258906.750, 108
Trd, 258906.817, 107
Trd, 258907.133, 137
Trd, 258907.783, 102
Trd, 258908.000, 136
Trd, 258908.133, 101
Trd, 258908.233, 100
Trd, 258908.733, 140
Trd, 258908.783, 139
Trd, 258908.867, 137
Trd, 258908.917, 100
Trd, 258909.167, 137
Trd, 258909.533, 122
Trd, 258910.000, 134
Trd, 258910.067, 139
Trd, 258910.083, 133
Trd, 258910.150, 118
Trd, 258910.633, 106
Trd, 258910.833, 138
Trd, 258910.883, 95
Trd, 258911.100, 94
Trd, 258911.400, 102
Trd, 258911.467, 90
Trd, 258911.917, 117
Trd, 258912.650, 115
Trd, 258912.683, 110
Trd, 258913.233, 138
Trd, 258913.317, 138
Trd, 258913.483, 129
Trd, 258913.500, 108
Trd, 258913.550, 110
Trd, 258913.667, 107
Trd, 258913.883, 138
Trd, 258914.183, 132
Trd, 258914.250, 137
Trd, 258914.383, 133
Trd, 258914.400, 132
Trd, 258914.500, 136
Trd, 258914.683, 136
Trd, 258914.817, 135
Trd, 258915.267, 131
Trd, 258915.600, 126
Trd, 258915.950, 128
Trd, 258916.233, 127
Trd, 258916.300, 130
Trd, 258916.867, 128
Trd, 258917.333, 122
Trd, 258917.400, 115
Trd, 258918.150, 96
Trd, 258918.250, 94
Trd, 258918.617, 102
Trd, 258918.667, 90
Trd, 258918.717, 88
Trd, 258918.850, 121
Trd, 258918.883, 101
Trd, 258919.267, 122
Trd, 258919.417, 123
Trd, 258919.467, 134
Trd, 258919.583, 122
Trd, 258919.833, 121
Trd, 258919.967, 96
Trd, 258920.333, 126
Trd, 258920.900, 127
Trd, 258921.283, 132
Trd, 258921.300, 121
Trd, 258921.700, 135
Trd, 258922.050, 136
Trd, 258922.467, 138
Trd, 258922.517, 135
Trd, 258922.533, 126
Trd, 258922.600, 121
Trd, 258923.050, 121
Trd, 258923.067, 120
Trd, 258923.800, 129
Trd, 258924.067, 129
Trd, 258924.400, 120
Trd, 258924.750, 135
Trd, 258924.867, 133
Trd, 258924.917, 132
Trd, 258925.167, 127
Trd, 258925.433, 126
Trd, 258925.650, 133
Trd, 258926.167, 131
Trd, 258926.267, 125
Trd, 258926.450, 127
Trd, 258926.467, 115
Trd, 258926.933, 129
Trd, 258926.967, 114
Trd, 258927.000, 123
Trd, 258927.083, 111
Trd, 258927.250, 110
Trd, 258927.467, 110
Trd, 258927.667, 110
Trd, 258928.267, 126
Trd, 258928.550, 125
Trd, 258928.700, 128
Trd, 258929.033, 125
Trd, 258929.267, 124
Trd, 258929.350, 122
Trd, 258929.483, 118
Trd, 258929.783, 118
Trd, 258929.933, 123
Trd, 258930.117, 117
Trd, 258930.300, 130
Trd, 258930.433, 115
Trd, 258930.983, 140
Trd, 258931.083, 133
Trd, 258931.150, 132
Trd, 258931.683, 138
Trd, 258931.800, 137
Trd, 258932.017, 109
Trd, 258932.067, 138
Trd, 258932.450, 126
Trd, 258932.733, 110
Trd, 258933.700, 136
Trd, 258934.183, 134
Trd, 258934.283, 130
Trd, 258934.567, 132
Trd, 258935.000, 123
Trd, 258935.083, 118
Trd, 258935.117, 114
Trd, 258935.533, 122
Trd, 258935.750, 110
Trd, 258935.817, 109
Trd, 258936.733, 124
Trd, 258937.050, 123
Trd, 258937.283, 113
Trd, 258937.350, 96
Trd, 258937.833, 124
Trd, 258938.233, 110
Trd, 258938.283, 129
Trd, 258938.417, 135
Trd, 258938.650, 110
Trd, 258938.900, 104
Trd, 258939.000, 99
Trd, 258939.150, 123
Trd, 258939.200, 124
Trd, 258939.267, 131
Trd, 258939.917, 140
Trd, 258940.283, 106
Trd, 258940.317, 100
Trd, 258940.400, 108
Trd, 258940.517, 124
Trd, 258940.767, 101
Trd, 258940.950, 104
Trd, 258941.267, 135
Trd, 258941.417, 134
Trd, 258941.500, 131
Trd, 258942.183, 140
Trd, 258942.350, 139
Trd, 258942.633, 134
Trd, 258943.450, 136
Trd, 258943.617, 126
Trd, 258943.650, 124
Trd, 258943.667, 121
Trd, 258943.833, 117
Trd, 258943.883, 113
Trd, 258944.117, 123
Trd, 258944.400, 114
Trd, 258944.467, 113
Trd, 258944.617, 125
Trd, 258944.650, 110
Trd, 258944.917, 93
Trd, 258945.017, 124
Trd, 258945.100, 125
Trd, 258945.333, 111
Trd, 258945.400, 95
Trd, 258946.333, 134
Trd, 258946.350, 133
Trd, 258946.633, 127
Trd, 258946.667, 126
Trd, 258947.133, 124
Trd, 258947.167, 119
Trd, 258947.267, 117
Trd, 258947.833, 109
Trd, 258947.950, 124
Trd, 258948.067, 130
Trd, 258948.133, 131
Trd, 258948.233, 99
Trd, 258948.300, 99
Trd, 258948.367, 132
Trd, 258948.967, 122
Trd, 258949.567, 110
Trd, 258949.717, 101
Trd, 258949.733, 101
Trd, 258949.817, 97
Trd, 258950.700, 118
Trd, 258950.817, 122
Trd, 258951.050, 130
Trd, 258951.133, 99
Trd, 258951.183, 99
Trd, 258951.567, 98
Trd, 258952.100, 97
Trd, 258952.533, 111
Trd, 258952.617, 124
Trd, 258952.667, 101
Trd, 258952.767, 98
Trd, 258952.900, 104
Trd, 258953.117, 140
Trd, 258953.517, 99
Trd, 258954.183, 105
Trd, 258954.217, 104
Trd, 258954.383, 101
Trd, 258954.433, 130
Trd, 258954.633, 99
Trd, 258954.750, 108
Trd, 258954.967, 98
Trd, 258955.150, 131
Trd, 258955.233, 133
Trd, 258955.650, 107
Trd, 258955.667, 105
Trd, 258955.717, 104
Trd, 258956.000, 125
Trd, 258956.833, 140
Trd, 258957.133, 120
Trd, 258957.267, 104
Trd, 258957.317, 97
Trd, 258957.567, 92
Trd, 258957.800, 128
Trd, 258958.100, 104
Trd, 258958.183, 129
Trd, 258958.467, 139
Trd, 258958.517, 90
Trd, 258958.983, 105
Trd, 258959.250, 106
Trd, 258959.267, 102
Trd, 258960.117, 139
Trd, 258960.283, 139
Trd, 258960.333, 138
Trd, 258960.600, 119
Trd, 258960.767, 138
Trd, 258960.883, 117
Trd, 258961.167, 115
Trd, 258961.600, 112
Trd, 258962.117, 131
Trd, 258962.150, 132
Trd, 258962.333, 110
Trd, 258962.400, 100
Trd, 258962.717, 116
Trd, 258962.867, 130
Trd, 258963.133, 131
Trd, 258963.267, 140
Trd, 258963.333, 131
Trd, 258963.417, 131
Trd, 258963.433, 130
Trd, 258963.483, 123
Trd, 258964.067, 137
Trd, 258964.517, 137
Trd, 258964.600, 135
Trd, 258964.650, 124
Trd, 258964.883, 123
Trd, 258964.933, 110
Trd, 258965.000, 137
Trd, 258965.017, 108
Trd, 258965.350, 107
Trd, 258965.583, 105
Trd, 258966.067, 110
Trd, 258966.183, 100
Trd, 258966.200, 87
Trd, 258966.217, 109
Trd, 258966.433, 110
Trd, 258966.850, 87
Trd, 258966.967, 111
Trd, 258967.300, 88
Trd, 258967.383, 111
Trd, 258967.533, 103
Trd, 258967.667, 97
Trd, 258968.183, 69
Trd, 258968.733, 62
Trd, 258968.800, 63
Trd, 258968.833, 79
Trd, 258969.467, 76
Trd, 258969.833, 68
Trd, 258970.383, 100
Trd, 258970.433, 71
Trd, 258970.483, 101
Trd, 258970.517, 102
Trd, 258970.633, 68
Trd, 258970.650, 110
Trd, 258970.750, 68
Trd, 258970.900, 69
Trd, 258971.800, 140
Trd, 258971.817, 140
Trd, 258971.850, 128
Trd, 258971.967, 111
Trd, 258972.017, 105
Trd, 258972.867, 140
Trd, 258972.883, 139
Trd, 258973.350, 120
Trd, 258973.450, 119
Trd, 258973.533, 115
Trd, 258973.550, 113
Trd, 258973.700, 101
Trd, 258973.900, 120
Trd, 258974.200, 123
Trd, 258974.217, 122
Trd, 258974.250, 125
Trd, 258974.267, 139
Trd, 258974.517, 135
Trd, 258974.883, 122
Trd, 258975.150, 139
Trd, 258975.217, 120
Trd, 258975.350, 112
Trd, 258975.367, 95
Trd, 258975.400, 90
Trd, 258976.050, 84
Trd, 258976.200, 87
Trd, 258976.333, 82
Trd, 258976.383, 88
Trd, 258976.850, 101
Trd, 258977.067, 62
Trd, 258977.233, 97
Trd, 258977.550, 91
Trd, 258977.800, 75
Trd, 258977.917, 68
Trd, 258978.133, 63
Trd, 258978.550, 66
Trd, 258979.083, 68
Trd, 258979.367, 98
Trd, 258979.833, 69
Trd, 258980.167, 105
Trd, 258980.200, 106
Trd, 258980.300, 116
Trd, 258980.483, 90
Trd, 258980.767, 115
Trd, 258980.783, 116
Trd, 258980.850, 126
Trd, 258981.000, 102
Trd, 258981.033, 101
Trd, 258981.267, 100
Trd, 258981.917, 135
Trd, 258982.117, 134
Trd, 258982.533, 138
Trd, 258982.583, 128
Trd, 258982.767, 127
Trd, 258982.867, 118
Trd, 258983.300, 135
Trd, 258983.533, 137
Trd, 258983.600, 136
Trd, 258984.583, 140
Trd, 258985.267, 140
Trd, 258985.300, 140
Trd, 258985.517, 138
Trd, 258985.550, 137
Trd, 258985.817, 137
Trd, 258985.933, 124
Trd, 258987.317, 140
Trd, 258987.367, 139
Trd, 258987.433, 125
Trd, 258987.550, 140
Trd, 258987.583, 121
Trd, 258987.633, 131
Trd, 258987.750, 118
Trd, 258987.900, 136
Trd, 258988.017, 115
Trd, 258988.183, 130
Trd, 258988.383, 130
Trd, 258989.117, 132
Trd, 258989.317, 131
Trd, 258989.500, 118
Trd, 258989.633, 138
Trd, 258989.717, 118
Trd, 258990.083, 140
Trd, 258990.250, 118
Trd, 258991.183, 140
Trd, 258991.817, 139
Trd, 258992.000, 137
Trd, 258992.167, 139
Trd, 258992.767, 140
Trd, 258993.067, 136
Trd, 258993.117, 134
Trd, 258993.317, 131
Trd, 258993.817, 126
Trd, 258994.133, 124
Trd, 258994.367, 132
Trd, 258994.383, 110
Trd, 258994.500, 108
Trd, 258994.933, 131
Trd, 258994.983, 132
Trd, 258995.033, 131
Trd, 258995.050, 109
Trd, 258995.100, 133
Trd, 258995.467, 108
Trd, 258995.533, 107
Trd, 258995.633, 97
Trd, 258996.383, 76
Trd, 258996.617, 87
Trd, 258996.700, 74
Trd, 258996.717, 73
Trd, 258996.917, 97
Trd, 258997.000, 113
Trd, 258997.083, 136
Trd, 258997.717, 124
Trd, 258997.867, 140
Trd, 258998.033, 129
Trd, 258998.267, 124
Trd, 258998.617, 123
Trd, 258998.833, 133
Trd, 258998.967, 121
Trd, 258999.050, 113
Trd, 258999.250, 113
Trd, 258999.483, 112
Trd, 258999.550, 111
Trd, 259000.117, 121
Trd, 259000.250, 113
Trd, 259000.300, 121
Trd, 259000.350, 123
Trd, 259000.367, 112
Trd, 259000.583, 127
Trd, 259000.650, 109
Trd, 259001.350, 137
Trd, 259001.450, 120
Trd, 259001.567, 119
Trd, 259001.600, 118
Trd, 259001.750, 105
Trd, 259001.817, 104
Trd, 259002.400, 63
Trd, 259002.583, 71
Trd, 259002.983, 99
Trd, 259003.083, 99
Trd, 259003.150, 92
Trd, 259003.250, 100
Trd, 259003.933, 60
Trd, 259004.067, 60
Trd, 259004.783, 140
Trd, 259005.433, 140
Trd, 259005.567, 140
Trd, 259005.850, 140
Trd, 259006.033, 132
Trd, 259007.367, 140
Trd, 259007.417, 140
Trd, 259007.717, 140
Trd, 259007.900, 140
Trd, 259008.217, 140
Trd, 259008.233, 139
Trd, 259008.617, 133
Trd, 259008.800, 139
Trd, 259008.883, 140
Trd, 259009.000, 132
Trd, 259009.250, 124
Trd, 259009.400, 119
Trd, 259009.650, 139
Trd, 259010.017, 116
Trd, 259010.183, 115
Trd, 259010.450, 134
Trd, 259010.567, 127
Trd, 259010.983, 113
Trd, 259011.450, 123
Trd, 259011.600, 121
Trd, 259011.683, 118
Trd, 259011.833, 124
Trd, 259011.950, 102
Trd, 259012.133, 105
Trd, 259012.650, 103
Trd, 259012.733, 124
Trd, 259012.767, 108
Trd, 259012.783, 125
Trd, 259012.900, 123
Trd, 259013.150, 121
Trd, 259013.933, 129
Trd, 259013.967, 123
Trd, 259014.167, 114
Trd, 259014.183, 108
Trd, 259014.300, 120
Trd, 259014.550, 127
Trd, 259015.033, 115
Trd, 259015.117, 116
Trd, 259015.217, 127
Trd, 259015.250, 115
Trd, 259015.667, 100
Trd, 259015.767, 94
Trd, 259015.900, 111
Trd, 259016.750, 124
Trd, 259016.833, 118
Trd, 259016.917, 118
Trd, 259016.950, 117
Trd, 259017.050, 94
Trd, 259017.300, 98
Trd, 259017.517, 105
Trd, 259017.850, 140
Trd, 259018.117, 118
Trd, 259018.267, 93
Trd, 259018.350, 88
Trd, 259019.117, 108
Trd, 259019.133, 90
Trd, 259019.283, 75
Trd, 259019.583, 140
Trd, 259019.750, 82
Trd, 259020.283, 85
Trd, 259020.333, 106
Trd, 259020.450, 76
Trd, 259020.817, 139
Trd, 259021.333, 137
Trd, 259021.483, 136
Trd, 259021.633, 135
Trd, 259021.667, 134
Trd, 259021.750, 137
Trd, 259021.833, 126
Trd, 259022.650, 120
Trd, 259022.750, 108
Trd, 259022.917, 137
Trd, 259023.400, 138
Trd, 259023.450, 138
Trd, 259023.633, 138
Trd, 259023.933, 137
Trd, 259024.183, 122
Trd, 259024.383, 105
Trd, 259024.617, 118
Trd, 259024.767, 128
Trd, 259024.967, 89
Trd, 259025.250, 138
Trd, 259025.717, 140
Trd, 259025.783, 140
Trd, 259025.800, 118
Trd, 259025.817, 113
Trd, 259026.600, 137
Trd, 259026.650, 138
Trd, 259026.817, 138
Trd, 259027.217, 138
Trd, 259027.633, 138
Trd, 259027.817, 137
Trd, 259027.933, 128
Trd, 259028.317, 119
Trd, 259028.550, 110
Trd, 259028.567, 109
Trd, 259028.683, 109
Trd, 259028.800, 105
Trd, 259029.050, 99
Trd, 259029.367, 100
Trd, 259029.800, 140
Trd, 259029.817, 139
Trd, 259030.567, 140
Trd, 259031.133, 140
Trd, 259031.217, 137
Trd, 259031.400, 128
Trd, 259031.683, 131
Trd, 259032.250, 127
Trd, 259032.350, 122
Trd, 259032.600, 121
Trd, 259032.667, 123
Trd, 259032.733, 110
Trd, 259032.783, 106
Trd, 259032.867, 102
Trd, 259033.400, 131
Trd, 259033.600, 134
Trd, 259033.900, 123
Trd, 259034.083, 122
Trd, 259034.117, 112
Trd, 259034.167, 129
Trd, 259034.233, 130
Trd, 259034.533, 111
Trd, 259034.650, 119
Trd, 259034.750, 107
Trd, 259034.767, 106
Trd, 259034.800, 136
Trd, 259034.900, 118
Trd, 259035.050, 105
Trd, 259035.233, 107
Trd, 259036.183, 131
Trd, 259036.600, 132
Trd, 259036.617, 133
Trd, 259036.750, 131
Trd, 259036.950, 130
Trd, 259036.983, 120
Trd, 259037.533, 114
Trd, 259037.900, 139
Trd, 259038.017, 119
Trd, 259038.200, 140
Trd, 259038.367, 140
Trd, 259038.733, 140
Trd, 259039.200, 140
Trd, 259039.483, 140
Trd, 259039.700, 139
Trd, 259040.100, 133
Trd, 259040.217, 132
Trd, 259040.233, 131
Trd, 259040.250, 125
Trd, 259040.350, 121
Trd, 259040.433, 136
Trd, 259040.883, 121
Trd, 259041.267, 112
Trd, 259041.317, 110
Trd, 259041.450, 110
Trd, 259041.800, 118
Trd, 259041.933, 97
Trd, 259041.950, 90
Trd, 259042.250, 120
Trd, 259042.450, 89
Trd, 259042.467, 131
Trd, 259042.483, 83
Trd, 259042.617, 134
Trd, 259042.750, 136
Trd, 259043.833, 126
Trd, 259044.283, 140
Trd, 259044.333, 140
Trd, 259044.467, 140
Trd, 259044.850, 140
Trd, 259045.383, 135
Trd, 259045.467, 134
Trd, 259045.617, 133
Trd, 259045.650, 128
Trd, 259045.750, 126
Trd, 259045.800, 125
Trd, 259046.067, 124
Trd, 259046.300, 129
Trd, 259046.367, 118
Trd, 259046.650, 119
Trd, 259046.867, 118
Trd, 259047.033, 136
Trd, 259047.633, 113
Trd, 259048.217, 118
Trd, 259048.283, 131
Trd, 259049.000, 118
Trd, 259049.050, 127
Trd, 259049.483, 131
Trd, 259049.617, 119
Trd, 259049.750, 131
Trd, 259049.967, 120
Trd, 259050.083, 119
Trd, 259050.233, 130
Trd, 259050.467, 136
Trd, 259050.500, 127
Trd, 259050.700, 120
Trd, 259051.533, 129
Trd, 259051.783, 127
Trd, 259051.967, 140
Trd, 259052.100, 138
Trd, 259052.117, 133
Trd, 259052.617, 126
Trd, 259053.450, 131
Trd, 259053.550, 129
Trd, 259054.383, 129
Trd, 259054.467, 128
Trd, 259054.583, 135
Trd, 259054.750, 134
Trd, 259054.850, 132
Trd, 259054.983, 120
Trd, 259055.067, 133
Trd, 259055.083, 118
Trd, 259055.250, 116
Trd, 259055.567, 116
Trd, 259055.750, 117
Trd, 259055.900, 115
Trd, 259056.150, 115
Trd, 259056.933, 132
Trd, 259057.100, 127
Trd, 259057.200, 134
Trd, 259057.250, 119
Trd, 259057.300, 119
Trd, 259058.000, 117
Trd, 259058.200, 112
Trd, 259058.267, 111
Trd, 259058.567, 111
Trd, 259058.667, 140
Trd, 259059.267, 139
Trd, 259059.783, 137
Trd, 259059.867, 119
Trd, 259060.083, 138
Trd, 259060.350, 138
Trd, 259060.467, 119
Trd, 259060.850, 133
Trd, 259060.883, 115
Trd, 259060.900, 110
Trd, 259061.167, 102
Trd, 259061.350, 124
Trd, 259061.450, 100
Trd, 259061.550, 99
Trd, 259061.750, 105
Trd, 259061.967, 139
Trd, 259062.067, 138
Trd, 259062.600, 104
Trd, 259062.750, 116
Trd, 259063.050, 116
Trd, 259063.067, 117
Trd, 259063.250, 140
Trd, 259063.617, 140
Trd, 259063.650, 140
Trd, 259064.167, 139
Trd, 259064.200, 137
Trd, 259064.733, 140
Trd, 259065.200, 134
Trd, 259065.500, 130
Trd, 259065.533, 127
Trd, 259065.667, 126
Trd, 259065.683, 118
Trd, 259065.750, 118
Trd, 259066.017, 116
Trd, 259066.083, 113
Trd, 259066.133, 108
Trd, 259066.167, 132
Trd, 259066.417, 96
Trd, 259066.450, 93
Trd, 259066.683, 125
Trd, 259066.833, 131
Trd, 259067.983, 98
Trd, 259068.567, 100
Trd, 259068.583, 108
Trd, 259068.633, 109
Trd, 259068.650, 98
Trd, 259068.667, 97
Trd, 259068.850, 107
Trd, 259068.900, 96
Trd, 259069.283, 118
Trd, 259069.500, 136
Trd, 259069.617, 127
Trd, 259069.800, 135
Trd, 259070.367, 119
Trd, 259070.417, 115
Trd, 259070.517, 139
Trd, 259070.733, 139
Trd, 259070.800, 138
Trd, 259070.833, 122
Trd, 259071.217, 137
Trd, 259071.900, 135
Trd, 259072.050, 134
Trd, 259072.183, 136
Trd, 259072.250, 133
Trd, 259072.517, 124
Trd, 259072.667, 120
Trd, 259072.783, 114
Trd, 259072.883, 136
Trd, 259073.167, 140
Trd, 259074.017, 138
Trd, 259074.250, 140
Trd, 259074.283, 138
Trd, 259074.450, 136
Trd, 259074.600, 135
Trd, 259074.650, 134
Trd, 259075.433, 135
Trd, 259075.467, 137
Trd, 259075.600, 125
Trd, 259075.983, 118
Trd, 259076.033, 117
Trd, 259076.100, 111
Trd, 259076.533, 120
Trd, 259076.650, 111
Trd, 259077.183, 109
Trd, 259077.250, 108
Trd, 259077.267, 107
Trd, 259077.400, 101
Trd, 259077.667, 134
Trd, 259077.767, 139
Trd, 259078.133, 129
Trd, 259078.500, 107
Trd, 259079.433, 113
Trd, 259079.867, 107
Trd, 259079.883, 134
Trd, 259079.983, 121
Trd, 259080.433, 114
Trd, 259080.633, 102
Trd, 259081.383, 112
Trd, 259081.417, 134
Trd, 259081.800, 116
Trd, 259081.983, 116
Trd, 259082.000, 115
Trd, 259082.217, 129
Trd, 259082.483, 125
Trd, 259082.883, 105
Trd, 259082.983, 104
Trd, 259083.267, 126
Trd, 259083.317, 123
Trd, 259083.567, 118
Trd, 259083.967, 137
Trd, 259084.333, 138
Trd, 259084.467, 136
Trd, 259084.633, 131
Trd, 259084.867, 131
Trd, 259085.133, 140
Trd, 259085.317, 139
Trd, 259085.550, 124
Trd, 259085.633, 108
Trd, 259086.517, 139
Trd, 259086.617, 132
Trd, 259087.033, 115
Trd, 259087.833, 139
Trd, 259088.250, 127
Trd, 259088.283, 125
Trd, 259088.633, 139
Trd, 259089.150, 132
Trd, 259089.333, 131
Trd, 259089.767, 134
Trd, 259089.817, 131
Trd, 259089.917, 126
Trd, 259090.200, 127
Trd, 259090.317, 127
Trd, 259090.550, 125
Trd, 259090.800, 127
Trd, 259090.883, 120
Trd, 259091.150, 128
Trd, 259091.317, 114
Trd, 259091.600, 112
Trd, 259091.683, 113
Trd, 259092.000, 133
Trd, 259092.050, 112
Trd, 259092.833, 124
Trd, 259092.917, 114
Trd, 259092.967, 111
Trd, 259093.033, 110
Trd, 259093.717, 118
Trd, 259093.767, 116
Trd, 259093.967, 105
Trd, 259094.133, 100
Trd, 259094.583, 126
Trd, 259094.967, 124
Trd, 259094.983, 103
Trd, 259095.050, 98
Trd, 259095.083, 94
Trd, 259095.117, 125
Trd, 259095.283, 99
Trd, 259095.450, 69
Trd, 259095.650, 110
Trd, 259095.733, 111
Trd, 259095.767, 84
Trd, 259095.817, 126
Trd, 259096.217, 81
Trd, 259096.233, 133
Trd, 259096.633, 120
Trd, 259097.100, 82
Trd, 259097.483, 80
Trd, 259097.800, 103
Trd, 259097.817, 102
Trd, 259098.250, 69
Trd, 259098.300, 71
Trd, 259098.467, 87
Trd, 259098.583, 88
Trd, 259098.633, 60
Trd, 259098.650, 130
Trd, 259099.000, 109
Trd, 259099.167, 134
Trd, 259099.233, 122
Trd, 259099.283, 124
Trd, 259099.600, 124
Trd, 259099.717, 110
Trd, 259099.867, 102
Trd, 259099.983, 132
Trd, 259100.300, 119
Trd, 259100.583, 118
Trd, 259101.450, 129
Trd, 259101.683, 118
Trd, 259101.700, 114
Trd, 259101.800, 96
Trd, 259101.967, 106
Trd, 259102.350, 83
Trd, 259102.700, 105
Trd, 259102.900, 92
Trd, 259102.967, 87
Trd, 259102.983, 86
Trd, 259103.067, 101
Trd, 259103.667, 140
Trd, 259103.683, 140
Trd, 259103.733, 140
Trd, 259104.167, 140
Trd, 259104.367, 140
Trd, 259104.983, 121
Trd, 259105.067, 128
Trd, 259105.583, 139
Trd, 259105.800, 136
Trd, 259106.200, 135
Trd, 259106.233, 135
Trd, 259106.583, 138
Trd, 259107.217, 140
Trd, 259107.450, 134
Trd, 259107.500, 128
Trd, 259108.017, 139
Trd, 259108.317, 139
Trd, 259108.633, 137
Trd, 259108.733, 136
Trd, 259108.750, 130
Trd, 259108.950, 124
Trd, 259108.967, 122
Trd, 259109.183, 117
Trd, 259109.283, 116
Trd, 259109.333, 113
Trd, 259110.083, 133
Trd, 259110.217, 137
Trd, 259110.350, 118
Trd, 259110.533, 102
Trd, 259110.650, 138
Trd, 259110.833, 126
Trd, 259111.067, 123
Trd, 259111.133, 116
Trd, 259111.583, 127
Trd, 259111.800, 131
Trd, 259111.967, 121
Trd, 259112.083, 110
Trd, 259112.117, 132
Trd, 259112.583, 127
Trd, 259112.733, 125
Trd, 259112.750, 129
Trd, 259113.050, 112
Trd, 259113.450, 100
Trd, 259113.800, 112
Trd, 259113.967, 131
Trd, 259114.067, 94
Trd, 259114.583, 137
Trd, 259115.283, 126
Trd, 259115.367, 125
Trd, 259115.400, 114
Trd, 259115.567, 137
Trd, 259115.917, 126
Trd, 259116.167, 122
Trd, 259116.300, 118
Trd, 259116.417, 134
Trd, 259116.633, 138
Trd, 259116.967, 130
Trd, 259117.550, 138
Trd, 259117.833, 132
Trd, 259117.867, 131
Trd, 259118.200, 139
Trd, 259118.367, 126
Trd, 259118.850, 127
Trd, 259118.883, 126
Trd, 259119.133, 140
Trd, 259119.283, 140
Trd, 259119.333, 131
Trd, 259119.450, 126
Trd, 259119.600, 134
Trd, 259119.783, 140
Trd, 259119.900, 139
Trd, 259120.117, 126
Trd, 259120.317, 122
Trd, 259120.483, 119
Trd, 259120.617, 113
Trd, 259120.800, 110
Trd, 259121.033, 136
Trd, 259121.500, 105
Trd, 259122.283, 115
Trd, 259122.500, 93
Trd, 259122.650, 134
Trd, 259122.767, 137
Trd, 259122.817, 121
Trd, 259123.917, 140
Trd, 259124.083, 140
Trd, 259124.317, 138
Trd, 259124.400, 131
Trd, 259124.517, 131
Trd, 259124.617, 131
Trd, 259125.183, 135
Trd, 259125.467, 135
Trd, 259125.650, 123
Trd, 259125.750, 122
Trd, 259126.000, 118
Trd, 259126.100, 130
Trd, 259126.267, 132
Trd, 259126.767, 108
Trd, 259126.983, 94
Trd, 259127.167, 123
Trd, 259127.217, 93
Trd, 259127.483, 125
Trd, 259127.533, 89
Trd, 259127.567, 88
Trd, 259127.667, 119
Trd, 259127.767, 88
Trd, 259128.050, 81
Trd, 259128.550, 119
Trd, 259128.833, 120
Trd, 259128.883, 136
Trd, 259129.367, 139
Trd, 259129.483, 124
Trd, 259129.517, 108
Trd, 259129.750, 139
Trd, 259130.033, 140
Trd, 259130.333, 133
Trd, 259130.600, 133
Trd, 259130.983, 136
Trd, 259131.050, 135
Trd, 259131.183, 136
Trd, 259131.200, 135
Trd, 259131.383, 133
Trd, 259131.817, 135
Trd, 259132.467, 122
Trd, 259133.150, 126
Trd, 259133.283, 125
Trd, 259133.600, 130
Trd, 259133.817, 123
Trd, 259133.983, 121
Trd, 259134.000, 121
Trd, 259134.100, 131
Trd, 259134.167, 117
Trd, 259134.733, 114
Trd, 259134.750, 131
Trd, 259134.933, 132
Trd, 259135.567, 123
Trd, 259135.583, 114
Trd, 259135.917, 125
Trd, 259136.000, 120
Trd, 259136.167, 119
Trd, 259136.317, 118
Trd, 259136.417, 122
Trd, 259136.450, 110
Trd, 259137.267, 133
Trd, 259137.667, 130
Trd, 259137.750, 140
Trd, 259137.950, 129
Trd, 259138.050, 119
Trd, 259138.400, 140
Trd, 259138.750, 140
Trd, 259138.800, 140
Trd, 259138.967, 140
Trd, 259139.067, 132
Trd, 259139.200, 133
Trd, 259139.267, 131
Trd, 259139.283, 121
Trd, 259139.400, 107
Trd, 259139.767, 107
Trd, 259139.900, 110
Trd, 259140.650, 116
Trd, 259140.833, 110
Trd, 259140.850, 108
Trd, 259141.667, 114
Trd, 259141.783, 113
Trd, 259142.000, 106
Trd, 259142.017, 115
Trd, 259142.217, 116
Trd, 259142.317, 124
Trd, 259142.333, 103
Trd, 259142.350, 99
Trd, 259142.833, 120
Trd, 259143.050, 93
Trd, 259143.117, 90
Trd, 259143.900, 75
Trd, 259144.433, 75
Trd, 259144.483, 74
Trd, 259144.567, 76
Trd, 259144.600, 73
Trd, 259144.617, 77
Trd, 259144.667, 71
Trd, 259144.867, 88
Trd, 259145.150, 97
Trd, 259145.300, 95
Trd, 259145.383, 74
Trd, 259145.667, 61
Trd, 259145.917, 110
Trd, 259146.150, 71
Trd, 259146.400, 66
Trd, 259146.617, 71
Trd, 259146.917, 68
Trd, 259147.067, 72
Trd, 259147.650, 70
Trd, 259147.767, 71
Trd, 259147.817, 70
Trd, 259147.833, 68
Trd, 259148.150, 65
Trd, 259148.300, 81
Trd, 259148.500, 137
Trd, 259148.517, 73
Trd, 259148.933, 77
Trd, 259149.317, 93
Trd, 259149.350, 125
Trd, 259150.700, 139
Trd, 259150.817, 137
Trd, 259150.917, 131
Trd, 259151.333, 140
Trd, 259151.567, 140
Trd, 259151.600, 136
Trd, 259151.867, 123
Trd, 259152.317, 138
Trd, 259152.767, 140
Trd, 259153.233, 140
Trd, 259153.317, 140
Trd, 259153.400, 132
Trd, 259153.650, 134
Trd, 259153.733, 132
Trd, 259153.983, 127
Trd, 259154.017, 123
Trd, 259154.117, 129
Trd, 259154.317, 130
Trd, 259154.433, 125
Trd, 259154.650, 121
Trd, 259154.783, 120
Trd, 259154.867, 108
Trd, 259154.917, 108
Trd, 259155.533, 113
Trd, 259156.200, 113
Trd, 259156.600, 113
Trd, 259156.950, 93
Trd, 259157.000, 88
Trd, 259157.450, 114
Trd, 259157.733, 115
Trd, 259157.867, 119
Trd, 259157.883, 119
Trd, 259158.367, 93
Trd, 259158.450, 103
Trd, 259158.967, 91
Trd, 259159.083, 99
Trd, 259159.167, 89
Trd, 259159.400, 92
Trd, 259159.667, 134
Trd, 259159.717, 121
Trd, 259159.900, 100
Trd, 259160.100, 128
Trd, 259160.300, 125
Trd, 259160.433, 95
Trd, 259161.017, 136
Trd, 259161.067, 135
Trd, 259161.333, 119
Trd, 259161.417, 105
Trd, 259161.567, 108
Trd, 259161.650, 100
Trd, 259161.900, 133
Trd, 259161.933, 98
Trd, 259162.300, 107
Trd, 259162.433, 104
Trd, 259163.150, 132
Trd, 259163.483, 91
Trd, 259163.683, 115
Trd, 259164.667, 128
Trd, 259164.733, 128
Trd, 259164.833, 120
Trd, 259164.917, 120
Trd, 259164.933, 113
Trd, 259165.100, 112
Trd, 259165.317, 140
Trd, 259165.367, 107
Trd, 259165.417, 103
Trd, 259165.700, 140
Trd, 259165.767, 139
Trd, 259166.300, 140
Trd, 259166.417, 138
Trd, 259166.500, 130
Trd, 259166.517, 140
Trd, 259166.700, 113
Trd, 259166.883, 124
Trd, 259167.033, 112
Trd, 259167.050, 111
Trd, 259167.450, 118
Trd, 259167.683, 117
Trd, 259168.833, 132
Trd, 259169.167, 133
Trd, 259169.350, 124
Trd, 259169.500, 122
Trd, 259169.550, 121
Trd, 259169.667, 118
Trd, 259170.100, 126
Trd, 259170.233, 115
Trd, 259170.267, 105
Trd, 259170.500, 115
Trd, 259170.633, 111
Trd, 259170.750, 123
Trd, 259170.783, 108
Trd, 259170.817, 105
Trd, 259170.917, 135
Trd, 259171.067, 103
Trd, 259171.467, 136
Trd, 259171.750, 139
Trd, 259171.817, 106
Trd, 259171.833, 104
Trd, 259172.383, 103
Trd, 259172.983, 132
Trd, 259173.183, 125
Trd, 259173.200, 114
Trd, 259173.433, 99
Trd, 259173.467, 98
Trd, 259173.783, 104
Trd, 259173.933, 100
Trd, 259174.467, 131
Trd, 259174.600, 102
Trd, 259174.717, 101
Trd, 259175.133, 131
Trd, 259175.433, 123
Trd, 259175.850, 110
Trd, 259175.950, 113
Trd, 259176.017, 109
Trd, 259176.117, 122
Trd, 259176.217, 123
Trd, 259176.400, 111
Trd, 259176.467, 110
Trd, 259176.767, 119
Trd, 259176.783, 106
Trd, 259176.850, 105
Trd, 259177.217, 100
Trd, 259177.233, 119
Trd, 259177.767, 99
Trd, 259177.917, 119
Trd, 259178.017, 120
Trd, 259178.333, 100
Trd, 259178.400, 98
Trd, 259178.850, 97
Trd, 259179.350, 105
Trd, 259179.917, 131
Trd, 259180.150, 118
Trd, 259180.283, 113
Trd, 259180.417, 108
Trd, 259180.817, 117
Trd, 259180.850, 107
Trd, 259180.917, 104
Trd, 259181.133, 136
Trd, 259181.167, 122
Trd, 259181.317, 108
Trd, 259181.833, 129
Trd, 259182.200, 100
Trd, 259182.433, 137
Trd, 259182.650, 108
Trd, 259183.383, 112
Trd, 259183.500, 123
Trd, 259183.533, 107
Trd, 259183.933, 115
Trd, 259184.100, 102
Trd, 259184.533, 116
Trd, 259184.800, 119
Trd, 259184.933, 107
Trd, 259185.033, 103
Trd, 259185.383, 125
Trd, 259185.883, 118
Trd, 259186.033, 98
Trd, 259186.133, 119
Trd, 259186.233, 88
Trd, 259186.450, 79
Trd, 259186.567, 121
Trd, 259186.850, 120
Trd, 259187.317, 135
Trd, 259187.400, 139
Trd, 259187.733, 134
Trd, 259187.983, 138
Trd, 259188.050, 122
Trd, 259188.067, 115
Trd, 259188.167, 130
Trd, 259188.850, 114
Trd, 259188.917, 113
Trd, 259189.317, 136
Trd, 259189.450, 135
Trd, 259190.533, 122
Trd, 259190.567, 116
Trd, 259190.917, 140
Trd, 259191.333, 135
Trd, 259191.467, 112
Trd, 259191.683, 140
Trd, 259191.733, 122
Trd, 259191.800, 111
Trd, 259191.817, 101
Trd, 259191.850, 95
Trd, 259192.367, 91
Trd, 259192.567, 91
Trd, 259192.633, 92
Trd, 259192.867, 89
Trd, 259193.467, 90
Trd, 259193.517, 82
Trd, 259193.783, 90
Trd, 259194.383, 85
Trd, 259194.450, 84
Trd, 259194.600, 91
Trd, 259194.800, 108
Trd, 259194.850, 83
Trd, 259195.000, 75
Trd, 259195.183, 111
Trd, 259195.433, 136
Trd, 259195.883, 135
Trd, 259195.917, 136
Trd, 259196.100, 123
Trd, 259196.400, 140
Trd, 259196.433, 140
Trd, 259196.600, 140
Trd, 259197.033, 140
Trd, 259197.100, 140
Trd, 259197.450, 140
Trd, 259197.583, 139
Trd, 259198.050, 136
Trd, 259198.483, 128
Trd, 259198.783, 138
