Trd, 258574.800, 115
Trd, 258575.233, 134
Trd, 258575.400, 134
Trd, 258575.650, 133
Trd, 258575.667, 116
Trd, 258575.967, 121
Trd, 258576.450, 140
Trd, 258576.817, 115
Trd, 258577.217, 138
Trd, 258577.233, 136
Trd, 258577.500, 136
Trd, 258577.783, 137
Trd, 258577.867, 136
Trd, 258577.883, 135
Trd, 258578.200, 114
Trd, 258578.250, 113
Trd, 258578.350, 112
Trd, 258578.517, 135
Trd, 258578.567, 112
Trd, 258579.117, 128
Trd, 258579.433, 128
Trd, 258579.633, 129
Trd, 258580.083, 117
Trd, 258580.133, 116
Trd, 258580.267, 90
Trd, 258580.467, 88
Trd, 258580.600, 108
Trd, 258580.667, 63
Trd, 258581.283, 81
Trd, 258581.383, 82
Trd, 258581.450, 91
Trd, 258581.767, 112
Trd, 258581.900, 112
Trd, 258582.100, 111
Trd, 258582.417, 124
Trd, 258582.867, 128
Trd, 258583.100, 129
Trd, 258583.167, 128
Trd, 258583.350, 133
Trd, 258583.667, 133
Trd, 258583.850, 123
Trd, 258584.083, 135
Trd, 258584.100, 119
Trd, 258584.117, 93
Trd, 258584.333, 91
Trd, 258584.867, 116
Trd, 258584.883, 87
Trd, 258585.033, 140
Trd, 258585.550, 121
Trd, 258585.650, 111
Trd, 258586.350, 115
Trd, 258586.800, 130
Trd, 258586.833, 120
Trd, 258587.567, 124
Trd, 258587.733, 125
Trd, 258588.233, 131
Trd, 258588.317, 132
Trd, 258588.533, 132
Trd, 258588.583, 131
Trd, 258589.033, 131
Trd, 258589.250, 133
Trd, 258589.317, 132
Trd, 258589.667, 126
Trd, 258590.133, 126
Trd, 258590.767, 133
Trd, 258590.983, 135
Trd, 258591.433, 138
Trd, 258591.550, 138
Trd, 258591.667, 135
Trd, 258592.250, 140
Trd, 258592.400, 140
Trd, 258592.683, 139
Trd, 258592.750, 133
Trd, 258592.800, 130
Trd, 258592.983, 114
Trd, 258593.300, 113
Trd, 258593.533, 110
Trd, 258593.983, 110
Trd, 258594.017, 103
Trd, 258594.167, 76
Trd, 258594.267, 75
Trd, 258594.283, 71
Trd, 258594.450, 69
Trd, 258594.550, 95
Trd, 258594.667, 119
Trd, 258595.050, 87
Trd, 258595.167, 103
Trd, 258595.300, 99
Trd, 258595.350, 98
Trd, 258595.783, 110
Trd, 258595.983, 98
Trd, 258596.017, 97
Trd, 258596.117, 117
Trd, 258596.133, 119
Trd, 258597.517, 140
Trd, 258597.533, 140
Trd, 258598.217, 140
Trd, 258598.250, 140
Trd, 258598.750, 140
Trd, 258599.050, 140
Trd, 258599.167, 140
Trd, 258599.217, 140
Trd, 258599.250, 140
Trd, 258599.267, 140
Trd, 258600.450, 140
Trd, 258600.517, 140
Trd, 258600.800, 140
Trd, 258601.050, 140
Trd, 258601.083, 140
Trd, 258601.167, 140
Trd, 258601.317, 140
Trd, 258601.600, 140
Trd, 258602.317, 140
Trd, 258602.450, 140
Trd, 258602.467, 140
Trd, 258602.483, 140
Trd, 258603.550, 140
Trd, 258603.567, 140
Trd, 258603.600, 117
Trd, 258603.717, 112
Trd, 258604.233, 125
Trd, 258604.417, 108
Trd, 258604.467, 100
Trd, 258604.700, 134
Trd, 258605.050, 127
Trd, 258605.367, 126
Trd, 258605.700, 126
Trd, 258605.750, 126
Trd, 258605.867, 125
Trd, 258606.033, 130
Trd, 258606.050, 122
Trd, 258606.233, 119
Trd, 258606.383, 132
Trd, 258607.300, 128
Trd, 258607.567, 128
Trd, 258607.833, 130
Trd, 258607.867, 128
Trd, 258607.983, 131
Trd, 258608.067, 129
Trd, 258608.150, 129
Trd, 258609.217, 140
Trd, 258609.500, 140
Trd, 258609.617, 140
Trd, 258610.000, 139
Trd, 258610.067, 136
Trd, 258610.400, 132
Trd, 258610.700, 134
Trd, 258610.750, 133
Trd, 258610.783, 130
Trd, 258610.833, 128
Trd, 258611.200, 135
Trd, 258611.350, 129
Trd, 258611.750, 128
Trd, 258611.817, 114
Trd, 258612.000, 110
Trd, 258612.483, 109
Trd, 258612.650, 109
Trd, 258613.533, 122
Trd, 258613.617, 119
Trd, 258613.633, 113
Trd, 258613.733, 109
Trd, 258614.267, 109
Trd, 258614.283, 108
Trd, 258614.533, 117
Trd, 258614.917, 118
Trd, 258615.133, 128
Trd, 258615.333, 126
Trd, 258615.400, 118
Trd, 258615.717, 136
Trd, 258615.750, 134
Trd, 258616.333, 134
Trd, 258616.467, 135
Trd, 258616.550, 134
Trd, 258616.583, 133
Trd, 258617.067, 135
Trd, 258617.300, 134
Trd, 258617.467, 135
Trd, 258617.817, 135
Trd, 258618.050, 135
Trd, 258618.550, 140
Trd, 258619.017, 140
Trd, 258619.267, 140
Trd, 258619.367, 140
Trd, 258619.417, 140
Trd, 258619.517, 133
Trd, 258619.883, 125
Trd, 258619.950, 129
Trd, 258620.183, 120
Trd, 258620.917, 124
Trd, 258621.033, 123
Trd, 258621.267, 124
Trd, 258622.083, 137
Trd, 258622.500, 139
Trd, 258622.517, 138
Trd, 258622.817, 140
Trd, 258622.850, 140
Trd, 258623.267, 140
Trd, 258623.400, 140
Trd, 258623.433, 140
Trd, 258623.717, 140
Trd, 258623.850, 139
Trd, 258624.167, 117
Trd, 258624.300, 112
Trd, 258624.533, 116
Trd, 258624.550, 115
Trd, 258625.000, 120
Trd, 258626.067, 124
Trd, 258626.267, 125
Trd, 258626.383, 124
Trd, 258626.800, 123
Trd, 258626.833, 122
Trd, 258627.367, 107
Trd, 258627.583, 107
Trd, 258627.833, 107
Trd, 258627.883, 107
Trd, 258627.967, 106
Trd, 258628.283, 99
Trd, 258628.467, 129
Trd, 258628.483, 116
Trd, 258629.000, 128
Trd, 258629.500, 136
Trd, 258629.733, 137
Trd, 258629.933, 135
Trd, 258630.250, 128
Trd, 258630.500, 110
Trd, 258631.167, 123
Trd, 258631.333, 117
Trd, 258631.350, 115
Trd, 258632.067, 128
Trd, 258632.417, 134
Trd, 258632.433, 133
Trd, 258632.483, 136
Trd, 258632.683, 136
Trd, 258632.900, 137
Trd, 258633.267, 138
Trd, 258633.317, 137
Trd, 258633.417, 137
Trd, 258633.633, 137
Trd, 258633.683, 136
Trd, 258633.717, 136
Trd, 258633.733, 135
Trd, 258633.767, 128
Trd, 258633.983, 123
Trd, 258634.050, 117
Trd, 258634.117, 102
Trd, 258634.517, 130
Trd, 258634.617, 120
Trd, 258634.933, 93
Trd, 258635.150, 117
Trd, 258635.333, 95
Trd, 258635.483, 93
Trd, 258635.967, 120
Trd, 258636.367, 119
Trd, 258637.050, 140
Trd, 258637.233, 140
Trd, 258637.300, 140
Trd, 258637.533, 140
Trd, 258637.817, 119
Trd, 258637.967, 118
Trd, 258638.150, 117
Trd, 258638.167, 116
Trd, 258638.467, 138
Trd, 258639.083, 140
Trd, 258639.233, 140
Trd, 258639.400, 135
Trd, 258639.967, 117
Trd, 258640.000, 101
Trd, 258640.817, 97
Trd, 258641.250, 99
Trd, 258641.283, 98
Trd, 258641.333, 100
Trd, 258641.883, 133
Trd, 258642.600, 138
Trd, 258642.633, 137
Trd, 258642.817, 138
Trd, 258642.850, 137
Trd, 258642.983, 139
Trd, 258643.000, 137
Trd, 258643.233, 115
Trd, 258643.250, 113
Trd, 258643.650, 137
Trd, 258643.733, 136
Trd, 258643.783, 135
Trd, 258643.900, 122
Trd, 258644.667, 131
Trd, 258644.783, 108
Trd, 258644.867, 104
Trd, 258644.933, 127
Trd, 258645.033, 103
Trd, 258645.200, 123
Trd, 258645.300, 102
Trd, 258645.417, 101
Trd, 258645.617, 109
Trd, 258646.233, 129
Trd, 258646.617, 111
Trd, 258647.050, 110
Trd, 258647.300, 112
Trd, 258647.533, 113
Trd, 258647.717, 111
Trd, 258647.783, 111
Trd, 258648.083, 111
Trd, 258648.117, 110
Trd, 258648.267, 107
Trd, 258648.683, 122
Trd, 258648.850, 107
Trd, 258648.967, 98
Trd, 258649.217, 92
Trd, 258649.467, 91
Trd, 258649.800, 99
Trd, 258650.083, 132
Trd, 258650.417, 92
Trd, 258650.533, 91
Trd, 258650.767, 97
Trd, 258651.200, 99
Trd, 258651.217, 98
Trd, 258651.367, 98
Trd, 258651.567, 110
Trd, 258651.817, 112
Trd, 258652.050, 112
Trd, 258652.267, 112
Trd, 258652.383, 112
Trd, 258652.717, 111
Trd, 258652.767, 110
Trd, 258652.850, 110
Trd, 258653.283, 114
Trd, 258653.350, 130
Trd, 258653.567, 129
Trd, 258653.617, 129
Trd, 258654.083, 131
Trd, 258654.583, 137
Trd, 258654.600, 136
Trd, 258654.683, 135
Trd, 258654.883, 134
Trd, 258654.917, 133
Trd, 258655.150, 126
Trd, 258655.733, 140
Trd, 258656.033, 140
Trd, 258656.217, 140
Trd, 258656.617, 140
Trd, 258656.717, 139
Trd, 258656.850, 136
Trd, 258657.200, 107
Trd, 258657.367, 97
Trd, 258657.383, 93
Trd, 258657.700, 97
Trd, 258657.750, 88
Trd, 258657.883, 114
Trd, 258657.900, 115
Trd, 258658.017, 117
Trd, 258658.183, 78
Trd, 258658.200, 78
Trd, 258658.900, 140
Trd, 258659.017, 140
Trd, 258659.550, 140
Trd, 258659.567, 140
Trd, 258659.650, 140
Trd, 258660.083, 140
Trd, 258660.233, 139
Trd, 258660.433, 139
Trd, 258660.533, 136
Trd, 258660.550, 135
Trd, 258660.700, 125
Trd, 258660.867, 105
Trd, 258660.967, 88
Trd, 258661.233, 125
Trd, 258661.967, 127
Trd, 258662.100, 125
Trd, 258662.133, 119
Trd, 258662.433, 126
Trd, 258662.967, 130
Trd, 258663.483, 135
Trd, 258663.500, 134
Trd, 258663.517, 131
Trd, 258664.150, 129
Trd, 258664.467, 129
Trd, 258664.550, 128
Trd, 258664.700, 126
Trd, 258664.867, 120
Trd, 258664.933, 118
Trd, 258665.167, 133
Trd, 258665.183, 106
Trd, 258665.350, 107
Trd, 258665.817, 139
Trd, 258666.417, 139
Trd, 258666.633, 121
Trd, 258666.917, 121
Trd, 258667.133, 121
Trd, 258667.567, 138
Trd, 258667.917, 124
Trd, 258667.950, 123
Trd, 258667.967, 122
Trd, 258668.117, 119
Trd, 258668.267, 118
Trd, 258669.083, 124
Trd, 258669.100, 123
Trd, 258669.283, 117
Trd, 258669.833, 140
Trd, 258669.950, 134
Trd, 258670.133, 134
Trd, 258670.233, 133
Trd, 258670.967, 125
Trd, 258671.033, 124
Trd, 258671.767, 123
Trd, 258671.883, 120
Trd, 258672.350, 122
Trd, 258672.450, 123
Trd, 258672.650, 122
Trd, 258673.017, 140
Trd, 258673.517, 140
Trd, 258673.983, 140
Trd, 258674.150, 140
Trd, 258674.167, 140
Trd, 258674.250, 134
Trd, 258674.583, 126
Trd, 258674.633, 111
Trd, 258674.700, 105
Trd, 258674.933, 139
Trd, 258674.967, 133
Trd, 258675.050, 129
Trd, 258675.183, 122
Trd, 258675.600, 123
Trd, 258675.667, 122
Trd, 258676.100, 139
Trd, 258676.133, 116
Trd, 258676.200, 139
Trd, 258677.267, 121
Trd, 258677.333, 118
Trd, 258677.983, 130
Trd, 258678.083, 129
Trd, 258678.117, 119
Trd, 258678.200, 120
Trd, 258678.350, 118
Trd, 258678.367, 109
Trd, 258678.633, 109
Trd, 258678.683, 108
Trd, 258678.800, 108
Trd, 258678.833, 119
Trd, 258678.867, 95
Trd, 258679.283, 121
Trd, 258680.467, 136
Trd, 258680.583, 125
Trd, 258680.633, 122
Trd, 258680.750, 139
Trd, 258681.117, 123
Trd, 258681.567, 123
Trd, 258682.000, 128
Trd, 258682.033, 127
Trd, 258682.200, 123
Trd, 258682.233, 122
Trd, 258682.717, 129
Trd, 258683.000, 123
Trd, 258683.350, 122
Trd, 258683.783, 109
Trd, 258683.850, 102
Trd, 258684.217, 123
Trd, 258685.133, 124
Trd, 258685.350, 116
Trd, 258686.133, 122
Trd, 258686.567, 124
Trd, 258686.917, 134
Trd, 258687.000, 135
Trd, 258687.167, 137
Trd, 258687.283, 136
Trd, 258687.633, 138
Trd, 258687.650, 137
Trd, 258687.983, 125
Trd, 258688.833, 139
Trd, 258688.883, 138
Trd, 258689.017, 123
Trd, 258689.600, 127
Trd, 258689.700, 126
Trd, 258690.033, 134
Trd, 258690.383, 124
Trd, 258690.667, 123
Trd, 258690.700, 117
Trd, 258690.800, 111
Trd, 258690.850, 111
Trd, 258691.450, 107
Trd, 258691.567, 105
Trd, 258691.683, 117
Trd, 258691.733, 133
Trd, 258692.150, 134
Trd, 258692.200, 119
Trd, 258692.783, 112
Trd, 258693.017, 129
Trd, 258693.750, 118
Trd, 258694.033, 119
Trd, 258694.333, 120
Trd, 258694.667, 122
Trd, 258694.983, 122
Trd, 258695.150, 122
Trd, 258695.200, 125
Trd, 258696.050, 131
Trd, 258696.500, 140
Trd, 258696.517, 139
Trd, 258696.600, 131
Trd, 258696.933, 129
Trd, 258697.133, 123
Trd, 258697.950, 126
Trd, 258698.050, 126
Trd, 258698.167, 125
Trd, 258698.183, 122
Trd, 258698.417, 108
Trd, 258698.583, 108
Trd, 258698.750, 108
Trd, 258698.767, 109
Trd, 258698.850, 107
Trd, 258698.933, 105
Trd, 258699.533, 109
Trd, 258700.217, 112
Trd, 258700.350, 107
Trd, 258700.383, 106
Trd, 258700.733, 140
Trd, 258700.783, 140
Trd, 258700.817, 140
Trd, 258700.883, 136
Trd, 258701.433, 110
Trd, 258701.533, 110
Trd, 258701.750, 110
Trd, 258701.917, 109
Trd, 258702.200, 127
Trd, 258702.217, 126
Trd, 258702.317, 120
Trd, 258702.767, 109
Trd, 258702.800, 108
Trd, 258703.217, 109
Trd, 258703.983, 105
Trd, 258704.017, 104
Trd, 258704.133, 134
Trd, 258704.833, 134
Trd, 258705.400, 132
Trd, 258705.750, 133
Trd, 258705.850, 134
Trd, 258706.000, 133
Trd, 258706.117, 132
Trd, 258706.250, 138
Trd, 258706.317, 119
Trd, 258707.067, 128
Trd, 258707.217, 118
Trd, 258707.683, 137
Trd, 258707.850, 117
Trd, 258708.100, 138
Trd, 258708.183, 136
Trd, 258708.667, 135
Trd, 258708.683, 134
Trd, 258708.817, 133
Trd, 258709.083, 135
Trd, 258709.533, 129
Trd, 258709.667, 128
Trd, 258709.883, 129
Trd, 258710.050, 128
Trd, 258710.083, 127
Trd, 258710.167, 118
Trd, 258710.483, 125
Trd, 258711.333, 129
Trd, 258711.350, 128
Trd, 258711.400, 127
Trd, 258711.867, 137
Trd, 258712.017, 138
Trd, 258712.833, 139
Trd, 258713.083, 139
Trd, 258713.133, 135
Trd, 258713.167, 134
Trd, 258713.367, 139
Trd, 258713.833, 134
Trd, 258713.850, 133
Trd, 258713.967, 123
Trd, 258714.583, 109
Trd, 258714.667, 108
Trd, 258714.867, 121
Trd, 258714.883, 100
Trd, 258714.917, 99
Trd, 258714.983, 123
Trd, 258715.283, 94
Trd, 258715.400, 92
Trd, 258715.417, 95
Trd, 258715.683, 111
Trd, 258716.317, 135
Trd, 258716.667, 137
Trd, 258717.033, 138
Trd, 258717.083, 136
Trd, 258717.300, 125
Trd, 258718.083, 128
Trd, 258718.800, 136
Trd, 258719.183, 138
Trd, 258719.417, 139
Trd, 258719.500, 138
Trd, 258719.750, 137
Trd, 258719.933, 137
Trd, 258720.233, 138
Trd, 258720.267, 137
Trd, 258720.333, 131
Trd, 258720.867, 116
Trd, 258720.900, 115
Trd, 258721.433, 124
Trd, 258721.450, 122
Trd, 258722.183, 114
Trd, 258722.200, 113
Trd, 258722.333, 118
Trd, 258722.633, 113
Trd, 258722.717, 112
Trd, 258723.117, 111
Trd, 258723.367, 110
Trd, 258723.700, 87
Trd, 258723.800, 128
Trd, 258723.867, 132
Trd, 258724.083, 128
Trd, 258724.500, 139
Trd, 258724.967, 124
Trd, 258725.050, 118
Trd, 258725.383, 118
Trd, 258725.833, 129
Trd, 258725.867, 103
Trd, 258725.967, 96
Trd, 258726.033, 93
Trd, 258726.267, 110
Trd, 258726.367, 92
Trd, 258726.617, 126
Trd, 258726.733, 136
Trd, 258726.800, 139
Trd, 258727.917, 121
Trd, 258728.000, 135
Trd, 258728.367, 122
Trd, 258728.783, 133
Trd, 258728.933, 133
Trd, 258729.133, 134
Trd, 258729.217, 135
Trd, 258729.283, 136
Trd, 258729.800, 140
Trd, 258729.983, 140
Trd, 258730.200, 140
Trd, 258730.550, 140
Trd, 258730.650, 140
Trd, 258730.750, 139
Trd, 258731.000, 136
Trd, 258731.400, 137
Trd, 258731.817, 140
Trd, 258731.917, 136
Trd, 258732.150, 132
Trd, 258732.433, 128
Trd, 258732.450, 127
Trd, 258732.600, 124
Trd, 258732.717, 115
Trd, 258733.033, 113
Trd, 258733.633, 120
Trd, 258733.717, 119
Trd, 258733.850, 136
Trd, 258734.250, 121
Trd, 258734.283, 126
Trd, 258734.333, 119
Trd, 258734.500, 140
Trd, 258734.867, 121
Trd, 258735.450, 121
Trd, 258735.600, 121
Trd, 258736.533, 125
Trd, 258736.567, 120
Trd, 258736.750, 121
Trd, 258737.283, 122
Trd, 258737.350, 121
Trd, 258737.900, 121
Trd, 258738.167, 128
Trd, 258739.067, 133
Trd, 258739.150, 125
Trd, 258739.283, 125
Trd, 258739.433, 135
Trd, 258739.667, 135
Trd, 258740.017, 123
Trd, 258740.150, 122
Trd, 258740.483, 123
Trd, 258740.500, 122
Trd, 258740.600, 115
Trd, 258740.833, 119
Trd, 258740.917, 109
Trd, 258741.600, 125
Trd, 258742.450, 124
Trd, 258743.033, 122
Trd, 258743.217, 121
Trd, 258743.350, 123
Trd, 258743.683, 124
Trd, 258743.767, 124
Trd, 258743.850, 126
Trd, 258743.950, 125
Trd, 258744.283, 126
Trd, 258744.567, 125
Trd, 258744.583, 106
Trd, 258744.850, 97
Trd, 258745.450, 117
Trd, 258745.567, 128
Trd, 258745.650, 107
Trd, 258746.117, 124
Trd, 258746.233, 123
Trd, 258746.400, 123
Trd, 258746.550, 117
Trd, 258746.633, 116
Trd, 258746.850, 128
Trd, 258747.300, 117
Trd, 258747.483, 117
Trd, 258747.800, 127
Trd, 258747.867, 118
Trd, 258747.917, 117
Trd, 258748.500, 119
Trd, 258748.600, 118
Trd, 258748.933, 119
Trd, 258749.283, 125
Trd, 258749.883, 126
Trd, 258750.000, 133
Trd, 258750.533, 136
Trd, 258750.950, 140
Trd, 258751.550, 140
Trd, 258751.583, 140
Trd, 258751.600, 140
Trd, 258751.633, 140
Trd, 258751.733, 140
Trd, 258752.483, 140
Trd, 258752.550, 140
Trd, 258752.650, 140
Trd, 258752.750, 140
Trd, 258752.950, 140
Trd, 258753.050, 140
Trd, 258753.133, 136
Trd, 258753.350, 140
Trd, 258753.500, 134
Trd, 258753.567, 133
Trd, 258753.867, 129
Trd, 258753.917, 127
Trd, 258754.200, 127
Trd, 258754.267, 126
Trd, 258754.833, 140
Trd, 258755.050, 140
Trd, 258755.283, 140
Trd, 258755.750, 140
Trd, 258755.900, 139
Trd, 258756.133, 139
Trd, 258756.383, 139
Trd, 258757.050, 140
Trd, 258757.450, 140
Trd, 258757.550, 140
Trd, 258757.583, 137
Trd, 258757.683, 132
Trd, 258758.367, 129
Trd, 258758.383, 128
Trd, 258758.433, 122
Trd, 258758.483, 105
Trd, 258758.900, 128
Trd, 258759.000, 126
Trd, 258759.267, 122
Trd, 258759.450, 112
Trd, 258759.633, 92
Trd, 258760.050, 110
Trd, 258760.367, 130
Trd, 258760.567, 91
Trd, 258760.583, 90
Trd, 258760.733, 126
Trd, 258760.800, 87
Trd, 258761.200, 88
Trd, 258761.283, 87
Trd, 258761.683, 124
Trd, 258762.150, 92
Trd, 258762.683, 93
Trd, 258762.817, 94
Trd, 258763.183, 113
Trd, 258763.283, 130
Trd, 258763.783, 130
Trd, 258763.900, 135
Trd, 258764.250, 130
Trd, 258764.317, 130
Trd, 258765.333, 138
Trd, 258765.617, 140
Trd, 258765.783, 140
Trd, 258765.867, 140
Trd, 258766.700, 140
Trd, 258766.717, 140
Trd, 258766.850, 140
Trd, 258766.867, 140
Trd, 258767.183, 140
Trd, 258767.500, 140
Trd, 258767.567, 140
Trd, 258767.783, 140
Trd, 258767.817, 140
Trd, 258768.417, 140
Trd, 258768.567, 140
Trd, 258768.667, 140
Trd, 258768.717, 140
Trd, 258768.733, 139
Trd, 258768.833, 120
Trd, 258769.467, 133
Trd, 258769.650, 132
Trd, 258770.233, 130
Trd, 258770.433, 122
Trd, 258770.567, 121
Trd, 258770.583, 116
Trd, 258771.100, 111
Trd, 258771.283, 110
Trd, 258771.367, 105
Trd, 258771.950, 106
Trd, 258772.300, 106
Trd, 258772.317, 128
Trd, 258772.383, 106
Trd, 258772.633, 122
Trd, 258772.917, 122
Trd, 258773.433, 134
Trd, 258773.617, 138
Trd, 258773.700, 124
Trd, 258773.767, 133
Trd, 258774.000, 122
Trd, 258774.217, 121
Trd, 258774.933, 124
Trd, 258774.967, 123
Trd, 258775.017, 121
Trd, 258775.067, 120
Trd, 258775.250, 120
Trd, 258775.950, 132
Trd, 258776.100, 128
Trd, 258776.283, 124
Trd, 258776.633, 125
Trd, 258777.200, 134
Trd, 258777.500, 134
Trd, 258777.583, 134
Trd, 258777.833, 134
Trd, 258777.867, 132
Trd, 258778.367, 115
Trd, 258778.500, 114
Trd, 258778.800, 114
Trd, 258779.083, 122
Trd, 258779.267, 130
Trd, 258779.500, 132
Trd, 258779.617, 131
Trd, 258779.733, 130
Trd, 258780.617, 137
Trd, 258780.633, 136
Trd, 258780.733, 130
Trd, 258780.950, 130
Trd, 258781.267, 120
Trd, 258781.300, 106
Trd, 258781.317, 105
Trd, 258781.833, 128
Trd, 258781.950, 128
Trd, 258782.200, 129
Trd, 258782.317, 130
Trd, 258782.350, 129
Trd, 258782.667, 129
Trd, 258783.250, 131
Trd, 258783.400, 126
Trd, 258783.450, 125
Trd, 258783.550, 132
Trd, 258784.017, 140
Trd, 258784.133, 123
Trd, 258784.333, 134
Trd, 258784.617, 133
Trd, 258784.633, 121
Trd, 258784.683, 107
Trd, 258785.600, 112
Trd, 258785.833, 113
Trd, 258785.900, 112
Trd, 258786.033, 111
Trd, 258786.050, 110
Trd, 258786.367, 115
Trd, 258787.133, 114
Trd, 258787.183, 116
Trd, 258787.717, 135
Trd, 258788.000, 140
Trd, 258788.400, 140
Trd, 258788.567, 140
Trd, 258788.600, 139
Trd, 258788.617, 138
Trd, 258788.717, 140
Trd, 258788.750, 133
Trd, 258788.767, 120
Trd, 258789.050, 129
Trd, 258789.083, 121
Trd, 258789.267, 121
Trd, 258789.533, 121
Trd, 258789.667, 120
Trd, 258790.917, 130
Trd, 258791.583, 133
Trd, 258791.617, 132
Trd, 258791.667, 132
Trd, 258791.867, 134
Trd, 258792.050, 135
Trd, 258792.250, 138
Trd, 258792.267, 136
Trd, 258792.533, 135
Trd, 258793.433, 135
Trd, 258793.750, 137
Trd, 258793.783, 136
Trd, 258793.800, 135
Trd, 258793.900, 132
Trd, 258794.067, 121
Trd, 258794.333, 128
Trd, 258794.750, 140
Trd, 258794.933, 140
Trd, 258794.950, 140
Trd, 258794.967, 140
Trd, 258795.133, 134
Trd, 258795.683, 128
Trd, 258795.817, 128
Trd, 258795.900, 127
Trd, 258796.467, 105
Trd, 258796.833, 104
Trd, 258796.983, 140
Trd, 258797.017, 97
Trd, 258797.133, 96
Trd, 258797.400, 135
Trd, 258797.700, 113
Trd, 258798.100, 136
Trd, 258798.150, 135
Trd, 258798.250, 134
Trd, 258799.267, 121
Trd, 258799.417, 122
Trd, 258800.150, 132
Trd, 258800.233, 127
Trd, 258800.367, 135
Trd, 258800.867, 134
Trd, 258800.883, 133
Trd, 258801.383, 136
Trd, 258801.683, 137
Trd, 258801.917, 135
Trd, 258802.200, 136
Trd, 258802.267, 136
Trd, 258802.283, 135
Trd, 258802.333, 135
Trd, 258802.467, 135
Trd, 258802.583, 134
Trd, 258802.833, 135
Trd, 258803.133, 139
Trd, 258803.383, 138
Trd, 258803.983, 140
Trd, 258804.150, 136
Trd, 258804.250, 135
Trd, 258804.283, 115
Trd, 258804.650, 131
Trd, 258804.883, 132
Trd, 258805.350, 133
Trd, 258805.467, 132
Trd, 258805.867, 127
Trd, 258805.900, 126
Trd, 258805.983, 120
Trd, 258806.350, 132
Trd, 258806.417, 119
Trd, 258806.717, 106
Trd, 258806.883, 106
Trd, 258806.900, 104
Trd, 258807.250, 98
Trd, 258807.800, 113
Trd, 258807.867, 114
Trd, 258808.117, 130
Trd, 258808.433, 128
Trd, 258808.517, 113
Trd, 258808.550, 109
Trd, 258808.717, 138
Trd, 258809.000, 111
Trd, 258809.033, 107
Trd, 258809.450, 106
Trd, 258809.750, 105
Trd, 258810.283, 112
Trd, 258810.417, 104
Trd, 258810.567, 106
Trd, 258811.167, 106
Trd, 258811.450, 140
Trd, 258812.300, 140
Trd, 258812.500, 140
Trd, 258812.883, 140
Trd, 258813.083, 140
Trd, 258813.267, 140
Trd, 258813.317, 140
Trd, 258813.467, 139
Trd, 258813.700, 138
Trd, 258813.817, 119
Trd, 258814.300, 137
Trd, 258814.533, 139
Trd, 258814.600, 137
Trd, 258814.733, 136
Trd, 258815.867, 140
Trd, 258815.933, 140
Trd, 258816.650, 112
Trd, 258817.117, 113
Trd, 258817.200, 113
Trd, 258817.350, 113
Trd, 258817.383, 101
Trd, 258817.450, 124
Trd, 258817.883, 140
Trd, 258817.983, 139
Trd, 258818.017, 121
Trd, 258818.067, 100
Trd, 258819.000, 128
Trd, 258819.167, 129
Trd, 258819.300, 135
Trd, 258819.333, 128
Trd, 258819.467, 138
Trd, 258819.533, 127
Trd, 258819.767, 116
Trd, 258820.050, 115
Trd, 258820.300, 98
Trd, 258820.500, 115
Trd, 258820.683, 99
Trd, 258820.733, 110
Trd, 258820.983, 103
Trd, 258821.217, 116
Trd, 258821.283, 119
Trd, 258821.683, 114
Trd, 258821.700, 112
Trd, 258821.883, 124
Trd, 258822.067, 117
Trd, 258822.333, 140
Trd, 258822.667, 111
Trd, 258822.683, 107
Trd, 258822.767, 89
Trd, 258823.083, 95
Trd, 258823.350, 112
Trd, 258823.867, 115
Trd, 258824.183, 118
Trd, 258824.383, 123
Trd, 258824.717, 121
Trd, 258824.733, 120
Trd, 258825.567, 98
Trd, 258825.617, 90
Trd, 258825.717, 90
Trd, 258825.733, 89
Trd, 258826.433, 88
Trd, 258826.450, 102
Trd, 258826.717, 87
Trd, 258826.817, 103
Trd, 258826.983, 87
Trd, 258827.133, 124
Trd, 258827.467, 121
Trd, 258827.517, 120
Trd, 258827.817, 102
Trd, 258828.050, 123
Trd, 258828.133, 111
Trd, 258828.400, 99
Trd, 258828.583, 99
Trd, 258828.850, 109
Trd, 258829.033, 102
Trd, 258829.150, 101
Trd, 258829.500, 120
Trd, 258829.600, 120
Trd, 258830.000, 140
Trd, 258830.083, 133
Trd, 258830.850, 127
Trd, 258830.867, 126
Trd, 258831.100, 140
Trd, 258831.233, 126
Trd, 258832.400, 130
Trd, 258832.433, 129
Trd, 258832.483, 122
Trd, 258833.083, 136
Trd, 258833.133, 131
Trd, 258833.267, 138
Trd, 258833.683, 140
Trd, 258833.750, 140
Trd, 258833.917, 139
Trd, 258833.983, 138
Trd, 258834.350, 139
Trd, 258834.367, 135
Trd, 258835.250, 138
Trd, 258835.450, 139
Trd, 258835.467, 138
Trd, 258836.117, 140
Trd, 258836.267, 140
Trd, 258836.317, 140
Trd, 258836.350, 139
Trd, 258836.417, 135
Trd, 258837.217, 140
Trd, 258837.317, 140
Trd, 258837.350, 140
Trd, 258837.383, 140
Trd, 258837.650, 136
Trd, 258837.717, 128
Trd, 258837.900, 126
Trd, 258838.033, 121
Trd, 258839.367, 130
Trd, 258839.483, 128
Trd, 258839.567, 127
Trd, 258839.717, 126
Trd, 258839.750, 124
Trd, 258839.833, 91
Trd, 258839.867, 91
Trd, 258840.000, 92
Trd, 258840.050, 90
Trd, 258840.267, 116
Trd, 258840.550, 121
Trd, 258840.933, 118
Trd, 258841.233, 135
Trd, 258841.367, 134
Trd, 258841.750, 122
Trd, 258841.767, 117
Trd, 258841.967, 116
Trd, 258842.200, 116
Trd, 258842.250, 126
Trd, 258842.333, 115
Trd, 258842.600, 108
Trd, 258842.967, 124
Trd, 258843.000, 101
Trd, 258843.883, 101
Trd, 258843.983, 98
Trd, 258844.400, 118
Trd, 258844.550, 135
Trd, 258845.183, 129
Trd, 258845.533, 132
Trd, 258845.600, 131
Trd, 258846.083, 133
Trd, 258846.183, 136
Trd, 258846.233, 133
Trd, 258846.283, 137
Trd, 258846.450, 132
Trd, 258846.583, 131
Trd, 258846.617, 127
Trd, 258846.700, 123
Trd, 258847.033, 126
Trd, 258847.450, 130
Trd, 258847.583, 129
Trd, 258848.500, 129
Trd, 258848.767, 129
Trd, 258848.900, 128
Trd, 258848.933, 127
Trd, 258849.050, 112
Trd, 258849.117, 130
Trd, 258849.133, 108
Trd, 258849.233, 137
Trd, 258849.917, 140
Trd, 258850.183, 128
Trd, 258850.700, 111
Trd, 258850.883, 99
Trd, 258851.050, 100
Trd, 258851.167, 99
Trd, 258851.517, 98
Trd, 258851.767, 90
Trd, 258851.933, 90
Trd, 258852.067, 89
Trd, 258852.183, 89
Trd, 258852.533, 99
Trd, 258853.167, 112
Trd, 258853.617, 108
Trd, 258853.817, 108
Trd, 258854.550, 137
Trd, 258855.050, 126
Trd, 258855.183, 122
Trd, 258855.233, 120
Trd, 258855.833, 119
Trd, 258856.017, 120
Trd, 258856.650, 128
Trd, 258856.683, 124
Trd, 258856.767, 121
Trd, 258856.917, 130
Trd, 258857.033, 120
Trd, 258857.117, 106
Trd, 258857.367, 117
Trd, 258857.567, 104
Trd, 258857.867, 106
Trd, 258857.883, 131
Trd, 258858.283, 119
Trd, 258858.417, 114
Trd, 258858.533, 111
Trd, 258858.767, 126
Trd, 258859.317, 126
Trd, 258859.717, 124
Trd, 258860.150, 136
Trd, 258860.250, 135
Trd, 258860.567, 126
Trd, 258860.600, 113
Trd, 258860.667, 111
Trd, 258861.483, 125
Trd, 258861.750, 126
Trd, 258861.950, 125
Trd, 258862.067, 127
Trd, 258862.300, 125
Trd, 258862.550, 116
Trd, 258862.733, 112
Trd, 258862.917, 138
Trd, 258863.150, 130
Trd, 258863.200, 129
Trd, 258863.667, 139
Trd, 258864.433, 140
Trd, 258864.683, 140
Trd, 258865.150, 140
Trd, 258865.200, 140
Trd, 258865.217, 140
Trd, 258865.300, 140
Trd, 258865.883, 140
Trd, 258866.233, 140
Trd, 258866.300, 140
Trd, 258866.417, 140
Trd, 258866.500, 140
Trd, 258866.983, 140
Trd, 258867.467, 137
Trd, 258867.533, 135
Trd, 258867.617, 138
Trd, 258867.883, 132
Trd, 258868.083, 136
Trd, 258868.267, 118
Trd, 258868.800, 119
Trd, 258868.867, 118
Trd, 258868.967, 127
Trd, 258868.983, 116
Trd, 258869.100, 112
Trd, 258869.683, 110
Trd, 258869.967, 109
Trd, 258870.000, 136
Trd, 258870.533, 140
Trd, 258870.833, 140
Trd, 258870.900, 139
Trd, 258871.133, 140
Trd, 258871.233, 116
Trd, 258871.283, 115
Trd, 258871.383, 112
Trd, 258872.600, 111
Trd, 258872.767, 112
Trd, 258873.067, 140
Trd, 258873.267, 140
Trd, 258873.333, 125
Trd, 258873.600, 136
Trd, 258873.750, 136
Trd, 258873.850, 135
Trd, 258874.083, 127
Trd, 258874.183, 127
Trd, 258874.483, 131
Trd, 258874.500, 130
Trd, 258874.583, 125
Trd, 258874.833, 124
Trd, 258875.750, 115
Trd, 258875.767, 101
Trd, 258876.967, 125
Trd, 258877.083, 125
Trd, 258877.317, 131
Trd, 258878.117, 128
Trd, 258878.450, 126
Trd, 258878.600, 129
Trd, 258878.667, 127
Trd, 258878.700, 126
Trd, 258878.767, 132
Trd, 258878.833, 127
Trd, 258879.517, 140
Trd, 258879.583, 140
Trd, 258879.700, 140
Trd, 258879.817, 140
Trd, 258879.983, 140
Trd, 258880.100, 140
Trd, 258880.233, 140
Trd, 258880.417, 139
Trd, 258880.617, 139
Trd, 258880.767, 140
Trd, 258880.983, 140
Trd, 258881.300, 140
Trd, 258881.550, 140
Trd, 258881.950, 140
Trd, 258882.233, 140
Trd, 258882.733, 140
Trd, 258882.800, 140
Trd, 258882.867, 140
Trd, 258883.250, 133
Trd, 258883.400, 140
Trd, 258883.833, 132
Trd, 258884.250, 130
Trd, 258884.333, 129
Trd, 258884.450, 119
Trd, 258884.567, 101
Trd, 258884.967, 114
Trd, 258885.250, 88
Trd, 258885.650, 135
Trd, 258885.783, 136
Trd, 258885.983, 135
Trd, 258886.917, 136
Trd, 258887.000, 135
Trd, 258887.083, 134
Trd, 258887.183, 133
Trd, 258887.217, 111
Trd, 258887.350, 107
Trd, 258887.600, 106
Trd, 258887.817, 88
Trd, 258888.100, 95
Trd, 258888.250, 87
Trd, 258888.400, 87
Trd, 258889.133, 140
Trd, 258889.150, 104
Trd, 258889.500, 102
Trd, 258889.667, 110
Trd, 258890.467, 107
Trd, 258890.983, 111
Trd, 258891.000, 113
Trd, 258891.500, 111
Trd, 258891.700, 114
Trd, 258891.767, 116
Trd, 258892.367, 140
Trd, 258892.383, 139
Trd, 258892.633, 139
Trd, 258892.783, 140
Trd, 258892.800, 138
Trd, 258893.083, 130
Trd, 258893.183, 128
Trd, 258893.333, 128
Trd, 258893.367, 128
Trd, 258893.583, 127
Trd, 258893.967, 128
Trd, 258894.183, 130
Trd, 258895.167, 130
Trd, 258895.250, 130
Trd, 258895.333, 124
Trd, 258895.667, 120
Trd, 258895.800, 120
Trd, 258895.850, 119
Trd, 258895.900, 118
Trd, 258896.017, 104
Trd, 258896.067, 97
Trd, 258896.267, 105
Trd, 258896.633, 106
Trd, 258897.267, 136
Trd, 258897.283, 130
Trd, 258897.517, 125
Trd, 258897.683, 139
Trd, 258897.950, 112
Trd, 258898.000, 112
Trd, 258898.117, 112
Trd, 258898.767, 127
Trd, 258898.800, 118
Trd, 258898.833, 111
Trd, 258899.283, 115
Trd, 258899.300, 113
Trd, 258899.767, 140
Trd, 258899.833, 140
Trd, 258900.600, 140
Trd, 258900.650, 140
Trd, 258901.850, 140
Trd, 258902.083, 140
Trd, 258902.183, 140
Trd, 258902.217, 140
Trd, 258902.900, 140
Trd, 258902.967, 140
Trd, 258903.183, 140
Trd, 258903.250, 140
Trd, 258903.400, 140
Trd, 258903.833, 140
Trd, 258903.883, 140
Trd, 258904.017, 140
Trd, 258904.117, 124
Trd, 258904.600, 126
Trd, 258904.933, 119
Trd, 258905.067, 109
Trd, 258905.167, 130
Trd, 258905.500, 108
Trd, 258905.567, 107
Trd, 258905.667, 106
Trd, 258906.150, 93
Trd, 258906.200, 92
Trd, 258906.217, 84
Trd, 258906.483, 94
Trd, 258906.683, 88
Trd, 258906.733, 97
Trd, 258906.950, 88
Trd, 258907.183, 121
Trd, 258907.617, 106
Trd, 258907.767, 106
Trd, 258907.867, 104
Trd, 258907.983, 96
Trd, 258908.083, 92
Trd, 258908.317, 127
Trd, 258908.700, 96
Trd, 258908.850, 139
Trd, 258908.967, 98
Trd, 258909.617, 130
Trd, 258910.083, 131
Trd, 258910.183, 130
Trd, 258910.283, 109
Trd, 258910.533, 105
Trd, 258910.733, 104
Trd, 258911.083, 140
Trd, 258911.667, 140
Trd, 258911.683, 140
Trd, 258911.950, 140
Trd, 258912.000, 140
Trd, 258912.267, 140
Trd, 258912.683, 140
Trd, 258912.783, 140
Trd, 258913.017, 140
Trd, 258913.383, 140
Trd, 258914.200, 140
Trd, 258914.233, 139
Trd, 258914.267, 132
Trd, 258914.517, 138
Trd, 258914.717, 122
Trd, 258915.217, 125
Trd, 258915.333, 124
Trd, 258916.050, 122
Trd, 258916.250, 123
Trd, 258916.283, 122
Trd, 258916.750, 140
Trd, 258916.933, 140
Trd, 258916.967, 140
Trd, 258917.800, 140
Trd, 258918.150, 140
Trd, 258918.267, 140
Trd, 258918.300, 140
Trd, 258918.800, 140
Trd, 258919.067, 140
Trd, 258919.150, 140
Trd, 258919.183, 140
Trd, 258919.300, 121
Trd, 258919.467, 128
Trd, 258919.583, 126
Trd, 258919.817, 112
Trd, 258919.900, 132
Trd, 258920.300, 120
Trd, 258920.783, 109
Trd, 258920.967, 108
Trd, 258921.567, 115
Trd, 258921.783, 114
Trd, 258921.833, 111
Trd, 258922.033, 111
Trd, 258922.133, 111
Trd, 258922.367, 116
Trd, 258922.800, 128
Trd, 258922.817, 112
Trd, 258923.333, 140
Trd, 258923.517, 140
Trd, 258923.633, 140
Trd, 258924.050, 140
Trd, 258924.317, 140
Trd, 258924.517, 140
Trd, 258924.550, 140
Trd, 258924.683, 140
Trd, 258924.717, 140
Trd, 258925.217, 139
Trd, 258925.650, 129
Trd, 258926.150, 123
Trd, 258926.267, 122
Trd, 258926.283, 121
Trd, 258926.583, 139
Trd, 258926.800, 112
Trd, 258926.850, 110
Trd, 258926.883, 116
Trd, 258927.767, 133
Trd, 258927.800, 132
Trd, 258928.000, 132
Trd, 258928.167, 131
Trd, 258928.317, 123
Trd, 258928.617, 132
Trd, 258928.883, 125
Trd, 258929.067, 124
Trd, 258929.217, 124
Trd, 258929.500, 125
Trd, 258929.567, 127
Trd, 258929.583, 124
Trd, 258929.767, 125
Trd, 258930.017, 123
Trd, 258930.433, 116
Trd, 258930.817, 132
Trd, 258930.867, 112
Trd, 258930.900, 106
Trd, 258931.350, 101
Trd, 258931.933, 139
Trd, 258932.600, 140
Trd, 258932.783, 140
Trd, 258932.983, 140
Trd, 258933.283, 140
Trd, 258933.383, 140
Trd, 258933.500, 140
Trd, 258933.850, 140
Trd, 258933.883, 140
Trd, 258933.917, 140
Trd, 258934.550, 140
Trd, 258934.783, 140
Trd, 258935.067, 140
Trd, 258935.717, 140
Trd, 258935.783, 140
Trd, 258935.800, 140
Trd, 258935.900, 140
Trd, 258935.917, 122
Trd, 258936.667, 125
Trd, 258936.867, 117
Trd, 258937.017, 127
Trd, 258937.050, 117
Trd, 258937.467, 132
Trd, 258937.617, 123
Trd, 258937.750, 138
Trd, 258937.950, 121
Trd, 258938.133, 121
Trd, 258938.650, 129
Trd, 258938.700, 125
Trd, 258939.067, 123
Trd, 258939.150, 121
Trd, 258939.250, 116
Trd, 258939.400, 116
Trd, 258939.750, 116
Trd, 258940.200, 116
Trd, 258940.967, 117
Trd, 258941.017, 117
Trd, 258941.083, 119
Trd, 258941.183, 121
Trd, 258941.717, 121
Trd, 258942.000, 122
Trd, 258942.350, 122
Trd, 258942.633, 122
Trd, 258942.800, 124
Trd, 258942.817, 117
Trd, 258943.083, 129
Trd, 258943.133, 128
Trd, 258943.300, 132
Trd, 258943.467, 119
Trd, 258943.517, 137
Trd, 258943.750, 126
Trd, 258943.967, 128
Trd, 258944.267, 128
Trd, 258944.700, 127
Trd, 258944.817, 136
Trd, 258945.000, 116
Trd, 258945.050, 114
Trd, 258945.200, 117
Trd, 258945.350, 105
Trd, 258945.500, 105
Trd, 258946.067, 131
Trd, 258946.133, 130
Trd, 258946.183, 129
Trd, 258946.300, 106
Trd, 258946.650, 106
Trd, 258947.483, 113
Trd, 258947.833, 120
Trd, 258948.250, 125
Trd, 258948.367, 126
Trd, 258948.717, 132
Trd, 258949.067, 126
Trd, 258949.117, 124
Trd, 258949.217, 124
Trd, 258949.783, 135
Trd, 258949.950, 131
Trd, 258949.967, 126
Trd, 258950.067, 123
Trd, 258950.083, 113
Trd, 258950.217, 110
Trd, 258950.633, 111
Trd, 258950.717, 104
Trd, 258950.783, 123
Trd, 258950.817, 96
Trd, 258951.400, 98
Trd, 258951.667, 112
Trd, 258951.900, 99
Trd, 258952.100, 114
Trd, 258952.567, 104
Trd, 258952.700, 101
Trd, 258953.383, 107
Trd, 258953.583, 104
Trd, 258953.850, 112
Trd, 258953.967, 111
Trd, 258954.200, 122
Trd, 258954.283, 108
Trd, 258954.367, 108
Trd, 258954.617, 111
Trd, 258955.217, 140
Trd, 258955.550, 140
Trd, 258955.683, 140
Trd, 258955.850, 140
Trd, 258956.133, 140
Trd, 258956.167, 140
Trd, 258956.433, 128
Trd, 258956.533, 114
Trd, 258956.983, 112
Trd, 258957.033, 121
Trd, 258957.550, 140
Trd, 258957.967, 121
Trd, 258958.000, 102
Trd, 258958.067, 101
Trd, 258958.150, 97
Trd, 258958.367, 91
Trd, 258958.567, 82
Trd, 258958.800, 107
Trd, 258958.967, 77
Trd, 258959.050, 76
Trd, 258959.217, 117
Trd, 258959.750, 124
Trd, 258959.983, 119
Trd, 258960.017, 118
Trd, 258960.217, 133
Trd, 258960.883, 115
Trd, 258961.233, 115
Trd, 258961.783, 134
Trd, 258962.033, 126
Trd, 258962.267, 111
Trd, 258962.467, 111
Trd, 258962.983, 117
Trd, 258963.117, 120
Trd, 258963.300, 122
Trd, 258963.400, 116
Trd, 258963.867, 139
Trd, 258963.933, 138
Trd, 258963.967, 137
Trd, 258964.050, 136
Trd, 258964.167, 117
Trd, 258964.217, 116
Trd, 258965.017, 139
Trd, 258965.167, 140
Trd, 258965.467, 140
Trd, 258965.700, 140
Trd, 258965.817, 140
Trd, 258966.233, 140
Trd, 258966.333, 140
Trd, 258966.650, 139
Trd, 258967.167, 140
Trd, 258967.350, 139
Trd, 258967.400, 138
Trd, 258967.417, 128
Trd, 258967.617, 114
Trd, 258967.633, 113
Trd, 258967.750, 112
Trd, 258967.783, 103
Trd, 258968.150, 101
Trd, 258968.183, 98
Trd, 258968.450, 108
Trd, 258968.683, 95
Trd, 258969.483, 111
Trd, 258969.533, 111
Trd, 258969.950, 114
Trd, 258970.900, 134
Trd, 258970.967, 134
Trd, 258971.117, 140
Trd, 258971.383, 139
Trd, 258971.400, 133
Trd, 258971.617, 131
Trd, 258972.083, 130
Trd, 258972.117, 117
Trd, 258972.133, 116
Trd, 258972.183, 115
Trd, 258972.233, 104
Trd, 258972.467, 104
Trd, 258972.483, 119
Trd, 258972.517, 104
Trd, 258972.667, 126
Trd, 258973.367, 127
Trd, 258974.067, 128
Trd, 258974.283, 115
Trd, 258974.333, 114
Trd, 258975.267, 103
Trd, 258975.900, 135
Trd, 258976.150, 135
Trd, 258976.267, 134
Trd, 258976.283, 119
Trd, 258976.467, 118
Trd, 258976.483, 117
Trd, 258976.783, 137
Trd, 258977.417, 140
Trd, 258977.483, 140
Trd, 258977.800, 127
Trd, 258977.867, 126
Trd, 258978.200, 140
Trd, 258978.850, 140
Trd, 258979.050, 140
Trd, 258979.283, 138
Trd, 258979.500, 127
Trd, 258979.783, 122
Trd, 258980.267, 135
Trd, 258980.783, 136
Trd, 258980.850, 134
Trd, 258981.350, 138
Trd, 258981.367, 139
Trd, 258981.417, 137
Trd, 258981.950, 137
Trd, 258982.033, 136
Trd, 258982.417, 118
Trd, 258982.817, 127
Trd, 258982.933, 127
Trd, 258983.217, 119
Trd, 258983.283, 132
Trd, 258983.350, 131
Trd, 258983.750, 129
Trd, 258983.850, 118
Trd, 258984.383, 140
Trd, 258984.700, 140
Trd, 258984.717, 140
Trd, 258985.000, 140
Trd, 258985.067, 140
Trd, 258985.333, 139
Trd, 258985.450, 139
Trd, 258985.767, 139
Trd, 258986.217, 134
Trd, 258986.400, 131
Trd, 258986.567, 125
Trd, 258986.867, 124
Trd, 258987.383, 134
Trd, 258987.533, 126
Trd, 258987.583, 122
Trd, 258988.100, 129
Trd, 258988.117, 127
Trd, 258988.500, 128
Trd, 258988.567, 127
Trd, 258988.950, 127
Trd, 258989.100, 136
Trd, 258989.767, 127
Trd, 258989.783, 126
Trd, 258990.017, 140
Trd, 258990.217, 140
Trd, 258990.500, 140
Trd, 258990.633, 140
Trd, 258990.650, 139
Trd, 258991.183, 133
Trd, 258991.633, 134
Trd, 258992.033, 133
Trd, 258992.417, 135
Trd, 258992.433, 134
Trd, 258992.517, 134
Trd, 258992.533, 133
Trd, 258992.717, 140
Trd, 258992.933, 136
Trd, 258992.950, 132
Trd, 258993.200, 122
Trd, 258993.283, 123
Trd, 258993.517, 123
Trd, 258993.800, 124
Trd, 258994.100, 126
Trd, 258994.200, 127
Trd, 258994.633, 126
Trd, 258995.017, 137
Trd, 258995.650, 128
Trd, 258995.983, 130
Trd, 258996.250, 131
Trd, 258996.283, 130
Trd, 258996.300, 127
Trd, 258996.350, 114
Trd, 258997.000, 140
Trd, 258997.350, 140
Trd, 258997.600, 140
Trd, 258997.633, 140
Trd, 258998.333, 131
Trd, 258998.383, 129
Trd, 258998.483, 128
Trd, 258998.550, 128
Trd, 258998.650, 140
Trd, 258998.767, 114
Trd, 258999.133, 100
Trd, 258999.450, 96
Trd, 258999.500, 95
Trd, 258999.650, 107
Trd, 258999.733, 106
Trd, 259000.467, 140
Trd, 259000.767, 140
Trd, 259001.150, 127
Trd, 259001.400, 110
Trd, 259001.483, 109
Trd, 259001.550, 100
Trd, 259002.000, 95
Trd, 259002.117, 95
Trd, 259002.233, 92
Trd, 259002.450, 96
Trd, 259002.650, 79
Trd, 259002.733, 105
Trd, 259002.950, 100
Trd, 259003.183, 78
Trd, 259003.533, 110
Trd, 259004.517, 109
Trd, 259005.033, 116
Trd, 259005.150, 116
Trd, 259005.550, 118
Trd, 259005.950, 119
Trd, 259006.017, 118
Trd, 259006.183, 114
Trd, 259006.333, 140
Trd, 259006.383, 115
Trd, 259006.567, 115
Trd, 259006.767, 121
Trd, 259007.050, 127
Trd, 259007.183, 114
Trd, 259007.300, 113
Trd, 259008.000, 121
Trd, 259008.133, 120
Trd, 259008.833, 133
Trd, 259009.150, 133
Trd, 259009.467, 139
Trd, 259010.000, 140
Trd, 259011.067, 140
Trd, 259011.317, 140
Trd, 259011.433, 140
Trd, 259011.500, 140
Trd, 259011.650, 140
Trd, 259011.933, 140
Trd, 259012.217, 140
Trd, 259012.283, 140
Trd, 259012.317, 140
Trd, 259012.400, 140
Trd, 259012.933, 140
Trd, 259013.050, 140
Trd, 259013.500, 118
Trd, 259014.067, 125
Trd, 259014.100, 127
Trd, 259014.183, 123
Trd, 259014.567, 125
Trd, 259014.950, 124
Trd, 259015.167, 125
Trd, 259015.267, 124
Trd, 259015.300, 123
Trd, 259015.400, 124
Trd, 259015.533, 123
Trd, 259016.300, 124
Trd, 259016.350, 111
Trd, 259016.367, 132
Trd, 259016.383, 111
Trd, 259016.483, 103
Trd, 259017.000, 107
Trd, 259017.183, 130
Trd, 259017.533, 107
Trd, 259017.867, 114
Trd, 259018.100, 121
Trd, 259018.117, 114
Trd, 259018.183, 131
Trd, 259018.250, 92
Trd, 259018.433, 85
Trd, 259018.800, 95
Trd, 259019.033, 96
Trd, 259019.250, 140
Trd, 259020.083, 135
Trd, 259020.333, 139
Trd, 259020.367, 138
Trd, 259020.783, 139
Trd, 259020.917, 140
Trd, 259021.117, 140
Trd, 259021.267, 140
Trd, 259021.300, 140
Trd, 259021.717, 140
Trd, 259022.000, 140
Trd, 259022.583, 140
Trd, 259022.667, 131
Trd, 259022.717, 117
Trd, 259023.133, 140
Trd, 259023.317, 140
Trd, 259023.517, 140
Trd, 259023.717, 140
Trd, 259023.800, 140
Trd, 259023.883, 140
Trd, 259024.133, 132
Trd, 259024.317, 131
Trd, 259024.350, 114
Trd, 259024.650, 128
Trd, 259025.050, 106
Trd, 259025.617, 105
Trd, 259026.033, 126
Trd, 259026.217, 140
Trd, 259026.567, 117
Trd, 259026.700, 119
Trd, 259027.000, 108
Trd, 259027.300, 89
Trd, 259027.850, 126
Trd, 259028.067, 115
Trd, 259028.167, 131
Trd, 259028.450, 128
Trd, 259028.533, 129
Trd, 259028.650, 139
Trd, 259028.917, 129
Trd, 259028.933, 128
Trd, 259029.167, 127
Trd, 259029.400, 127
Trd, 259029.533, 140
Trd, 259029.750, 128
Trd, 259030.200, 139
Trd, 259030.317, 129
Trd, 259030.517, 129
Trd, 259030.583, 128
Trd, 259030.750, 127
Trd, 259030.917, 126
Trd, 259031.133, 123
Trd, 259031.167, 114
Trd, 259031.317, 140
Trd, 259031.450, 112
Trd, 259032.133, 132
Trd, 259032.233, 118
Trd, 259032.367, 114
Trd, 259032.450, 104
Trd, 259033.333, 131
Trd, 259033.650, 123
Trd, 259033.800, 123
Trd, 259033.917, 122
Trd, 259034.883, 140
Trd, 259034.950, 140
Trd, 259035.033, 140
Trd, 259035.100, 140
Trd, 259035.133, 140
Trd, 259035.300, 140
Trd, 259035.783, 140
Trd, 259035.833, 140
Trd, 259035.883, 140
Trd, 259035.900, 140
Trd, 259036.067, 126
Trd, 259036.300, 131
Trd, 259036.450, 126
Trd, 259036.767, 126
Trd, 259037.467, 137
Trd, 259037.667, 114
Trd, 259037.817, 112
Trd, 259038.833, 106
Trd, 259038.917, 107
Trd, 259039.217, 107
Trd, 259039.283, 106
Trd, 259039.350, 102
Trd, 259039.617, 108
Trd, 259039.667, 100
Trd, 259039.767, 111
Trd, 259039.817, 97
Trd, 259040.050, 112
Trd, 259041.350, 130
Trd, 259041.517, 130
Trd, 259041.567, 129
Trd, 259041.767, 132
Trd, 259042.017, 128
Trd, 259042.100, 126
Trd, 259042.167, 113
Trd, 259042.200, 113
Trd, 259042.267, 134
Trd, 259042.333, 133
Trd, 259042.350, 112
Trd, 259042.567, 109
Trd, 259042.600, 108
Trd, 259043.200, 128
Trd, 259043.317, 109
Trd, 259043.483, 114
Trd, 259043.633, 108
Trd, 259043.800, 109
Trd, 259043.950, 108
Trd, 259044.083, 136
Trd, 259045.233, 140
Trd, 259045.300, 140
Trd, 259045.383, 140
Trd, 259045.550, 128
Trd, 259046.000, 117
Trd, 259046.233, 116
Trd, 259046.667, 139
Trd, 259046.917, 115
Trd, 259047.300, 137
Trd, 259047.350, 114
Trd, 259048.217, 133
Trd, 259048.467, 132
Trd, 259049.067, 137
Trd, 259049.217, 136
Trd, 259049.433, 138
Trd, 259049.600, 138
Trd, 259049.750, 138
Trd, 259049.767, 137
Trd, 259049.900, 134
Trd, 259050.117, 140
Trd, 259050.417, 140
Trd, 259050.450, 140
Trd, 259050.983, 138
Trd, 259051.150, 138
Trd, 259051.917, 136
Trd, 259051.933, 135
Trd, 259052.067, 135
Trd, 259052.117, 134
Trd, 259052.533, 120
Trd, 259052.883, 119
Trd, 259053.117, 137
Trd, 259053.200, 119
Trd, 259053.317, 122
Trd, 259053.333, 118
Trd, 259053.433, 116
Trd, 259053.517, 115
Trd, 259055.533, 127
Trd, 259055.650, 126
Trd, 259055.700, 125
Trd, 259055.733, 123
Trd, 259056.033, 126
Trd, 259056.050, 125
Trd, 259056.433, 127
Trd, 259056.733, 127
Trd, 259056.883, 125
Trd, 259056.900, 125
Trd, 259057.117, 138
Trd, 259057.433, 129
Trd, 259057.617, 130
Trd, 259057.983, 127
Trd, 259058.467, 128
Trd, 259058.700, 126
Trd, 259058.850, 124
Trd, 259058.867, 123
Trd, 259059.100, 122
Trd, 259059.367, 121
Trd, 259059.417, 100
Trd, 259059.500, 130
Trd, 259059.667, 138
Trd, 259059.983, 97
Trd, 259060.350, 114
Trd, 259060.500, 129
Trd, 259060.833, 132
Trd, 259061.250, 133
Trd, 259061.317, 133
Trd, 259061.400, 130
Trd, 259061.783, 122
Trd, 259061.800, 121
Trd, 259062.250, 113
Trd, 259063.267, 116
Trd, 259063.317, 123
Trd, 259063.733, 127
Trd, 259063.767, 117
Trd, 259064.017, 136
Trd, 259064.167, 135
Trd, 259064.283, 134
Trd, 259064.433, 133
Trd, 259064.617, 116
Trd, 259064.733, 116
Trd, 259064.917, 116
Trd, 259065.267, 135
Trd, 259065.300, 116
Trd, 259065.333, 115
Trd, 259065.533, 136
Trd, 259065.733, 128
Trd, 259065.883, 119
Trd, 259066.017, 117
Trd, 259066.283, 136
Trd, 259066.300, 116
Trd, 259066.333, 73
Trd, 259066.750, 97
Trd, 259066.817, 74
Trd, 259067.117, 97
Trd, 259067.617, 135
Trd, 259067.900, 131
Trd, 259067.983, 138
Trd, 259068.417, 126
Trd, 259069.333, 140
Trd, 259069.467, 140
Trd, 259069.633, 140
Trd, 259069.717, 140
Trd, 259069.967, 140
Trd, 259070.083, 140
Trd, 259070.183, 140
Trd, 259070.533, 140
Trd, 259070.750, 140
Trd, 259070.883, 140
Trd, 259071.067, 140
Trd, 259071.233, 139
Trd, 259071.833, 140
Trd, 259071.850, 138
Trd, 259071.883, 137
Trd, 259072.117, 135
Trd, 259072.400, 114
Trd, 259072.450, 131
Trd, 259072.983, 116
Trd, 259073.017, 115
Trd, 259073.217, 131
Trd, 259073.617, 113
Trd, 259073.633, 112
Trd, 259073.783, 121
Trd, 259073.883, 95
Trd, 259074.483, 110
Trd, 259074.550, 105
Trd, 259074.700, 104
Trd, 259074.883, 122
Trd, 259075.600, 140
Trd, 259076.067, 140
Trd, 259076.283, 140
Trd, 259076.533, 140
Trd, 259076.633, 140
Trd, 259077.000, 138
Trd, 259077.050, 137
Trd, 259078.050, 120
Trd, 259078.583, 135
Trd, 259078.633, 134
Trd, 259078.800, 136
Trd, 259079.033, 136
Trd, 259079.250, 137
Trd, 259079.300, 136
Trd, 259079.767, 137
Trd, 259079.800, 136
Trd, 259080.083, 138
Trd, 259080.250, 135
Trd, 259081.133, 140
Trd, 259081.150, 140
Trd, 259082.017, 140
Trd, 259082.117, 140
Trd, 259082.533, 140
Trd, 259082.933, 140
Trd, 259083.017, 140
Trd, 259083.033, 140
Trd, 259083.117, 140
Trd, 259083.417, 119
Trd, 259083.567, 115
Trd, 259083.883, 138
Trd, 259083.967, 114
Trd, 259084.000, 113
Trd, 259084.417, 110
Trd, 259084.500, 109
Trd, 259084.517, 107
Trd, 259085.050, 123
Trd, 259085.083, 125
Trd, 259085.117, 110
Trd, 259085.433, 109
Trd, 259085.450, 108
Trd, 259085.617, 101
Trd, 259085.967, 140
Trd, 259085.983, 140
Trd, 259086.350, 140
Trd, 259086.367, 116
Trd, 259086.400, 115
Trd, 259086.567, 94
Trd, 259086.783, 91
Trd, 259087.533, 115
Trd, 259087.617, 122
Trd, 259087.917, 117
Trd, 259088.000, 116
Trd, 259088.200, 116
Trd, 259088.250, 115
Trd, 259088.350, 114
Trd, 259088.650, 135
Trd, 259089.450, 140
Trd, 259089.717, 121
Trd, 259089.817, 120
Trd, 259090.067, 119
Trd, 259090.250, 128
Trd, 259090.383, 118
Trd, 259091.000, 120
Trd, 259091.150, 123
Trd, 259091.333, 120
Trd, 259091.533, 124
Trd, 259091.600, 117
Trd, 259092.050, 117
Trd, 259092.100, 115
Trd, 259092.367, 108
Trd, 259092.750, 104
Trd, 259093.350, 111
Trd, 259093.667, 106
Trd, 259093.717, 106
Trd, 259093.750, 92
Trd, 259093.833, 93
Trd, 259093.867, 91
Trd, 259093.900, 91
Trd, 259094.350, 111
Trd, 259094.600, 88
Trd, 259095.183, 116
Trd, 259095.383, 134
Trd, 259095.550, 115
Trd, 259095.683, 114
Trd, 259095.717, 113
Trd, 259095.867, 113
Trd, 259096.017, 114
Trd, 259096.617, 114
Trd, 259096.933, 123
Trd, 259097.067, 114
Trd, 259097.450, 140
Trd, 259098.817, 140
Trd, 259099.217, 140
Trd, 259099.233, 140
Trd, 259099.333, 140
Trd, 259099.350, 139
Trd, 259099.383, 137
Trd, 259099.750, 139
Trd, 259100.000, 137
Trd, 259100.050, 137
Trd, 259100.367, 139
Trd, 259100.533, 138
Trd, 259100.800, 140
Trd, 259100.883, 137
Trd, 259100.933, 131
Trd, 259101.000, 130
Trd, 259101.350, 122
Trd, 259101.550, 120
Trd, 259101.733, 118
Trd, 259101.750, 117
Trd, 259101.800, 118
Trd, 259102.283, 124
Trd, 259102.700, 124
Trd, 259103.033, 121
Trd, 259103.350, 122
Trd, 259103.450, 120
Trd, 259103.483, 117
Trd, 259103.633, 128
Trd, 259103.650, 119
Trd, 259103.867, 128
Trd, 259104.183, 130
Trd, 259104.600, 130
Trd, 259104.967, 129
Trd, 259105.700, 132
Trd, 259105.817, 123
Trd, 259106.283, 140
Trd, 259106.517, 140
Trd, 259106.700, 140
Trd, 259106.767, 140
Trd, 259107.217, 140
Trd, 259107.233, 140
Trd, 259107.317, 140
Trd, 259107.467, 140
Trd, 259107.733, 134
Trd, 259108.000, 140
Trd, 259108.533, 133
Trd, 259108.883, 139
Trd, 259108.967, 139
Trd, 259109.133, 139
Trd, 259109.167, 137
Trd, 259109.517, 135
Trd, 259109.867, 135
Trd, 259110.200, 135
Trd, 259110.433, 135
Trd, 259110.633, 134
Trd, 259111.383, 133
Trd, 259111.433, 130
Trd, 259111.467, 120
Trd, 259111.617, 134
Trd, 259111.850, 119
Trd, 259111.900, 118
Trd, 259112.150, 125
Trd, 259112.833, 130
Trd, 259113.050, 134
Trd, 259113.333, 132
Trd, 259113.350, 131
Trd, 259114.167, 138
Trd, 259114.583, 139
Trd, 259114.950, 139
Trd, 259115.133, 140
Trd, 259115.383, 139
Trd, 259115.400, 136
Trd, 259115.567, 136
Trd, 259116.200, 129
Trd, 259116.433, 119
Trd, 259116.517, 118
Trd, 259116.883, 136
Trd, 259117.133, 115
Trd, 259118.150, 114
Trd, 259118.200, 106
Trd, 259118.333, 105
Trd, 259118.467, 100
Trd, 259118.717, 111
Trd, 259118.883, 110
Trd, 259119.000, 111
Trd, 259119.200, 111
Trd, 259119.333, 136
Trd, 259119.383, 110
Trd, 259119.717, 139
Trd, 259119.950, 139
Trd, 259120.467, 140
Trd, 259120.483, 138
Trd, 259120.600, 137
Trd, 259120.733, 136
Trd, 259120.800, 112
Trd, 259121.033, 110
Trd, 259121.283, 104
Trd, 259121.417, 103
Trd, 259121.450, 115
Trd, 259121.917, 113
Trd, 259122.733, 123
Trd, 259123.517, 130
Trd, 259123.567, 126
Trd, 259123.767, 126
Trd, 259124.000, 127
Trd, 259124.100, 126
Trd, 259124.250, 125
Trd, 259124.317, 122
Trd, 259124.400, 119
Trd, 259124.450, 117
Trd, 259124.917, 140
Trd, 259125.067, 140
Trd, 259125.333, 86
Trd, 259125.450, 107
Trd, 259125.467, 84
Trd, 259126.017, 100
Trd, 259126.067, 90
Trd, 259126.317, 111
Trd, 259126.433, 113
Trd, 259126.850, 94
Trd, 259127.667, 127
Trd, 259127.800, 126
Trd, 259127.817, 122
Trd, 259127.967, 128
Trd, 259128.133, 129
Trd, 259128.350, 127
Trd, 259128.417, 126
Trd, 259128.633, 124
Trd, 259128.817, 124
Trd, 259129.067, 127
Trd, 259129.100, 126
Trd, 259129.600, 128
Trd, 259129.783, 125
Trd, 259129.933, 126
Trd, 259130.067, 125
Trd, 259130.850, 134
Trd, 259131.067, 136
Trd, 259131.233, 135
Trd, 259131.600, 137
Trd, 259131.617, 124
Trd, 259131.700, 111
Trd, 259131.833, 107
Trd, 259132.000, 109
Trd, 259132.100, 109
Trd, 259132.383, 109
Trd, 259132.417, 115
Trd, 259133.117, 110
Trd, 259133.133, 109
Trd, 259133.400, 123
Trd, 259134.267, 123
Trd, 259134.317, 122
Trd, 259134.450, 123
Trd, 259134.833, 122
Trd, 259135.417, 140
Trd, 259135.483, 140
Trd, 259135.550, 140
Trd, 259135.783, 140
Trd, 259135.917, 139
Trd, 259136.033, 131
Trd, 259136.067, 124
Trd, 259136.383, 113
Trd, 259136.567, 112
Trd, 259137.283, 130
Trd, 259137.750, 132
Trd, 259137.883, 131
Trd, 259137.933, 128
Trd, 259138.133, 89
Trd, 259138.350, 69
Trd, 259138.650, 64
Trd, 259138.800, 61
Trd, 259139.800, 65
Trd, 259139.883, 69
Trd, 259139.933, 73
Trd, 259140.233, 100
Trd, 259140.533, 111
Trd, 259140.650, 111
Trd, 259140.867, 111
Trd, 259141.483, 124
Trd, 259141.500, 123
Trd, 259141.550, 139
Trd, 259141.683, 122
Trd, 259141.900, 121
Trd, 259142.300, 137
Trd, 259142.817, 137
Trd, 259142.883, 136
Trd, 259143.017, 113
Trd, 259143.117, 112
Trd, 259143.333, 112
Trd, 259143.400, 112
Trd, 259144.233, 127
Trd, 259144.500, 127
Trd, 259144.633, 128
Trd, 259144.817, 127
Trd, 259144.983, 121
Trd, 259145.683, 125
Trd, 259145.850, 132
Trd, 259145.983, 117
Trd, 259146.117, 116
Trd, 259146.150, 140
Trd, 259146.367, 116
Trd, 259146.450, 115
Trd, 259146.700, 131
Trd, 259146.767, 130
Trd, 259147.100, 103
Trd, 259147.300, 97
Trd, 259148.317, 125
Trd, 259148.333, 124
Trd, 259148.400, 123
Trd, 259148.633, 94
Trd, 259148.733, 101
Trd, 259150.233, 137
Trd, 259150.250, 132
Trd, 259150.367, 132
Trd, 259150.417, 133
Trd, 259150.500, 132
Trd, 259150.883, 132
Trd, 259151.233, 133
Trd, 259151.450, 133
Trd, 259151.567, 132
Trd, 259151.733, 132
Trd, 259151.783, 120
Trd, 259151.967, 140
Trd, 259152.000, 115
Trd, 259152.067, 114
Trd, 259152.233, 100
Trd, 259152.867, 117
Trd, 259153.483, 100
Trd, 259153.583, 97
Trd, 259153.617, 117
Trd, 259154.083, 136
Trd, 259154.367, 118
Trd, 259154.967, 140
Trd, 259155.017, 140
Trd, 259155.050, 140
Trd, 259155.067, 140
Trd, 259155.083, 137
Trd, 259155.350, 118
Trd, 259155.617, 120
Trd, 259155.717, 124
Trd, 259156.033, 119
Trd, 259156.233, 120
Trd, 259156.533, 121
Trd, 259156.800, 120
Trd, 259157.433, 136
Trd, 259157.850, 133
Trd, 259157.867, 110
Trd, 259158.650, 129
Trd, 259159.050, 132
Trd, 259159.183, 131
Trd, 259159.350, 131
Trd, 259159.600, 131
Trd, 259159.717, 134
Trd, 259159.800, 130
Trd, 259159.817, 127
Trd, 259159.967, 140
Trd, 259160.367, 132
Trd, 259160.567, 134
Trd, 259160.650, 126
Trd, 259161.000, 137
Trd, 259161.017, 113
Trd, 259161.050, 132
Trd, 259161.150, 111
Trd, 259161.167, 91
Trd, 259161.250, 89
Trd, 259161.683, 89
Trd, 259161.717, 88
Trd, 259162.017, 87
Trd, 259162.450, 103
Trd, 259162.583, 101
Trd, 259163.250, 125
Trd, 259163.650, 132
Trd, 259163.700, 115
Trd, 259163.917, 120
Trd, 259163.983, 105
Trd, 259164.100, 97
Trd, 259164.167, 96
Trd, 259164.433, 140
Trd, 259164.483, 95
Trd, 259164.817, 89
Trd, 259165.467, 97
Trd, 259165.800, 105
Trd, 259166.117, 107
Trd, 259166.467, 126
Trd, 259166.933, 132
Trd, 259166.983, 131
Trd, 259167.017, 126
Trd, 259167.433, 120
Trd, 259167.617, 121
Trd, 259167.700, 127
Trd, 259168.267, 140
Trd, 259168.483, 140
Trd, 259168.533, 134
Trd, 259169.333, 131
Trd, 259169.617, 130
Trd, 259169.883, 132
Trd, 259170.117, 134
Trd, 259170.283, 135
Trd, 259170.583, 136
Trd, 259170.700, 136
Trd, 259170.817, 136
Trd, 259171.750, 138
Trd, 259171.967, 131
Trd, 259172.183, 128
Trd, 259172.283, 121
Trd, 259173.083, 140
Trd, 259173.250, 140
Trd, 259173.567, 140
Trd, 259173.733, 140
Trd, 259173.800, 140
Trd, 259174.067, 140
Trd, 259174.100, 117
Trd, 259174.167, 121
Trd, 259174.217, 115
Trd, 259174.650, 116
Trd, 259174.767, 115
Trd, 259175.167, 117
Trd, 259175.183, 116
Trd, 259175.333, 116
Trd, 259175.633, 117
Trd, 259175.883, 115
Trd, 259176.400, 110
Trd, 259176.650, 110
Trd, 259176.817, 109
Trd, 259177.567, 140
Trd, 259177.717, 133
Trd, 259177.767, 133
Trd, 259177.800, 132
Trd, 259177.983, 126
Trd, 259178.367, 128
Trd, 259178.617, 129
Trd, 259179.067, 130
Trd, 259179.433, 131
Trd, 259179.567, 132
Trd, 259179.733, 130
Trd, 259180.450, 131
Trd, 259180.833, 133
Trd, 259181.183, 135
Trd, 259181.317, 134
Trd, 259181.383, 130
Trd, 259181.417, 126
Trd, 259182.483, 135
Trd, 259182.567, 128
Trd, 259182.633, 127
Trd, 259182.650, 123
Trd, 259182.683, 121
Trd, 259182.983, 122
Trd, 259183.250, 127
Trd, 259183.667, 133
Trd, 259183.900, 137
Trd, 259183.917, 136
Trd, 259183.950, 135
Trd, 259184.033, 134
Trd, 259184.083, 134
Trd, 259184.517, 133
Trd, 259184.783, 131
Trd, 259184.817, 130
Trd, 259185.250, 140
Trd, 259185.950, 140
Trd, 259185.983, 140
Trd, 259186.067, 140
Trd, 259186.083, 139
Trd, 259186.667, 139
Trd, 259186.867, 139
Trd, 259187.483, 140
Trd, 259187.633, 139
Trd, 259188.000, 139
Trd, 259188.050, 118
Trd, 259188.800, 122
Trd, 259188.817, 121
Trd, 259188.833, 130
Trd, 259188.867, 120
Trd, 259188.950, 119
Trd, 259189.050, 116
Trd, 259189.350, 123
Trd, 259189.850, 119
Trd, 259190.150, 117
Trd, 259190.183, 116
Trd, 259190.550, 116
Trd, 259190.700, 115
Trd, 259190.817, 115
Trd, 259190.833, 114
Trd, 259191.200, 116
Trd, 259191.583, 108
Trd, 259191.783, 99
Trd, 259191.933, 99
Trd, 259191.967, 91
Trd, 259192.283, 88
Trd, 259192.600, 120
Trd, 259192.750, 93
Trd, 259192.983, 90
Trd, 259193.233, 94
Trd, 259193.267, 93
Trd, 259193.283, 119
Trd, 259193.417, 75
Trd, 259193.433, 64
Trd, 259193.517, 71
Trd, 259194.383, 89
Trd, 259194.517, 87
Trd, 259195.200, 90
Trd, 259195.650, 103
Trd, 259195.833, 109
Trd, 259195.983, 112
Trd, 259196.500, 122
Trd, 259196.667, 112
Trd, 259196.717, 111
Trd, 259196.783, 111
Trd, 259196.867, 110
Trd, 259197.217, 138
Trd, 259197.817, 102
Trd, 259198.183, 103
Trd, 259198.317, 104
Trd, 259198.567, 125
Trd, 259199.067, 128
Trd, 259199.217, 131
Trd, 259199.250, 128
Trd, 259199.350, 127
Trd, 259199.450, 126
Trd, 259199.683, 126
Trd, 259199.750, 125
Trd, 259199.917, 124
