Trd, 258570.533, 134
Trd, 258570.550, 128
Trd, 258570.567, 118
Trd, 258571.150, 111
Trd, 258571.867, 111
Trd, 258572.050, 108
Trd, 258572.133, 103
Trd, 258572.650, 108
Trd, 258572.733, 107
Trd, 258572.783, 101
Trd, 258573.350, 121
Trd, 258573.383, 106
Trd, 258573.900, 140
Trd, 258573.983, 140
Trd, 258574.067, 140
Trd, 258574.133, 139
Trd, 258574.200, 138
Trd, 258574.233, 106
Trd, 258574.283, 134
Trd, 258575.200, 99
Trd, 258575.833, 105
Trd, 258576.050, 106
Trd, 258576.083, 101
Trd, 258576.150, 114
Trd, 258576.800, 127
Trd, 258577.250, 118
Trd, 258577.317, 112
Trd, 258577.383, 112
Trd, 258577.400, 98
Trd, 258577.967, 108
Trd, 258577.983, 101
Trd, 258578.200, 98
Trd, 258578.500, 128
Trd, 258578.533, 130
Trd, 258578.583, 103
Trd, 258578.800, 96
Trd, 258578.917, 89
Trd, 258579.133, 97
Trd, 258579.183, 111
Trd, 258579.533, 125
Trd, 258579.733, 117
Trd, 258579.933, 112
Trd, 258580.850, 93
Trd, 258580.867, 96
Trd, 258581.000, 92
Trd, 258581.033, 92
Trd, 258581.050, 98
Trd, 258581.150, 102
Trd, 258581.350, 127
Trd, 258582.033, 106
Trd, 258583.683, 140
Trd, 258583.750, 129
Trd, 258583.767, 128
Trd, 258583.800, 121
Trd, 258584.400, 140
Trd, 258584.783, 125
Trd, 258585.267, 123
Trd, 258585.383, 117
Trd, 258585.917, 123
Trd, 258586.233, 134
Trd, 258586.417, 115
Trd, 258586.750, 116
Trd, 258586.850, 114
Trd, 258587.283, 110
Trd, 258587.300, 109
Trd, 258587.417, 108
Trd, 258587.450, 102
Trd, 258587.767, 118
Trd, 258587.817, 113
Trd, 258587.883, 104
Trd, 258588.400, 105
Trd, 258588.700, 106
Trd, 258588.800, 135
Trd, 258588.917, 93
Trd, 258589.033, 109
Trd, 258589.117, 92
Trd, 258589.283, 100
Trd, 258589.433, 118
Trd, 258589.850, 129
Trd, 258589.917, 90
Trd, 258590.133, 122
Trd, 258590.450, 119
Trd, 258590.550, 126
Trd, 258590.683, 106
Trd, 258591.100, 107
Trd, 258591.200, 109
Trd, 258591.550, 125
Trd, 258591.717, 140
Trd, 258591.817, 114
Trd, 258592.083, 113
Trd, 258592.133, 140
Trd, 258592.683, 137
Trd, 258592.717, 135
Trd, 258592.850, 120
Trd, 258593.233, 116
Trd, 258593.467, 89
Trd, 258594.317, 125
Trd, 258594.650, 96
Trd, 258594.750, 95
Trd, 258594.867, 106
Trd, 258594.883, 126
Trd, 258595.500, 99
Trd, 258595.700, 115
Trd, 258595.783, 97
Trd, 258596.033, 96
Trd, 258596.083, 99
Trd, 258596.350, 134
Trd, 258596.483, 137
Trd, 258596.617, 94
Trd, 258597.150, 140
Trd, 258597.317, 140
Trd, 258597.450, 139
Trd, 258598.383, 135
Trd, 258598.533, 119
Trd, 258599.083, 136
Trd, 258599.150, 127
Trd, 258599.850, 112
Trd, 258599.967, 106
Trd, 258600.100, 98
Trd, 258600.267, 125
Trd, 258600.433, 128
Trd, 258600.550, 123
Trd, 258600.667, 95
Trd, 258601.167, 110
Trd, 258601.467, 137
Trd, 258601.883, 129
Trd, 258602.050, 129
Trd, 258602.183, 128
Trd, 258602.267, 125
Trd, 258602.483, 117
Trd, 258603.250, 108
Trd, 258603.383, 102
Trd, 258603.650, 99
Trd, 258603.750, 99
Trd, 258604.233, 122
Trd, 258604.367, 113
Trd, 258604.767, 111
Trd, 258604.900, 105
Trd, 258604.917, 102
Trd, 258605.217, 113
Trd, 258605.250, 89
Trd, 258605.433, 82
Trd, 258605.500, 78
Trd, 258605.533, 98
Trd, 258605.950, 101
Trd, 258606.033, 115
Trd, 258606.317, 110
Trd, 258606.633, 139
Trd, 258607.467, 137
Trd, 258607.600, 133
Trd, 258607.750, 139
Trd, 258608.433, 119
Trd, 258608.617, 113
Trd, 258608.733, 100
Trd, 258609.100, 120
Trd, 258609.467, 115
Trd, 258609.500, 115
Trd, 258609.750, 133
Trd, 258609.783, 118
Trd, 258610.250, 120
Trd, 258610.517, 123
Trd, 258610.900, 136
Trd, 258611.067, 127
Trd, 258611.217, 120
Trd, 258611.383, 115
Trd, 258611.717, 133
Trd, 258611.833, 117
Trd, 258611.850, 116
Trd, 258611.883, 128
Trd, 258612.083, 139
Trd, 258612.233, 115
Trd, 258612.367, 113
Trd, 258612.483, 140
Trd, 258613.350, 106
Trd, 258613.700, 113
Trd, 258613.800, 139
Trd, 258614.033, 118
Trd, 258614.133, 117
Trd, 258614.917, 107
Trd, 258615.200, 93
Trd, 258615.967, 130
Trd, 258616.833, 138
Trd, 258617.017, 140
Trd, 258617.233, 127
Trd, 258617.300, 122
Trd, 258617.367, 120
Trd, 258617.583, 119
Trd, 258617.850, 114
Trd, 258617.983, 111
Trd, 258618.133, 113
Trd, 258618.517, 117
Trd, 258618.850, 118
Trd, 258618.900, 114
Trd, 258619.250, 122
Trd, 258619.317, 108
Trd, 258619.350, 135
Trd, 258619.983, 139
Trd, 258620.250, 119
Trd, 258620.550, 103
Trd, 258620.617, 103
Trd, 258620.683, 101
Trd, 258621.000, 89
Trd, 258621.067, 82
Trd, 258622.233, 105
Trd, 258622.733, 135
Trd, 258622.783, 137
Trd, 258622.900, 118
Trd, 258623.267, 124
Trd, 258624.000, 114
Trd, 258624.017, 111
Trd, 258624.367, 123
Trd, 258624.400, 123
Trd, 258624.500, 106
Trd, 258625.300, 122
Trd, 258625.350, 103
Trd, 258625.550, 123
Trd, 258625.917, 120
Trd, 258626.017, 119
Trd, 258626.250, 134
Trd, 258626.383, 126
Trd, 258627.033, 126
Trd, 258627.050, 113
Trd, 258627.267, 109
Trd, 258627.517, 117
Trd, 258627.550, 119
Trd, 258627.633, 115
Trd, 258627.767, 105
Trd, 258627.817, 98
Trd, 258628.117, 112
Trd, 258628.483, 132
Trd, 258628.633, 96
Trd, 258628.950, 94
Trd, 258629.033, 102
Trd, 258629.200, 124
Trd, 258629.233, 123
Trd, 258629.283, 117
Trd, 258629.650, 139
Trd, 258629.750, 115
Trd, 258630.150, 115
Trd, 258630.250, 111
Trd, 258630.533, 110
Trd, 258630.617, 100
Trd, 258631.033, 129
Trd, 258631.200, 123
Trd, 258631.400, 104
Trd, 258631.667, 103
Trd, 258631.700, 99
Trd, 258632.033, 140
Trd, 258632.333, 138
Trd, 258632.783, 128
Trd, 258633.167, 126
Trd, 258633.867, 125
Trd, 258634.017, 110
Trd, 258634.383, 121
Trd, 258634.683, 106
Trd, 258634.783, 97
Trd, 258634.967, 102
Trd, 258635.133, 124
Trd, 258635.283, 134
Trd, 258635.733, 139
Trd, 258635.967, 125
Trd, 258637.467, 119
Trd, 258637.517, 118
Trd, 258637.667, 129
Trd, 258637.833, 110
Trd, 258637.917, 109
Trd, 258638.117, 107
Trd, 258638.533, 131
Trd, 258639.067, 133
Trd, 258639.150, 139
Trd, 258639.317, 140
Trd, 258639.533, 132
Trd, 258639.667, 128
Trd, 258639.717, 115
Trd, 258640.183, 126
Trd, 258640.217, 113
Trd, 258640.567, 108
Trd, 258640.600, 104
Trd, 258640.733, 120
Trd, 258640.833, 103
Trd, 258640.950, 128
Trd, 258641.083, 126
Trd, 258641.250, 102
Trd, 258641.433, 119
Trd, 258641.617, 99
Trd, 258641.850, 103
Trd, 258642.283, 113
Trd, 258642.600, 118
Trd, 258642.967, 112
Trd, 258643.150, 108
Trd, 258643.750, 115
Trd, 258643.783, 112
Trd, 258644.000, 136
Trd, 258644.183, 112
Trd, 258644.367, 103
Trd, 258644.483, 99
Trd, 258645.100, 97
Trd, 258646.000, 115
Trd, 258646.733, 130
Trd, 258646.933, 127
Trd, 258647.083, 133
Trd, 258647.133, 114
Trd, 258647.333, 116
Trd, 258647.767, 114
Trd, 258648.117, 139
Trd, 258648.267, 140
Trd, 258648.283, 128
Trd, 258648.583, 127
Trd, 258648.867, 129
Trd, 258649.583, 140
Trd, 258650.033, 120
Trd, 258650.083, 119
Trd, 258650.533, 119
Trd, 258650.933, 114
Trd, 258650.950, 112
Trd, 258651.017, 138
Trd, 258651.100, 110
Trd, 258651.267, 127
Trd, 258651.733, 134
Trd, 258652.133, 109
Trd, 258652.217, 108
Trd, 258652.250, 102
Trd, 258652.317, 98
Trd, 258652.667, 120
Trd, 258652.767, 109
Trd, 258652.800, 106
Trd, 258652.850, 96
Trd, 258653.000, 94
Trd, 258653.100, 123
Trd, 258653.133, 93
Trd, 258653.550, 124
Trd, 258653.817, 84
Trd, 258653.933, 86
Trd, 258654.400, 112
Trd, 258655.100, 112
Trd, 258655.233, 111
Trd, 258655.250, 89
Trd, 258656.350, 113
Trd, 258656.567, 134
Trd, 258657.033, 120
Trd, 258657.267, 128
Trd, 258657.300, 119
Trd, 258657.550, 140
Trd, 258657.600, 110
Trd, 258657.783, 107
Trd, 258658.000, 124
Trd, 258658.417, 92
Trd, 258658.733, 99
Trd, 258658.850, 91
Trd, 258659.250, 109
Trd, 258659.583, 102
Trd, 258659.733, 101
Trd, 258659.750, 100
Trd, 258659.767, 111
Trd, 258660.383, 139
Trd, 258660.650, 125
Trd, 258661.017, 132
Trd, 258661.867, 121
Trd, 258662.233, 117
Trd, 258662.433, 111
Trd, 258662.483, 131
Trd, 258662.567, 108
Trd, 258662.667, 105
Trd, 258663.233, 120
Trd, 258663.400, 138
Trd, 258663.500, 136
Trd, 258663.750, 128
Trd, 258663.933, 124
Trd, 258663.967, 113
Trd, 258664.200, 133
Trd, 258664.433, 135
Trd, 258664.583, 127
Trd, 258664.917, 120
Trd, 258664.967, 114
Trd, 258665.233, 111
Trd, 258665.417, 107
Trd, 258665.733, 127
Trd, 258665.750, 122
Trd, 258665.967, 94
Trd, 258666.383, 130
Trd, 258666.600, 110
Trd, 258667.333, 122
Trd, 258667.583, 128
Trd, 258667.900, 136
Trd, 258668.100, 96
Trd, 258668.800, 131
Trd, 258669.150, 130
Trd, 258669.367, 138
Trd, 258669.600, 116
Trd, 258670.200, 119
Trd, 258670.217, 128
Trd, 258670.300, 114
Trd, 258670.333, 128
Trd, 258670.350, 89
Trd, 258670.567, 130
Trd, 258670.750, 139
Trd, 258671.367, 120
Trd, 258671.417, 118
Trd, 258671.450, 117
Trd, 258671.617, 102
Trd, 258671.867, 100
Trd, 258672.017, 98
Trd, 258672.150, 125
Trd, 258672.167, 122
Trd, 258672.850, 140
Trd, 258672.917, 122
Trd, 258673.033, 113
Trd, 258673.367, 115
Trd, 258673.667, 104
Trd, 258673.717, 94
Trd, 258673.850, 94
Trd, 258674.017, 92
Trd, 258674.917, 114
Trd, 258675.017, 109
Trd, 258675.033, 107
Trd, 258675.917, 103
Trd, 258676.017, 95
Trd, 258676.050, 121
Trd, 258676.183, 94
Trd, 258676.633, 133
Trd, 258676.833, 125
Trd, 258677.067, 135
Trd, 258677.150, 123
Trd, 258677.250, 121
Trd, 258677.283, 119
Trd, 258677.500, 140
Trd, 258678.200, 124
Trd, 258678.300, 131
Trd, 258678.317, 116
Trd, 258679.450, 125
Trd, 258679.467, 113
Trd, 258680.100, 126
Trd, 258680.267, 111
Trd, 258680.500, 109
Trd, 258680.817, 99
Trd, 258680.883, 96
Trd, 258680.900, 107
Trd, 258681.050, 106
Trd, 258681.150, 101
Trd, 258681.183, 107
Trd, 258681.450, 95
Trd, 258681.700, 125
Trd, 258681.767, 126
Trd, 258681.783, 116
Trd, 258682.317, 114
Trd, 258682.367, 113
Trd, 258682.567, 89
Trd, 258682.733, 82
Trd, 258682.767, 77
Trd, 258682.867, 102
Trd, 258682.900, 84
Trd, 258682.967, 128
Trd, 258683.083, 119
Trd, 258683.617, 129
Trd, 258684.283, 131
Trd, 258684.783, 127
Trd, 258685.433, 124
Trd, 258685.533, 122
Trd, 258685.583, 114
Trd, 258685.600, 112
Trd, 258686.367, 106
Trd, 258686.550, 105
Trd, 258686.667, 109
Trd, 258687.183, 112
Trd, 258687.250, 111
Trd, 258687.267, 102
Trd, 258687.633, 135
Trd, 258687.683, 123
Trd, 258687.800, 104
Trd, 258688.117, 113
Trd, 258688.750, 119
Trd, 258688.767, 106
Trd, 258688.967, 89
Trd, 258689.233, 103
Trd, 258689.433, 106
Trd, 258689.583, 105
Trd, 258689.650, 97
Trd, 258689.667, 86
Trd, 258689.933, 74
Trd, 258690.333, 98
Trd, 258690.800, 126
Trd, 258691.267, 106
Trd, 258691.467, 128
Trd, 258691.483, 129
Trd, 258691.550, 108
Trd, 258692.100, 139
Trd, 258692.133, 137
Trd, 258692.200, 108
Trd, 258692.500, 140
Trd, 258692.633, 132
Trd, 258692.733, 122
Trd, 258693.150, 117
Trd, 258693.267, 94
Trd, 258693.383, 137
Trd, 258694.233, 110
Trd, 258694.450, 136
Trd, 258694.950, 118
Trd, 258695.233, 99
Trd, 258695.583, 110
Trd, 258696.117, 134
Trd, 258696.250, 130
Trd, 258696.633, 121
Trd, 258696.683, 130
Trd, 258697.083, 122
Trd, 258697.350, 129
Trd, 258697.417, 120
Trd, 258697.467, 120
Trd, 258697.500, 106
Trd, 258697.617, 105
Trd, 258697.750, 99
Trd, 258698.200, 140
Trd, 258698.617, 140
Trd, 258698.983, 139
Trd, 258699.200, 131
Trd, 258699.600, 132
Trd, 258699.800, 131
Trd, 258699.817, 130
Trd, 258699.850, 129
Trd, 258700.067, 139
Trd, 258700.133, 123
Trd, 258700.733, 134
Trd, 258701.100, 132
Trd, 258701.717, 138
Trd, 258701.867, 131
Trd, 258702.250, 126
Trd, 258702.333, 125
Trd, 258702.450, 105
Trd, 258702.817, 115
Trd, 258703.400, 109
Trd, 258703.433, 108
Trd, 258703.617, 104
Trd, 258703.917, 107
Trd, 258704.200, 128
Trd, 258704.217, 106
Trd, 258704.250, 100
Trd, 258704.267, 95
Trd, 258704.633, 90
Trd, 258704.717, 90
Trd, 258704.833, 89
Trd, 258705.150, 101
Trd, 258705.683, 94
Trd, 258706.500, 112
Trd, 258706.583, 114
Trd, 258706.667, 90
Trd, 258706.883, 90
Trd, 258706.933, 123
Trd, 258706.983, 104
Trd, 258707.250, 89
Trd, 258707.433, 120
Trd, 258707.617, 115
Trd, 258708.167, 120
Trd, 258708.483, 104
Trd, 258708.700, 137
Trd, 258708.750, 102
Trd, 258708.983, 95
Trd, 258709.083, 107
Trd, 258709.667, 137
Trd, 258710.350, 137
Trd, 258710.733, 124
Trd, 258710.817, 121
Trd, 258710.883, 115
Trd, 258711.000, 137
Trd, 258711.583, 123
Trd, 258712.200, 132
Trd, 258712.250, 125
Trd, 258712.567, 116
Trd, 258713.117, 109
Trd, 258713.617, 130
Trd, 258713.933, 120
Trd, 258713.983, 120
Trd, 258714.317, 112
Trd, 258714.500, 126
Trd, 258714.567, 137
Trd, 258714.717, 107
Trd, 258714.750, 107
Trd, 258715.400, 139
Trd, 258715.450, 128
Trd, 258715.483, 112
Trd, 258715.633, 98
Trd, 258715.783, 106
Trd, 258716.100, 91
Trd, 258716.483, 116
Trd, 258716.700, 104
Trd, 258716.783, 103
Trd, 258716.900, 96
Trd, 258716.917, 92
Trd, 258717.050, 99
Trd, 258717.583, 140
Trd, 258717.667, 123
Trd, 258717.700, 110
Trd, 258717.733, 94
Trd, 258718.633, 92
Trd, 258718.717, 91
Trd, 258720.067, 120
Trd, 258720.367, 121
Trd, 258720.717, 113
Trd, 258721.183, 112
Trd, 258721.250, 122
Trd, 258721.400, 114
Trd, 258721.450, 111
Trd, 258721.833, 121
Trd, 258722.100, 111
Trd, 258722.233, 102
Trd, 258722.617, 129
Trd, 258722.633, 127
Trd, 258722.650, 122
Trd, 258722.667, 119
Trd, 258723.000, 108
Trd, 258723.100, 88
Trd, 258723.117, 87
Trd, 258723.217, 129
Trd, 258723.650, 87
Trd, 258723.967, 100
Trd, 258724.067, 103
Trd, 258724.967, 113
Trd, 258725.117, 99
Trd, 258725.600, 122
Trd, 258725.633, 107
Trd, 258725.850, 112
Trd, 258726.083, 98
Trd, 258726.250, 97
Trd, 258726.483, 113
Trd, 258726.967, 98
Trd, 258727.083, 121
Trd, 258727.217, 97
Trd, 258727.383, 100
Trd, 258727.517, 110
Trd, 258727.800, 94
Trd, 258727.850, 93
Trd, 258728.167, 94
Trd, 258728.200, 110
Trd, 258728.417, 103
Trd, 258729.050, 93
Trd, 258729.700, 140
Trd, 258729.717, 110
Trd, 258730.100, 126
Trd, 258730.500, 135
Trd, 258730.567, 130
Trd, 258730.967, 122
Trd, 258731.283, 133
Trd, 258731.333, 119
Trd, 258731.983, 116
Trd, 258732.233, 113
Trd, 258732.317, 107
Trd, 258732.350, 105
Trd, 258732.367, 105
Trd, 258732.550, 126
Trd, 258732.867, 120
Trd, 258733.400, 130
Trd, 258733.417, 131
Trd, 258733.600, 100
Trd, 258733.750, 127
Trd, 258734.017, 108
Trd, 258734.750, 104
Trd, 258735.450, 94
Trd, 258735.600, 89
Trd, 258735.633, 115
Trd, 258735.767, 88
Trd, 258735.900, 123
Trd, 258736.250, 117
Trd, 258736.617, 123
Trd, 258736.683, 132
Trd, 258737.000, 126
Trd, 258737.150, 117
Trd, 258737.233, 100
Trd, 258737.350, 102
Trd, 258737.717, 99
Trd, 258737.967, 100
Trd, 258738.117, 120
Trd, 258739.217, 136
Trd, 258739.433, 126
Trd, 258739.600, 125
Trd, 258739.617, 112
Trd, 258740.217, 136
Trd, 258740.467, 133
Trd, 258740.517, 132
Trd, 258740.917, 123
Trd, 258741.083, 122
Trd, 258741.150, 110
Trd, 258741.217, 105
Trd, 258741.400, 103
Trd, 258741.467, 100
Trd, 258741.567, 120
Trd, 258741.983, 130
Trd, 258742.100, 104
Trd, 258742.617, 129
Trd, 258743.117, 118
Trd, 258743.300, 115
Trd, 258743.367, 108
Trd, 258743.433, 109
Trd, 258743.483, 89
Trd, 258743.850, 129
Trd, 258743.867, 136
Trd, 258743.917, 137
Trd, 258744.200, 113
Trd, 258744.700, 101
Trd, 258745.600, 118
Trd, 258745.817, 117
Trd, 258745.833, 116
Trd, 258746.050, 109
Trd, 258746.833, 131
Trd, 258746.917, 130
Trd, 258747.450, 133
Trd, 258747.483, 135
Trd, 258748.150, 131
Trd, 258748.517, 128
Trd, 258748.683, 123
Trd, 258749.133, 114
Trd, 258749.317, 110
Trd, 258749.433, 116
Trd, 258749.467, 130
Trd, 258749.850, 109
Trd, 258750.183, 139
Trd, 258750.667, 127
Trd, 258750.967, 130
Trd, 258751.017, 118
Trd, 258751.517, 135
Trd, 258751.867, 139
Trd, 258752.317, 125
Trd, 258752.383, 126
Trd, 258752.500, 116
Trd, 258752.833, 123
Trd, 258753.017, 125
Trd, 258753.150, 124
Trd, 258753.367, 96
Trd, 258754.283, 117
Trd, 258754.517, 124
Trd, 258754.567, 111
Trd, 258754.633, 111
Trd, 258754.750, 109
Trd, 258754.867, 121
Trd, 258755.617, 127
Trd, 258755.917, 119
Trd, 258755.967, 116
Trd, 258756.167, 115
Trd, 258756.333, 107
Trd, 258756.550, 107
Trd, 258756.767, 106
Trd, 258756.783, 104
Trd, 258757.200, 101
Trd, 258757.983, 112
Trd, 258758.267, 133
Trd, 258758.450, 117
Trd, 258758.617, 109
Trd, 258758.633, 106
Trd, 258758.800, 121
Trd, 258758.933, 120
Trd, 258759.150, 105
Trd, 258759.283, 104
Trd, 258759.817, 97
Trd, 258760.117, 109
Trd, 258760.533, 122
Trd, 258760.833, 116
Trd, 258760.867, 106
Trd, 258761.033, 109
Trd, 258761.067, 125
Trd, 258761.117, 100
Trd, 258761.533, 101
Trd, 258761.733, 95
Trd, 258761.950, 91
Trd, 258762.800, 124
Trd, 258762.883, 128
Trd, 258762.933, 101
Trd, 258763.383, 91
Trd, 258763.750, 106
Trd, 258764.417, 132
Trd, 258764.650, 139
Trd, 258764.850, 116
Trd, 258764.867, 114
Trd, 258765.217, 137
Trd, 258765.850, 118
Trd, 258765.883, 117
Trd, 258765.900, 123
Trd, 258766.217, 123
Trd, 258766.583, 140
Trd, 258766.700, 128
Trd, 258766.833, 105
Trd, 258766.950, 108
Trd, 258766.983, 128
Trd, 258767.200, 106
Trd, 258767.333, 104
Trd, 258767.583, 92
Trd, 258768.200, 123
Trd, 258768.217, 91
Trd, 258768.350, 98
Trd, 258768.467, 117
Trd, 258769.250, 136
Trd, 258769.317, 135
Trd, 258769.700, 104
Trd, 258770.233, 120
Trd, 258770.417, 124
Trd, 258770.583, 108
Trd, 258770.633, 108
Trd, 258770.967, 111
Trd, 258771.267, 120
Trd, 258771.350, 113
Trd, 258771.633, 107
Trd, 258771.683, 107
Trd, 258772.550, 138
Trd, 258773.133, 137
Trd, 258773.667, 131
Trd, 258773.717, 126
Trd, 258773.750, 124
Trd, 258774.400, 138
Trd, 258774.450, 136
Trd, 258774.600, 138
Trd, 258774.967, 138
Trd, 258775.233, 135
Trd, 258775.383, 134
Trd, 258775.633, 108
Trd, 258775.733, 102
Trd, 258775.750, 105
Trd, 258775.933, 100
Trd, 258775.950, 100
Trd, 258776.150, 96
Trd, 258776.600, 123
Trd, 258777.033, 116
Trd, 258777.050, 110
Trd, 258777.167, 133
Trd, 258777.200, 107
Trd, 258777.517, 100
Trd, 258777.850, 91
Trd, 258778.450, 110
Trd, 258778.467, 111
Trd, 258778.583, 140
Trd, 258778.683, 140
Trd, 258779.067, 130
Trd, 258779.100, 127
Trd, 258779.150, 131
Trd, 258779.283, 101
Trd, 258779.483, 96
Trd, 258779.800, 95
Trd, 258779.950, 122
Trd, 258780.133, 119
Trd, 258780.183, 111
Trd, 258780.433, 104
Trd, 258780.800, 106
Trd, 258781.417, 125
Trd, 258781.567, 99
Trd, 258781.933, 112
Trd, 258782.000, 107
Trd, 258782.400, 109
Trd, 258782.650, 108
Trd, 258782.917, 107
Trd, 258782.950, 106
Trd, 258783.000, 104
Trd, 258783.017, 98
Trd, 258783.117, 127
Trd, 258783.467, 95
Trd, 258783.633, 91
Trd, 258784.900, 102
Trd, 258785.233, 98
Trd, 258785.500, 104
Trd, 258785.517, 110
Trd, 258786.333, 133
Trd, 258786.617, 131
Trd, 258786.783, 130
Trd, 258786.833, 129
Trd, 258786.917, 124
Trd, 258787.183, 111
Trd, 258787.667, 131
Trd, 258787.967, 138
Trd, 258788.200, 130
Trd, 258788.583, 126
Trd, 258788.750, 122
Trd, 258788.767, 119
Trd, 258789.083, 120
Trd, 258789.200, 116
Trd, 258789.317, 132
Trd, 258789.350, 140
Trd, 258789.667, 129
Trd, 258790.200, 106
Trd, 258790.267, 105
Trd, 258790.467, 110
Trd, 258791.067, 123
Trd, 258791.300, 115
Trd, 258791.733, 135
Trd, 258791.967, 127
Trd, 258792.650, 134
Trd, 258792.683, 124
Trd, 258792.833, 124
Trd, 258792.883, 123
Trd, 258793.000, 122
Trd, 258793.133, 121
Trd, 258793.183, 123
Trd, 258793.417, 112
Trd, 258793.550, 110
Trd, 258793.817, 133
Trd, 258793.833, 132
Trd, 258793.883, 120
Trd, 258793.917, 105
Trd, 258794.067, 106
Trd, 258794.083, 133
Trd, 258794.217, 101
Trd, 258794.317, 98
Trd, 258794.917, 108
Trd, 258795.317, 124
Trd, 258795.700, 121
Trd, 258795.800, 108
Trd, 258796.050, 95
Trd, 258796.483, 125
Trd, 258796.750, 122
Trd, 258797.283, 133
Trd, 258797.833, 140
Trd, 258797.850, 140
Trd, 258798.000, 135
Trd, 258798.150, 137
Trd, 258798.550, 134
Trd, 258799.250, 120
Trd, 258799.300, 121
Trd, 258799.333, 140
Trd, 258799.733, 115
Trd, 258800.383, 136
Trd, 258800.567, 117
Trd, 258801.133, 122
Trd, 258801.383, 119
Trd, 258801.517, 135
Trd, 258801.867, 129
Trd, 258802.000, 139
Trd, 258802.183, 128
Trd, 258802.350, 121
Trd, 258802.533, 119
Trd, 258802.700, 118
Trd, 258803.183, 130
Trd, 258803.333, 129
Trd, 258803.767, 120
Trd, 258803.833, 117
Trd, 258803.983, 114
Trd, 258804.183, 126
Trd, 258804.200, 109
Trd, 258804.367, 113
Trd, 258804.650, 100
Trd, 258805.000, 121
Trd, 258805.183, 121
Trd, 258805.233, 111
Trd, 258805.550, 100
Trd, 258805.717, 135
Trd, 258806.000, 98
Trd, 258806.217, 118
Trd, 258806.617, 119
Trd, 258806.783, 136
Trd, 258806.883, 121
Trd, 258807.150, 115
Trd, 258807.417, 98
Trd, 258807.650, 93
Trd, 258807.733, 136
Trd, 258807.983, 129
Trd, 258808.833, 112
Trd, 258808.917, 105
Trd, 258809.017, 102
Trd, 258809.400, 106
Trd, 258809.567, 101
Trd, 258809.800, 104
Trd, 258810.150, 109
Trd, 258810.200, 105
Trd, 258810.483, 118
Trd, 258810.700, 104
Trd, 258810.950, 130
Trd, 258811.033, 104
Trd, 258811.350, 116
Trd, 258811.717, 114
Trd, 258811.917, 124
Trd, 258812.183, 118
Trd, 258812.600, 117
Trd, 258812.817, 137
Trd, 258812.850, 115
Trd, 258813.567, 106
Trd, 258813.717, 133
Trd, 258813.750, 121
Trd, 258813.900, 130
Trd, 258813.933, 115
Trd, 258814.150, 128
Trd, 258814.600, 112
Trd, 258815.167, 135
Trd, 258815.317, 129
Trd, 258815.417, 134
Trd, 258815.600, 120
Trd, 258815.733, 136
Trd, 258815.750, 111
Trd, 258816.167, 115
Trd, 258816.383, 128
Trd, 258816.700, 114
Trd, 258817.383, 113
Trd, 258817.700, 119
Trd, 258817.750, 120
Trd, 258817.933, 108
Trd, 258818.117, 138
Trd, 258818.200, 129
Trd, 258818.533, 119
Trd, 258818.600, 106
Trd, 258819.200, 103
Trd, 258819.217, 102
Trd, 258819.267, 90
Trd, 258819.333, 86
Trd, 258819.600, 82
Trd, 258820.033, 106
Trd, 258820.050, 73
Trd, 258820.817, 123
Trd, 258820.883, 139
Trd, 258821.200, 137
Trd, 258821.233, 94
Trd, 258821.400, 130
Trd, 258822.167, 123
Trd, 258822.317, 119
Trd, 258822.400, 118
Trd, 258822.700, 138
Trd, 258823.317, 138
Trd, 258823.450, 118
Trd, 258823.533, 116
Trd, 258823.550, 114
Trd, 258824.017, 118
Trd, 258824.517, 124
Trd, 258824.817, 117
Trd, 258825.033, 126
Trd, 258825.133, 108
Trd, 258825.233, 106
Trd, 258825.367, 116
Trd, 258825.450, 98
Trd, 258825.583, 93
Trd, 258825.817, 120
Trd, 258825.833, 119
Trd, 258825.950, 115
Trd, 258826.317, 88
Trd, 258826.467, 119
Trd, 258826.617, 119
Trd, 258827.200, 91
Trd, 258827.483, 122
Trd, 258827.783, 119
Trd, 258827.800, 122
Trd, 258827.817, 122
Trd, 258828.050, 109
Trd, 258828.150, 136
Trd, 258828.500, 109
Trd, 258828.900, 125
Trd, 258829.517, 124
Trd, 258829.817, 105
Trd, 258830.200, 104
Trd, 258831.333, 124
Trd, 258831.350, 118
Trd, 258831.750, 139
Trd, 258831.767, 134
Trd, 258832.383, 140
Trd, 258832.450, 139
Trd, 258832.733, 134
Trd, 258832.933, 124
Trd, 258833.100, 119
Trd, 258833.233, 115
Trd, 258833.317, 126
Trd, 258833.467, 114
Trd, 258833.683, 107
Trd, 258833.833, 128
Trd, 258834.483, 114
Trd, 258834.833, 133
Trd, 258835.367, 116
Trd, 258835.433, 112
Trd, 258835.617, 107
Trd, 258835.950, 116
Trd, 258836.117, 124
Trd, 258836.600, 138
Trd, 258836.700, 133
Trd, 258837.033, 138
Trd, 258837.183, 128
Trd, 258837.267, 115
Trd, 258837.400, 138
Trd, 258837.417, 112
Trd, 258837.550, 110
Trd, 258838.200, 107
Trd, 258838.233, 106
Trd, 258838.600, 104
Trd, 258838.633, 102
Trd, 258839.200, 108
Trd, 258839.317, 100
Trd, 258839.450, 95
Trd, 258839.817, 94
Trd, 258840.367, 99
Trd, 258840.417, 106
Trd, 258840.567, 111
Trd, 258840.667, 138
Trd, 258840.833, 120
Trd, 258841.367, 115
Trd, 258841.667, 111
Trd, 258842.500, 125
Trd, 258842.783, 124
Trd, 258843.000, 121
Trd, 258843.517, 128
Trd, 258843.600, 120
Trd, 258843.800, 118
Trd, 258843.850, 112
Trd, 258844.050, 102
Trd, 258844.167, 98
Trd, 258844.533, 127
Trd, 258844.633, 87
Trd, 258844.933, 107
Trd, 258845.117, 104
Trd, 258845.217, 100
Trd, 258845.367, 97
Trd, 258845.783, 94
Trd, 258846.317, 134
Trd, 258846.583, 103
Trd, 258847.117, 125
Trd, 258847.200, 123
Trd, 258848.167, 123
Trd, 258848.517, 121
Trd, 258848.550, 119
Trd, 258849.167, 133
Trd, 258849.183, 118
Trd, 258849.233, 116
Trd, 258849.267, 136
Trd, 258849.667, 111
Trd, 258851.267, 122
Trd, 258851.283, 110
Trd, 258851.500, 126
Trd, 258851.550, 136
Trd, 258851.767, 108
Trd, 258852.067, 97
Trd, 258852.417, 121
Trd, 258852.783, 139
Trd, 258852.800, 134
Trd, 258852.950, 136
Trd, 258853.283, 134
Trd, 258853.300, 133
Trd, 258853.333, 121
Trd, 258853.450, 121
Trd, 258854.283, 138
Trd, 258854.467, 137
Trd, 258854.983, 135
Trd, 258855.050, 132
Trd, 258855.583, 135
Trd, 258855.883, 137
Trd, 258855.917, 128
Trd, 258855.933, 120
Trd, 258856.383, 130
Trd, 258856.483, 127
Trd, 258856.650, 105
Trd, 258857.050, 129
Trd, 258857.150, 123
Trd, 258857.433, 122
Trd, 258857.650, 128
Trd, 258857.900, 128
Trd, 258858.050, 126
Trd, 258858.117, 114
Trd, 258858.217, 113
Trd, 258858.333, 102
Trd, 258858.650, 95
Trd, 258858.667, 89
Trd, 258858.750, 119
Trd, 258859.650, 110
Trd, 258860.283, 104
Trd, 258860.333, 122
Trd, 258860.517, 133
Trd, 258860.967, 116
Trd, 258861.233, 87
Trd, 258861.400, 87
Trd, 258861.767, 101
Trd, 258861.783, 89
Trd, 258861.800, 79
Trd, 258861.983, 78
Trd, 258862.017, 107
Trd, 258862.567, 140
Trd, 258862.600, 138
Trd, 258862.817, 128
Trd, 258863.017, 124
Trd, 258863.267, 140
Trd, 258863.433, 140
Trd, 258863.633, 139
Trd, 258864.100, 103
Trd, 258864.350, 102
Trd, 258864.567, 122
Trd, 258864.683, 103
Trd, 258865.683, 120
Trd, 258866.200, 119
Trd, 258866.250, 115
Trd, 258866.300, 111
Trd, 258866.400, 99
Trd, 258866.583, 120
Trd, 258866.667, 114
Trd, 258867.250, 105
Trd, 258867.300, 99
Trd, 258867.767, 101
Trd, 258867.833, 121
Trd, 258868.767, 128
Trd, 258869.050, 122
Trd, 258869.450, 140
Trd, 258869.817, 138
Trd, 258870.000, 113
Trd, 258870.017, 113
Trd, 258870.717, 130
Trd, 258870.767, 125
Trd, 258870.833, 117
Trd, 258871.117, 117
Trd, 258871.133, 112
Trd, 258871.783, 108
Trd, 258871.883, 108
Trd, 258872.050, 112
Trd, 258872.133, 102
Trd, 258872.150, 100
Trd, 258872.250, 108
Trd, 258872.333, 127
Trd, 258872.550, 120
Trd, 258873.017, 127
Trd, 258873.300, 107
Trd, 258873.533, 124
Trd, 258874.050, 125
Trd, 258874.317, 120
Trd, 258874.400, 119
Trd, 258874.517, 114
Trd, 258875.517, 124
Trd, 258875.783, 126
Trd, 258875.800, 126
Trd, 258876.200, 129
Trd, 258876.233, 123
Trd, 258876.533, 127
Trd, 258876.650, 109
Trd, 258876.817, 108
Trd, 258877.033, 94
Trd, 258877.500, 84
Trd, 258877.617, 86
Trd, 258877.683, 84
Trd, 258877.800, 77
Trd, 258878.083, 76
Trd, 258878.400, 122
Trd, 258879.217, 118
Trd, 258879.467, 117
Trd, 258879.500, 107
Trd, 258879.650, 98
Trd, 258879.767, 125
Trd, 258880.067, 125
Trd, 258880.333, 109
Trd, 258880.400, 103
Trd, 258880.433, 122
Trd, 258880.483, 96
Trd, 258880.750, 103
Trd, 258881.350, 99
Trd, 258881.683, 140
Trd, 258881.783, 136
Trd, 258882.033, 135
Trd, 258882.250, 129
Trd, 258882.400, 125
Trd, 258882.767, 118
Trd, 258883.100, 111
Trd, 258883.283, 99
Trd, 258883.600, 84
Trd, 258883.817, 101
Trd, 258884.050, 104
Trd, 258884.667, 111
Trd, 258884.867, 131
Trd, 258885.083, 130
Trd, 258885.133, 124
Trd, 258885.217, 114
Trd, 258885.517, 111
Trd, 258885.533, 110
Trd, 258885.733, 133
Trd, 258885.767, 105
Trd, 258885.983, 107
Trd, 258886.500, 100
Trd, 258886.617, 117
Trd, 258886.733, 90
Trd, 258887.183, 139
Trd, 258887.517, 137
Trd, 258887.550, 136
Trd, 258887.683, 128
Trd, 258887.867, 120
Trd, 258887.883, 133
Trd, 258887.950, 93
Trd, 258888.150, 128
Trd, 258888.167, 89
Trd, 258889.233, 103
Trd, 258889.633, 126
Trd, 258889.700, 124
Trd, 258889.850, 111
Trd, 258890.267, 121
Trd, 258890.350, 121
Trd, 258890.367, 117
Trd, 258890.533, 107
Trd, 258890.967, 98
Trd, 258891.067, 97
Trd, 258891.300, 111
Trd, 258891.317, 100
Trd, 258891.667, 129
Trd, 258892.467, 131
Trd, 258892.483, 130
Trd, 258892.567, 120
Trd, 258892.733, 117
Trd, 258892.750, 117
Trd, 258893.067, 100
Trd, 258893.317, 97
Trd, 258893.983, 94
Trd, 258894.233, 92
Trd, 258894.333, 108
Trd, 258894.850, 91
Trd, 258894.883, 101
Trd, 258895.317, 85
Trd, 258895.350, 114
Trd, 258895.667, 81
Trd, 258895.900, 124
Trd, 258895.950, 116
Trd, 258896.250, 118
Trd, 258896.400, 122
Trd, 258896.417, 121
Trd, 258896.450, 124
Trd, 258896.900, 131
Trd, 258897.017, 123
Trd, 258897.350, 135
Trd, 258897.433, 118
Trd, 258897.917, 116
Trd, 258898.150, 109
Trd, 258898.283, 126
Trd, 258898.617, 120
Trd, 258898.683, 119
Trd, 258899.550, 137
Trd, 258899.767, 130
Trd, 258900.833, 131
Trd, 258901.117, 139
Trd, 258901.267, 126
Trd, 258902.533, 140
Trd, 258902.633, 135
Trd, 258902.833, 133
Trd, 258903.117, 132
Trd, 258903.133, 125
Trd, 258903.333, 117
Trd, 258903.683, 116
Trd, 258903.700, 119
Trd, 258904.100, 114
Trd, 258904.167, 106
Trd, 258904.183, 102
Trd, 258904.250, 95
Trd, 258904.267, 86
Trd, 258904.417, 130
Trd, 258904.450, 90
Trd, 258905.133, 132
Trd, 258905.150, 128
Trd, 258905.800, 118
Trd, 258905.983, 96
Trd, 258906.100, 140
Trd, 258906.200, 126
Trd, 258906.450, 135
Trd, 258906.533, 131
Trd, 258906.667, 108
Trd, 258906.767, 93
Trd, 258907.033, 138
Trd, 258907.217, 130
Trd, 258908.250, 129
Trd, 258908.383, 128
Trd, 258908.417, 128
Trd, 258908.683, 128
Trd, 258908.700, 121
Trd, 258908.750, 110
Trd, 258909.900, 110
Trd, 258910.083, 102
Trd, 258910.217, 106
Trd, 258910.433, 110
Trd, 258910.933, 93
Trd, 258910.967, 78
Trd, 258911.467, 130
Trd, 258912.300, 124
Trd, 258912.517, 123
Trd, 258912.600, 120
Trd, 258913.350, 140
Trd, 258913.400, 137
Trd, 258914.100, 133
Trd, 258914.267, 132
Trd, 258914.483, 123
Trd, 258914.600, 116
Trd, 258914.967, 107
Trd, 258915.117, 102
Trd, 258915.183, 99
Trd, 258915.300, 112
Trd, 258915.417, 128
Trd, 258915.650, 115
Trd, 258915.833, 120
Trd, 258916.250, 111
Trd, 258916.433, 111
Trd, 258916.617, 132
Trd, 258916.750, 130
Trd, 258916.900, 133
Trd, 258917.200, 133
Trd, 258917.267, 134
Trd, 258917.767, 117
Trd, 258918.150, 113
Trd, 258918.817, 105
Trd, 258918.983, 100
Trd, 258919.250, 120
Trd, 258919.400, 112
Trd, 258919.667, 109
Trd, 258919.850, 94
Trd, 258920.267, 115
Trd, 258920.500, 124
Trd, 258920.583, 104
Trd, 258920.967, 125
Trd, 258921.167, 124
Trd, 258921.383, 128
Trd, 258921.767, 138
Trd, 258921.800, 116
Trd, 258922.867, 117
Trd, 258923.383, 118
Trd, 258923.650, 118
Trd, 258923.967, 124
Trd, 258924.050, 108
Trd, 258924.267, 124
Trd, 258924.300, 121
Trd, 258924.367, 107
Trd, 258924.383, 126
Trd, 258924.800, 123
Trd, 258924.917, 102
Trd, 258925.217, 103
Trd, 258925.283, 101
Trd, 258925.750, 102
Trd, 258925.950, 100
Trd, 258926.083, 99
Trd, 258926.433, 122
Trd, 258926.683, 122
Trd, 258926.850, 114
Trd, 258927.000, 112
Trd, 258927.333, 99
Trd, 258927.400, 98
Trd, 258927.633, 106
Trd, 258927.800, 89
Trd, 258928.100, 107
Trd, 258928.233, 95
Trd, 258928.333, 88
Trd, 258928.383, 87
Trd, 258928.683, 101
Trd, 258928.817, 110
Trd, 258928.867, 96
Trd, 258929.100, 111
Trd, 258929.167, 90
Trd, 258929.700, 79
Trd, 258929.733, 77
Trd, 258930.300, 108
Trd, 258930.483, 117
Trd, 258930.633, 115
Trd, 258931.133, 118
Trd, 258931.233, 118
Trd, 258931.300, 104
Trd, 258931.517, 98
Trd, 258931.617, 114
Trd, 258931.717, 97
Trd, 258931.733, 96
Trd, 258932.233, 83
Trd, 258932.333, 82
Trd, 258932.717, 120
Trd, 258932.950, 118
Trd, 258932.983, 103
Trd, 258933.233, 90
Trd, 258933.367, 114
Trd, 258933.417, 75
Trd, 258933.633, 117
Trd, 258934.033, 133
Trd, 258935.117, 133
Trd, 258935.183, 118
Trd, 258935.300, 140
Trd, 258935.367, 128
Trd, 258935.650, 115
Trd, 258936.433, 132
Trd, 258936.517, 114
Trd, 258936.917, 106
Trd, 258937.383, 110
Trd, 258937.650, 126
Trd, 258938.250, 117
Trd, 258939.150, 120
Trd, 258939.250, 129
Trd, 258939.417, 113
Trd, 258939.783, 134
Trd, 258939.817, 117
Trd, 258940.083, 111
Trd, 258940.117, 110
Trd, 258940.550, 117
Trd, 258940.583, 131
Trd, 258941.033, 116
Trd, 258941.200, 110
Trd, 258941.433, 108
Trd, 258941.517, 118
Trd, 258941.533, 98
Trd, 258942.067, 104
Trd, 258942.317, 91
Trd, 258942.550, 133
Trd, 258942.717, 129
Trd, 258943.050, 136
Trd, 258943.383, 133
Trd, 258943.483, 129
Trd, 258943.567, 119
Trd, 258943.617, 108
Trd, 258943.717, 101
Trd, 258943.783, 104
Trd, 258943.967, 86
Trd, 258944.050, 112
Trd, 258944.150, 111
Trd, 258944.267, 107
Trd, 258944.350, 85
Trd, 258945.117, 136
Trd, 258945.583, 127
Trd, 258945.933, 121
Trd, 258946.017, 117
Trd, 258946.183, 117
Trd, 258946.467, 112
Trd, 258946.517, 111
Trd, 258946.633, 103
Trd, 258946.900, 101
Trd, 258947.133, 115
Trd, 258947.200, 115
Trd, 258947.517, 94
Trd, 258947.583, 96
Trd, 258948.200, 135
Trd, 258948.817, 118
Trd, 258948.983, 121
Trd, 258949.183, 121
Trd, 258949.383, 117
Trd, 258949.533, 113
Trd, 258950.050, 139
Trd, 258950.350, 137
Trd, 258950.800, 125
Trd, 258950.850, 109
Trd, 258950.883, 106
Trd, 258951.033, 102
Trd, 258951.183, 91
Trd, 258951.217, 85
Trd, 258951.533, 102
Trd, 258951.967, 106
Trd, 258952.117, 102
Trd, 258952.317, 99
Trd, 258952.667, 120
Trd, 258952.850, 129
Trd, 258952.917, 118
Trd, 258953.900, 131
Trd, 258953.967, 119
Trd, 258954.317, 118
Trd, 258954.400, 117
Trd, 258954.667, 113
Trd, 258954.783, 120
Trd, 258955.200, 124
Trd, 258955.583, 123
Trd, 258955.667, 133
Trd, 258955.717, 116
Trd, 258956.100, 110
Trd, 258956.283, 136
Trd, 258957.217, 140
Trd, 258957.500, 138
Trd, 258957.633, 135
Trd, 258957.783, 129
Trd, 258957.883, 126
Trd, 258958.417, 137
Trd, 258958.967, 121
Trd, 258959.100, 112
Trd, 258959.250, 111
Trd, 258959.267, 108
Trd, 258959.800, 106
Trd, 258960.067, 114
Trd, 258960.133, 96
Trd, 258960.150, 123
Trd, 258960.483, 102
Trd, 258960.650, 128
Trd, 258960.983, 119
Trd, 258961.333, 132
Trd, 258962.000, 136
Trd, 258962.033, 115
Trd, 258962.317, 105
Trd, 258962.467, 124
Trd, 258962.750, 106
Trd, 258963.017, 118
Trd, 258963.317, 96
Trd, 258963.633, 124
Trd, 258963.817, 98
Trd, 258963.833, 97
Trd, 258963.933, 95
Trd, 258964.017, 94
Trd, 258964.517, 94
Trd, 258964.650, 133
Trd, 258964.667, 93
Trd, 258964.967, 114
Trd, 258965.067, 104
Trd, 258965.400, 116
Trd, 258965.900, 121
Trd, 258966.317, 102
Trd, 258966.550, 105
Trd, 258966.633, 98
Trd, 258966.717, 91
Trd, 258967.300, 119
Trd, 258967.317, 112
Trd, 258967.450, 119
Trd, 258967.817, 115
Trd, 258968.117, 138
Trd, 258968.467, 136
Trd, 258968.900, 135
Trd, 258969.550, 140
Trd, 258969.667, 117
Trd, 258969.683, 115
Trd, 258969.833, 114
Trd, 258970.100, 113
Trd, 258970.817, 122
Trd, 258970.917, 118
Trd, 258971.083, 118
Trd, 258971.133, 134
Trd, 258971.400, 126
Trd, 258971.467, 119
Trd, 258971.500, 118
Trd, 258971.633, 116
Trd, 258971.683, 116
Trd, 258971.933, 113
Trd, 258972.600, 134
Trd, 258972.650, 114
Trd, 258972.917, 126
Trd, 258973.250, 105
Trd, 258973.617, 103
Trd, 258974.533, 118
Trd, 258974.733, 108
Trd, 258974.800, 115
Trd, 258974.950, 126
Trd, 258975.067, 130
Trd, 258975.167, 126
Trd, 258975.550, 102
Trd, 258975.633, 112
Trd, 258976.317, 119
Trd, 258976.417, 111
Trd, 258976.467, 84
Trd, 258976.650, 98
Trd, 258976.783, 100
Trd, 258977.000, 101
Trd, 258977.017, 102
Trd, 258977.167, 109
Trd, 258977.533, 98
Trd, 258977.633, 85
Trd, 258977.733, 82
Trd, 258977.850, 106
Trd, 258978.000, 77
Trd, 258978.133, 108
Trd, 258978.867, 92
Trd, 258979.100, 100
Trd, 258979.517, 93
Trd, 258979.867, 125
Trd, 258980.250, 100
Trd, 258980.700, 99
Trd, 258981.333, 134
Trd, 258981.583, 119
Trd, 258981.800, 119
Trd, 258981.950, 121
Trd, 258982.000, 118
Trd, 258982.033, 135
Trd, 258982.300, 132
Trd, 258982.567, 126
Trd, 258982.900, 111
Trd, 258983.417, 140
Trd, 258983.533, 125
Trd, 258983.617, 112
Trd, 258983.683, 114
Trd, 258983.983, 131
Trd, 258984.150, 139
Trd, 258984.633, 108
Trd, 258984.750, 114
Trd, 258985.067, 94
Trd, 258985.133, 120
Trd, 258985.217, 114
Trd, 258985.717, 96
Trd, 258985.750, 91
Trd, 258986.650, 86
Trd, 258986.850, 80
Trd, 258986.867, 112
Trd, 258987.133, 83
Trd, 258987.383, 85
Trd, 258988.150, 140
Trd, 258988.633, 139
Trd, 258988.733, 137
Trd, 258988.750, 137
Trd, 258988.833, 129
Trd, 258989.433, 123
Trd, 258989.483, 122
Trd, 258990.133, 133
Trd, 258990.267, 124
Trd, 258990.817, 113
Trd, 258991.333, 109
Trd, 258992.083, 139
Trd, 258992.150, 134
Trd, 258992.167, 129
Trd, 258992.183, 122
Trd, 258992.417, 115
Trd, 258992.667, 121
Trd, 258992.900, 126
Trd, 258993.117, 139
Trd, 258993.417, 123
Trd, 258993.950, 115
Trd, 258994.000, 114
Trd, 258994.567, 124
Trd, 258994.600, 107
Trd, 258994.650, 103
Trd, 258994.833, 100
Trd, 258994.933, 103
Trd, 258995.067, 122
Trd, 258995.683, 137
Trd, 258995.767, 127
Trd, 258995.867, 121
Trd, 258996.100, 117
Trd, 258996.467, 130
Trd, 258996.533, 131
Trd, 258996.800, 113
Trd, 258996.933, 109
Trd, 258996.983, 109
Trd, 258997.217, 94
Trd, 258997.483, 126
Trd, 258998.117, 137
Trd, 258998.417, 124
Trd, 258998.500, 123
Trd, 258998.717, 104
Trd, 258998.917, 112
Trd, 258998.950, 103
Trd, 258999.250, 116
Trd, 258999.333, 132
Trd, 258999.350, 115
Trd, 258999.450, 102
Trd, 258999.733, 101
Trd, 259000.067, 126
Trd, 259000.100, 90
Trd, 259000.217, 137
Trd, 259001.167, 102
Trd, 259001.367, 102
Trd, 259001.517, 103
Trd, 259001.633, 104
Trd, 259001.700, 99
Trd, 259001.767, 88
Trd, 259001.817, 79
Trd, 259002.467, 122
Trd, 259002.600, 131
Trd, 259002.683, 95
Trd, 259003.283, 130
Trd, 259003.300, 130
Trd, 259003.417, 93
Trd, 259004.117, 109
Trd, 259004.133, 88
Trd, 259004.150, 118
Trd, 259004.167, 79
Trd, 259004.200, 78
Trd, 259004.250, 108
Trd, 259004.567, 127
Trd, 259004.700, 90
Trd, 259005.233, 122
Trd, 259005.400, 129
Trd, 259005.550, 133
Trd, 259006.300, 124
Trd, 259006.417, 124
Trd, 259006.600, 128
Trd, 259007.017, 121
Trd, 259007.033, 111
Trd, 259007.317, 121
Trd, 259007.800, 131
Trd, 259007.833, 114
Trd, 259008.550, 125
Trd, 259008.983, 115
Trd, 259009.050, 138
Trd, 259009.200, 113
Trd, 259009.567, 113
Trd, 259009.817, 108
Trd, 259009.950, 109
Trd, 259010.083, 116
Trd, 259010.317, 140
Trd, 259010.350, 110
Trd, 259010.767, 134
Trd, 259010.817, 104
Trd, 259010.850, 99
Trd, 259011.300, 120
Trd, 259011.467, 111
Trd, 259011.700, 131
Trd, 259011.717, 124
Trd, 259011.867, 105
Trd, 259011.950, 140
Trd, 259012.933, 116
Trd, 259013.250, 129
Trd, 259013.267, 129
Trd, 259013.633, 114
Trd, 259014.167, 120
Trd, 259014.550, 139
Trd, 259014.667, 138
Trd, 259015.083, 125
Trd, 259015.383, 113
Trd, 259016.517, 110
Trd, 259016.617, 107
Trd, 259016.783, 103
Trd, 259016.850, 102
Trd, 259016.867, 92
Trd, 259017.033, 122
Trd, 259017.650, 98
Trd, 259017.700, 96
Trd, 259017.867, 119
Trd, 259018.150, 122
Trd, 259018.233, 110
Trd, 259018.383, 106
Trd, 259018.483, 109
Trd, 259018.683, 85
Trd, 259019.033, 128
Trd, 259019.100, 126
Trd, 259019.117, 92
Trd, 259019.200, 128
Trd, 259019.367, 95
Trd, 259019.733, 140
Trd, 259020.150, 136
Trd, 259020.183, 127
Trd, 259020.350, 125
Trd, 259020.417, 121
Trd, 259020.500, 122
Trd, 259020.600, 117
Trd, 259020.950, 95
Trd, 259021.517, 128
Trd, 259022.283, 131
Trd, 259022.333, 113
Trd, 259023.117, 116
Trd, 259023.217, 130
Trd, 259023.517, 115
Trd, 259023.583, 114
Trd, 259023.767, 111
Trd, 259024.250, 129
Trd, 259024.300, 122
Trd, 259024.867, 138
Trd, 259025.000, 105
Trd, 259025.167, 140
Trd, 259025.617, 140
Trd, 259025.767, 140
Trd, 259025.967, 128
Trd, 259026.283, 107
Trd, 259027.067, 132
Trd, 259027.433, 136
Trd, 259027.850, 136
Trd, 259028.000, 131
Trd, 259028.050, 131
Trd, 259028.300, 129
Trd, 259028.700, 133
Trd, 259029.033, 132
Trd, 259029.067, 123
Trd, 259029.200, 129
Trd, 259029.483, 117
Trd, 259029.567, 137
Trd, 259030.217, 126
Trd, 259030.383, 122
Trd, 259030.583, 119
Trd, 259030.717, 99
Trd, 259031.267, 131
Trd, 259031.667, 114
Trd, 259031.817, 132
Trd, 259031.950, 114
Trd, 259032.050, 140
Trd, 259032.250, 122
Trd, 259032.483, 110
Trd, 259033.033, 118
Trd, 259033.167, 115
Trd, 259033.650, 102
Trd, 259033.733, 104
Trd, 259033.850, 105
Trd, 259034.017, 129
Trd, 259034.050, 99
Trd, 259034.083, 94
Trd, 259035.567, 116
Trd, 259036.083, 138
Trd, 259036.283, 127
Trd, 259036.317, 125
Trd, 259036.483, 111
Trd, 259036.500, 102
Trd, 259036.750, 97
Trd, 259037.067, 113
Trd, 259037.083, 98
Trd, 259037.933, 136
Trd, 259038.117, 135
Trd, 259038.183, 126
Trd, 259038.233, 124
Trd, 259038.250, 120
Trd, 259038.350, 115
Trd, 259038.750, 130
Trd, 259038.800, 114
Trd, 259038.950, 110
Trd, 259039.533, 117
Trd, 259039.550, 112
Trd, 259040.233, 139
Trd, 259040.350, 120
Trd, 259040.883, 117
Trd, 259040.950, 116
Trd, 259041.183, 111
Trd, 259041.217, 101
Trd, 259041.533, 137
Trd, 259041.617, 139
Trd, 259041.783, 116
Trd, 259042.167, 140
Trd, 259042.683, 122
Trd, 259042.800, 113
Trd, 259043.400, 131
Trd, 259043.417, 98
Trd, 259043.483, 94
Trd, 259043.533, 87
Trd, 259044.250, 140
Trd, 259044.467, 99
Trd, 259044.600, 96
Trd, 259045.283, 103
Trd, 259045.383, 95
Trd, 259045.517, 95
Trd, 259045.683, 106
Trd, 259045.933, 88
Trd, 259045.983, 103
Trd, 259046.133, 107
Trd, 259046.183, 85
Trd, 259046.317, 116
Trd, 259046.433, 135
Trd, 259047.450, 113
Trd, 259047.917, 127
Trd, 259048.400, 136
Trd, 259048.550, 130
Trd, 259048.667, 127
Trd, 259048.917, 130
Trd, 259049.017, 126
Trd, 259049.267, 125
Trd, 259049.667, 120
Trd, 259050.333, 115
Trd, 259050.400, 125
Trd, 259050.683, 131
Trd, 259050.733, 126
Trd, 259050.750, 113
Trd, 259050.883, 133
Trd, 259050.933, 113
Trd, 259051.983, 125
Trd, 259052.050, 111
Trd, 259052.150, 110
Trd, 259052.483, 99
Trd, 259052.567, 98
Trd, 259052.950, 97
Trd, 259053.283, 93
Trd, 259053.300, 104
Trd, 259053.350, 105
Trd, 259053.367, 106
Trd, 259054.033, 111
Trd, 259054.100, 110
Trd, 259054.867, 105
Trd, 259055.150, 137
Trd, 259055.300, 103
Trd, 259055.550, 124
Trd, 259056.100, 132
Trd, 259056.383, 117
Trd, 259056.717, 116
Trd, 259056.817, 138
Trd, 259056.933, 112
Trd, 259056.950, 110
Trd, 259057.183, 116
Trd, 259057.317, 109
Trd, 259057.333, 108
Trd, 259057.600, 108
Trd, 259057.833, 126
Trd, 259058.017, 124
Trd, 259058.467, 121
Trd, 259058.883, 112
Trd, 259059.150, 110
Trd, 259059.433, 103
Trd, 259059.483, 102
Trd, 259059.517, 126
Trd, 259059.567, 128
Trd, 259060.183, 112
Trd, 259060.633, 126
Trd, 259060.900, 129
Trd, 259061.000, 108
Trd, 259061.583, 122
Trd, 259061.883, 135
Trd, 259061.900, 135
Trd, 259062.167, 134
Trd, 259062.267, 115
Trd, 259062.733, 114
Trd, 259063.050, 140
Trd, 259063.800, 137
Trd, 259064.083, 138
Trd, 259064.450, 106
Trd, 259064.550, 115
Trd, 259064.933, 103
Trd, 259065.033, 137
Trd, 259065.483, 117
Trd, 259065.867, 138
Trd, 259065.950, 124
Trd, 259065.983, 123
Trd, 259066.467, 129
Trd, 259066.483, 115
Trd, 259067.117, 125
Trd, 259067.133, 112
Trd, 259067.217, 111
Trd, 259067.533, 129
Trd, 259067.767, 136
Trd, 259068.050, 130
Trd, 259068.483, 115
Trd, 259068.650, 107
Trd, 259069.367, 127
Trd, 259069.650, 135
Trd, 259069.667, 122
Trd, 259069.683, 119
Trd, 259069.983, 139
Trd, 259070.383, 132
Trd, 259070.667, 127
Trd, 259070.700, 122
Trd, 259070.917, 131
Trd, 259071.183, 130
Trd, 259071.533, 131
Trd, 259071.550, 121
Trd, 259071.650, 114
Trd, 259071.833, 112
Trd, 259071.950, 109
Trd, 259072.183, 88
Trd, 259072.217, 132
Trd, 259072.433, 86
Trd, 259072.983, 112
Trd, 259073.417, 110
Trd, 259074.433, 120
Trd, 259075.083, 123
Trd, 259075.117, 124
Trd, 259075.183, 117
Trd, 259075.383, 125
Trd, 259075.417, 114
Trd, 259075.567, 133
Trd, 259076.083, 127
Trd, 259076.267, 131
Trd, 259076.283, 117
Trd, 259076.367, 140
Trd, 259076.383, 109
Trd, 259076.700, 107
Trd, 259076.850, 99
Trd, 259077.417, 96
Trd, 259078.200, 121
Trd, 259078.400, 116
Trd, 259078.567, 113
Trd, 259078.717, 126
Trd, 259078.800, 99
Trd, 259078.950, 99
Trd, 259079.167, 88
Trd, 259079.500, 100
Trd, 259079.600, 83
Trd, 259079.900, 101
Trd, 259080.100, 102
Trd, 259080.217, 100
Trd, 259080.550, 110
Trd, 259080.567, 101
Trd, 259080.817, 114
Trd, 259080.983, 111
Trd, 259081.117, 119
Trd, 259081.150, 110
Trd, 259081.567, 135
Trd, 259081.583, 107
Trd, 259082.500, 140
Trd, 259082.983, 120
Trd, 259083.417, 116
Trd, 259083.833, 109
Trd, 259083.850, 102
Trd, 259084.467, 118
Trd, 259084.567, 111
Trd, 259085.300, 137
Trd, 259085.617, 123
Trd, 259085.750, 122
Trd, 259085.883, 139
Trd, 259085.900, 127
Trd, 259086.000, 115
Trd, 259086.400, 120
Trd, 259086.800, 129
Trd, 259087.000, 112
Trd, 259087.233, 115
Trd, 259087.417, 106
Trd, 259087.550, 137
Trd, 259088.200, 112
Trd, 259088.217, 106
Trd, 259088.350, 118
Trd, 259088.683, 119
Trd, 259088.983, 97
Trd, 259089.267, 104
Trd, 259089.850, 107
Trd, 259090.633, 113
Trd, 259090.767, 104
Trd, 259090.850, 103
Trd, 259090.933, 100
Trd, 259091.000, 100
Trd, 259091.067, 117
Trd, 259091.367, 109
Trd, 259091.483, 100
Trd, 259091.617, 112
Trd, 259092.067, 127
Trd, 259092.183, 139
Trd, 259092.633, 135
Trd, 259093.700, 135
Trd, 259093.800, 134
Trd, 259093.917, 132
Trd, 259094.333, 136
Trd, 259094.367, 129
Trd, 259094.533, 129
Trd, 259094.833, 127
Trd, 259094.983, 126
Trd, 259095.317, 113
Trd, 259095.350, 139
Trd, 259095.650, 106
Trd, 259096.000, 102
Trd, 259096.017, 101
Trd, 259096.033, 96
Trd, 259096.233, 81
Trd, 259096.300, 109
Trd, 259096.600, 73
Trd, 259096.733, 75
Trd, 259097.367, 100
Trd, 259097.717, 103
Trd, 259097.967, 124
Trd, 259098.000, 130
Trd, 259098.100, 119
Trd, 259098.200, 116
Trd, 259098.400, 110
Trd, 259098.867, 140
Trd, 259099.217, 109
Trd, 259099.283, 128
Trd, 259099.500, 130
Trd, 259099.517, 129
Trd, 259099.850, 112
Trd, 259099.967, 117
Trd, 259101.100, 119
Trd, 259101.317, 119
Trd, 259101.350, 123
Trd, 259101.683, 136
Trd, 259102.117, 140
Trd, 259102.500, 139
Trd, 259102.833, 140
Trd, 259103.000, 124
Trd, 259103.550, 120
Trd, 259103.683, 119
Trd, 259103.700, 118
Trd, 259103.867, 118
Trd, 259103.917, 117
Trd, 259104.017, 111
Trd, 259104.233, 110
Trd, 259104.333, 108
Trd, 259104.367, 128
Trd, 259104.467, 102
Trd, 259104.633, 128
Trd, 259104.650, 98
Trd, 259105.067, 103
Trd, 259105.367, 100
Trd, 259105.400, 88
Trd, 259105.517, 102
Trd, 259105.817, 87
Trd, 259106.067, 110
Trd, 259106.083, 85
Trd, 259106.333, 84
Trd, 259106.733, 81
Trd, 259106.950, 118
Trd, 259107.283, 103
Trd, 259107.383, 102
Trd, 259107.817, 89
Trd, 259108.233, 116
Trd, 259108.317, 128
Trd, 259108.333, 130
Trd, 259108.433, 130
Trd, 259109.067, 122
Trd, 259109.367, 128
Trd, 259109.817, 118
Trd, 259109.833, 113
Trd, 259109.917, 111
Trd, 259110.133, 109
Trd, 259110.317, 109
Trd, 259110.533, 102
Trd, 259110.883, 105
Trd, 259110.950, 90
Trd, 259111.217, 102
Trd, 259111.717, 90
Trd, 259112.250, 110
Trd, 259112.567, 126
Trd, 259112.683, 112
Trd, 259112.700, 127
Trd, 259112.750, 117
Trd, 259113.067, 129
Trd, 259113.250, 111
Trd, 259113.367, 110
Trd, 259113.383, 109
Trd, 259113.933, 101
Trd, 259114.317, 123
Trd, 259114.717, 122
Trd, 259114.833, 119
Trd, 259114.900, 117
Trd, 259115.600, 139
Trd, 259116.450, 140
Trd, 259116.483, 135
Trd, 259116.650, 129
Trd, 259116.850, 126
Trd, 259116.950, 114
Trd, 259117.600, 138
Trd, 259117.733, 134
Trd, 259118.200, 133
Trd, 259118.317, 133
Trd, 259118.617, 131
Trd, 259118.983, 139
Trd, 259119.117, 123
Trd, 259119.317, 122
Trd, 259119.367, 124
Trd, 259119.400, 107
Trd, 259119.433, 126
Trd, 259119.467, 105
Trd, 259119.533, 104
Trd, 259120.133, 136
Trd, 259120.283, 135
Trd, 259120.317, 134
Trd, 259120.383, 136
Trd, 259120.433, 133
Trd, 259120.850, 109
Trd, 259120.917, 100
Trd, 259121.183, 101
Trd, 259121.550, 114
Trd, 259121.617, 98
Trd, 259121.667, 87
Trd, 259121.983, 117
Trd, 259122.183, 123
Trd, 259122.467, 121
Trd, 259124.117, 118
Trd, 259124.267, 128
Trd, 259124.450, 118
Trd, 259124.600, 112
Trd, 259124.967, 134
Trd, 259125.217, 126
Trd, 259125.433, 118
Trd, 259125.450, 117
Trd, 259125.600, 119
Trd, 259125.633, 105
Trd, 259125.817, 125
Trd, 259126.083, 104
Trd, 259126.167, 138
Trd, 259126.317, 103
Trd, 259126.717, 114
Trd, 259126.800, 112
Trd, 259127.400, 94
Trd, 259127.583, 99
Trd, 259127.817, 91
Trd, 259127.917, 93
Trd, 259128.117, 91
Trd, 259128.283, 109
Trd, 259128.383, 95
Trd, 259128.700, 119
Trd, 259129.050, 118
Trd, 259129.067, 117
Trd, 259129.383, 115
Trd, 259129.800, 126
Trd, 259129.950, 127
Trd, 259130.033, 133
Trd, 259130.517, 125
Trd, 259130.733, 120
Trd, 259130.867, 126
Trd, 259131.133, 125
Trd, 259131.167, 126
Trd, 259131.633, 107
Trd, 259132.017, 128
Trd, 259132.083, 109
Trd, 259132.200, 95
Trd, 259132.500, 97
Trd, 259132.750, 140
Trd, 259133.200, 118
Trd, 259133.467, 109
Trd, 259133.850, 140
Trd, 259134.217, 140
Trd, 259134.517, 130
Trd, 259134.567, 129
Trd, 259135.800, 133
Trd, 259136.400, 131
Trd, 259136.800, 124
Trd, 259137.017, 136
Trd, 259137.517, 120
Trd, 259137.583, 117
Trd, 259137.800, 109
Trd, 259137.967, 140
Trd, 259138.000, 113
Trd, 259138.250, 136
Trd, 259138.467, 112
Trd, 259138.517, 105
Trd, 259139.050, 133
Trd, 259139.183, 132
Trd, 259139.217, 126
Trd, 259139.917, 126
Trd, 259139.933, 125
Trd, 259140.100, 124
Trd, 259140.117, 114
Trd, 259140.150, 110
Trd, 259140.417, 96
Trd, 259141.100, 85
Trd, 259141.167, 113
Trd, 259141.200, 84
Trd, 259141.550, 128
Trd, 259142.300, 106
Trd, 259142.533, 132
Trd, 259142.633, 129
Trd, 259142.833, 128
Trd, 259143.400, 127
Trd, 259143.683, 136
Trd, 259143.733, 118
Trd, 259143.967, 120
Trd, 259144.117, 117
Trd, 259144.300, 114
Trd, 259144.383, 120
Trd, 259144.600, 110
Trd, 259144.700, 104
Trd, 259144.783, 103
Trd, 259144.833, 126
Trd, 259145.950, 102
Trd, 259146.017, 122
Trd, 259146.100, 111
Trd, 259146.317, 140
Trd, 259146.383, 108
Trd, 259146.650, 130
Trd, 259147.300, 100
Trd, 259147.667, 127
Trd, 259147.750, 135
Trd, 259148.617, 139
Trd, 259148.783, 137
Trd, 259148.917, 112
Trd, 259149.417, 138
Trd, 259149.750, 117
Trd, 259149.867, 139
Trd, 259150.017, 112
Trd, 259150.167, 126
Trd, 259150.717, 125
Trd, 259150.817, 123
Trd, 259150.833, 112
Trd, 259151.033, 128
Trd, 259151.167, 124
Trd, 259151.633, 125
Trd, 259151.900, 140
Trd, 259152.150, 140
Trd, 259153.283, 113
Trd, 259153.317, 97
Trd, 259153.600, 125
Trd, 259153.617, 113
Trd, 259154.200, 126
Trd, 259154.367, 127
Trd, 259154.500, 127
Trd, 259154.550, 125
Trd, 259155.200, 132
Trd, 259155.250, 125
Trd, 259155.417, 123
Trd, 259155.467, 114
Trd, 259155.500, 112
Trd, 259156.133, 111
Trd, 259156.450, 108
Trd, 259156.817, 110
Trd, 259156.900, 109
Trd, 259157.000, 112
Trd, 259157.017, 108
Trd, 259157.033, 105
Trd, 259157.183, 104
Trd, 259157.300, 102
Trd, 259157.800, 129
Trd, 259157.900, 113
Trd, 259158.100, 114
Trd, 259158.333, 100
Trd, 259158.400, 97
Trd, 259158.600, 96
Trd, 259158.900, 78
Trd, 259159.050, 92
Trd, 259159.300, 109
Trd, 259159.500, 90
Trd, 259159.833, 96
Trd, 259160.533, 110
Trd, 259160.700, 130
Trd, 259160.783, 85
Trd, 259161.433, 97
Trd, 259161.567, 81
Trd, 259162.067, 101
Trd, 259162.383, 91
Trd, 259162.617, 90
Trd, 259162.750, 97
Trd, 259162.983, 103
Trd, 259163.133, 104
Trd, 259163.400, 84
Trd, 259163.650, 130
Trd, 259163.800, 112
Trd, 259164.083, 82
Trd, 259164.267, 120
Trd, 259164.400, 82
Trd, 259165.067, 105
Trd, 259165.367, 101
Trd, 259165.867, 76
Trd, 259166.250, 116
Trd, 259166.650, 135
Trd, 259167.167, 125
Trd, 259167.450, 119
Trd, 259167.500, 119
Trd, 259167.667, 124
Trd, 259167.983, 109
Trd, 259168.000, 109
Trd, 259168.083, 124
Trd, 259168.300, 124
Trd, 259168.400, 111
Trd, 259168.483, 110
Trd, 259168.983, 111
Trd, 259169.083, 115
Trd, 259169.183, 114
Trd, 259169.600, 115
Trd, 259170.150, 116
Trd, 259170.300, 115
Trd, 259170.350, 111
Trd, 259170.633, 112
Trd, 259170.683, 106
Trd, 259171.050, 118
Trd, 259171.400, 104
Trd, 259171.483, 138
Trd, 259171.850, 130
Trd, 259171.950, 129
Trd, 259172.533, 116
Trd, 259172.583, 105
Trd, 259173.050, 119
Trd, 259173.133, 118
Trd, 259173.633, 118
Trd, 259174.400, 114
Trd, 259174.433, 112
Trd, 259174.967, 123
Trd, 259175.183, 116
Trd, 259175.650, 108
Trd, 259175.750, 124
Trd, 259175.933, 128
Trd, 259176.017, 113
Trd, 259176.367, 107
Trd, 259176.417, 105
Trd, 259176.700, 106
Trd, 259176.750, 104
Trd, 259176.867, 114
Trd, 259177.067, 102
Trd, 259177.250, 98
Trd, 259177.300, 121
Trd, 259177.583, 97
Trd, 259178.150, 140
Trd, 259178.167, 139
Trd, 259178.433, 129
Trd, 259178.500, 127
Trd, 259178.850, 129
Trd, 259179.417, 124
Trd, 259179.883, 133
Trd, 259179.967, 120
Trd, 259180.267, 116
Trd, 259181.133, 139
Trd, 259182.200, 134
Trd, 259182.333, 128
Trd, 259182.500, 126
Trd, 259182.817, 123
Trd, 259183.017, 115
Trd, 259183.350, 115
Trd, 259183.900, 123
Trd, 259183.950, 124
Trd, 259184.150, 111
Trd, 259184.383, 140
Trd, 259184.617, 121
Trd, 259184.850, 120
Trd, 259185.433, 116
Trd, 259185.550, 115
Trd, 259185.633, 112
Trd, 259186.483, 140
Trd, 259186.533, 132
Trd, 259186.567, 130
Trd, 259186.750, 127
Trd, 259186.783, 117
Trd, 259187.033, 113
Trd, 259187.267, 103
Trd, 259187.417, 85
Trd, 259187.733, 94
Trd, 259188.050, 95
Trd, 259188.233, 128
Trd, 259188.283, 124
Trd, 259188.333, 109
Trd, 259188.417, 102
Trd, 259188.733, 124
Trd, 259188.917, 99
Trd, 259190.117, 138
Trd, 259190.367, 137
Trd, 259190.400, 136
Trd, 259190.767, 131
Trd, 259190.983, 130
Trd, 259191.133, 129
Trd, 259191.333, 128
Trd, 259191.600, 128
Trd, 259191.700, 121
Trd, 259193.333, 118
Trd, 259193.383, 117
Trd, 259193.417, 114
Trd, 259193.800, 121
Trd, 259193.917, 126
Trd, 259194.233, 126
Trd, 259194.667, 131
Trd, 259195.467, 123
Trd, 259195.483, 116
Trd, 259195.700, 133
Trd, 259195.800, 111
Trd, 259196.183, 137
Trd, 259196.200, 120
Trd, 259196.250, 115
Trd, 259196.467, 139
Trd, 259196.650, 118
Trd, 259196.767, 106
Trd, 259197.167, 121
Trd, 259197.567, 117
Trd, 259197.617, 121
Trd, 259197.883, 115
Trd, 259197.983, 99
Trd, 259198.150, 122
Trd, 259198.250, 109
Trd, 259198.767, 94
Trd, 259198.883, 107
Trd, 259198.917, 112
Trd, 259198.950, 134
Trd, 259199.200, 133
Trd, 259199.317, 112
Trd, 259199.683, 122
