Trd, 258589.000, 139
Trd, 258589.083, 123
Trd, 258589.200, 118
Trd, 258589.233, 108
Trd, 258589.383, 133
Trd, 258589.817, 111
Trd, 258589.950, 138
Trd, 258590.617, 136
Trd, 258591.000, 117
Trd, 258591.283, 122
Trd, 258591.433, 128
Trd, 258591.717, 117
Trd, 258592.267, 138
Trd, 258592.350, 137
Trd, 258592.500, 132
Trd, 258592.633, 128
Trd, 258593.083, 124
Trd, 258593.633, 122
Trd, 258593.850, 120
Trd, 258594.033, 119
Trd, 258594.083, 118
Trd, 258594.183, 111
Trd, 258594.233, 127
Trd, 258594.367, 109
Trd, 258594.700, 120
Trd, 258594.867, 109
Trd, 258595.183, 129
Trd, 258595.350, 121
Trd, 258595.983, 125
Trd, 258596.300, 139
Trd, 258596.483, 118
Trd, 258596.633, 120
Trd, 258596.883, 140
Trd, 258596.950, 117
Trd, 258596.967, 102
Trd, 258597.017, 131
Trd, 258597.050, 96
Trd, 258597.067, 95
Trd, 258597.750, 137
Trd, 258597.900, 114
Trd, 258598.200, 103
Trd, 258598.267, 117
Trd, 258598.333, 106
Trd, 258598.400, 105
Trd, 258598.833, 103
Trd, 258600.000, 127
Trd, 258600.417, 133
Trd, 258600.450, 111
Trd, 258600.700, 120
Trd, 258601.150, 106
Trd, 258601.683, 105
Trd, 258601.800, 104
Trd, 258601.867, 98
Trd, 258601.900, 94
Trd, 258602.017, 87
Trd, 258602.050, 120
Trd, 258602.167, 121
Trd, 258602.250, 122
Trd, 258602.283, 84
Trd, 258602.467, 108
Trd, 258602.500, 128
Trd, 258602.533, 105
Trd, 258602.633, 81
Trd, 258602.733, 136
Trd, 258602.833, 80
Trd, 258603.067, 107
Trd, 258603.200, 90
Trd, 258603.583, 60
Trd, 258603.917, 139
Trd, 258604.933, 119
Trd, 258605.250, 115
Trd, 258605.267, 114
Trd, 258605.433, 113
Trd, 258605.583, 125
Trd, 258605.817, 106
Trd, 258606.050, 134
Trd, 258606.167, 126
Trd, 258606.217, 121
Trd, 258606.500, 125
Trd, 258607.033, 119
Trd, 258607.150, 109
Trd, 258607.217, 130
Trd, 258607.500, 131
Trd, 258607.567, 124
Trd, 258607.967, 137
Trd, 258608.183, 123
Trd, 258608.217, 122
Trd, 258608.333, 117
Trd, 258608.433, 94
Trd, 258608.800, 140
Trd, 258608.983, 137
Trd, 258609.067, 136
Trd, 258609.200, 118
Trd, 258609.700, 133
Trd, 258610.017, 138
Trd, 258610.417, 140
Trd, 258610.617, 134
Trd, 258611.017, 140
Trd, 258611.350, 122
Trd, 258611.733, 139
Trd, 258611.800, 131
Trd, 258611.900, 111
Trd, 258612.050, 109
Trd, 258612.550, 129
Trd, 258612.883, 133
Trd, 258613.367, 120
Trd, 258613.667, 115
Trd, 258614.000, 104
Trd, 258614.117, 108
Trd, 258614.367, 113
Trd, 258614.783, 139
Trd, 258615.150, 128
Trd, 258615.317, 127
Trd, 258615.517, 127
Trd, 258615.600, 134
Trd, 258615.783, 139
Trd, 258616.683, 127
Trd, 258616.700, 126
Trd, 258617.350, 124
Trd, 258617.367, 129
Trd, 258617.583, 125
Trd, 258617.650, 119
Trd, 258617.950, 118
Trd, 258618.017, 99
Trd, 258618.067, 139
Trd, 258618.250, 114
Trd, 258618.683, 113
Trd, 258618.917, 106
Trd, 258619.467, 118
Trd, 258620.117, 131
Trd, 258620.267, 129
Trd, 258620.400, 123
Trd, 258620.450, 116
Trd, 258620.517, 113
Trd, 258620.883, 131
Trd, 258621.083, 104
Trd, 258621.167, 102
Trd, 258621.217, 124
Trd, 258621.433, 105
Trd, 258621.600, 78
Trd, 258621.650, 67
Trd, 258621.750, 69
Trd, 258621.883, 70
Trd, 258621.900, 114
Trd, 258621.967, 95
Trd, 258622.383, 72
Trd, 258622.867, 71
Trd, 258622.917, 103
Trd, 258623.150, 140
Trd, 258624.133, 139
Trd, 258624.183, 138
Trd, 258624.650, 135
Trd, 258624.917, 135
Trd, 258625.083, 134
Trd, 258625.133, 133
Trd, 258625.200, 127
Trd, 258625.317, 138
Trd, 258625.533, 125
Trd, 258625.833, 104
Trd, 258626.000, 117
Trd, 258626.333, 128
Trd, 258626.467, 133
Trd, 258626.800, 132
Trd, 258626.900, 128
Trd, 258627.033, 123
Trd, 258627.450, 112
Trd, 258627.533, 116
Trd, 258627.567, 107
Trd, 258627.783, 134
Trd, 258628.017, 104
Trd, 258628.417, 92
Trd, 258628.517, 115
Trd, 258628.683, 87
Trd, 258628.733, 85
Trd, 258628.917, 104
Trd, 258628.933, 65
Trd, 258629.017, 116
Trd, 258629.383, 70
Trd, 258629.583, 83
Trd, 258629.667, 129
Trd, 258629.783, 98
Trd, 258630.117, 65
Trd, 258630.250, 68
Trd, 258630.383, 122
Trd, 258631.400, 138
Trd, 258631.983, 137
Trd, 258632.750, 138
Trd, 258632.850, 135
Trd, 258632.917, 127
Trd, 258632.933, 125
Trd, 258633.367, 123
Trd, 258634.033, 137
Trd, 258634.350, 128
Trd, 258634.750, 136
Trd, 258635.067, 135
Trd, 258635.167, 135
Trd, 258635.350, 127
Trd, 258635.433, 121
Trd, 258635.483, 119
Trd, 258635.967, 130
Trd, 258635.983, 114
Trd, 258636.317, 118
Trd, 258636.450, 98
Trd, 258636.517, 139
Trd, 258636.867, 139
Trd, 258637.383, 104
Trd, 258637.617, 105
Trd, 258637.717, 104
Trd, 258637.750, 114
Trd, 258637.867, 103
Trd, 258638.000, 113
Trd, 258638.783, 138
Trd, 258639.000, 137
Trd, 258639.217, 140
Trd, 258639.283, 125
Trd, 258639.667, 138
Trd, 258639.717, 117
Trd, 258639.817, 116
Trd, 258639.833, 110
Trd, 258640.000, 116
Trd, 258640.133, 109
Trd, 258640.200, 106
Trd, 258640.333, 136
Trd, 258640.917, 121
Trd, 258640.933, 115
Trd, 258640.983, 112
Trd, 258641.583, 140
Trd, 258641.850, 136
Trd, 258642.583, 138
Trd, 258642.683, 127
Trd, 258642.700, 118
Trd, 258642.817, 138
Trd, 258643.117, 122
Trd, 258643.383, 107
Trd, 258643.567, 96
Trd, 258643.667, 93
Trd, 258643.783, 120
Trd, 258644.683, 140
Trd, 258645.100, 132
Trd, 258645.350, 123
Trd, 258646.033, 140
Trd, 258646.267, 109
Trd, 258646.317, 104
Trd, 258646.383, 103
Trd, 258646.417, 101
Trd, 258646.550, 116
Trd, 258646.833, 103
Trd, 258646.950, 113
Trd, 258647.533, 99
Trd, 258647.583, 96
Trd, 258647.767, 104
Trd, 258647.983, 94
Trd, 258648.100, 93
Trd, 258648.483, 89
Trd, 258648.717, 101
Trd, 258648.850, 89
Trd, 258649.133, 125
Trd, 258649.267, 131
Trd, 258649.367, 103
Trd, 258649.483, 94
Trd, 258650.000, 113
Trd, 258650.033, 90
Trd, 258650.150, 90
Trd, 258650.250, 88
Trd, 258650.283, 85
Trd, 258650.367, 71
Trd, 258650.617, 97
Trd, 258650.783, 136
Trd, 258650.800, 136
Trd, 258651.050, 127
Trd, 258651.350, 138
Trd, 258651.717, 137
Trd, 258652.633, 137
Trd, 258652.683, 136
Trd, 258652.900, 134
Trd, 258653.033, 105
Trd, 258653.150, 103
Trd, 258653.933, 105
Trd, 258654.200, 114
Trd, 258654.317, 112
Trd, 258654.450, 118
Trd, 258654.633, 90
Trd, 258654.667, 84
Trd, 258654.750, 78
Trd, 258654.900, 140
Trd, 258655.150, 136
Trd, 258656.333, 121
Trd, 258656.883, 122
Trd, 258657.017, 119
Trd, 258657.150, 139
Trd, 258657.250, 138
Trd, 258657.317, 137
Trd, 258657.367, 114
Trd, 258657.383, 104
Trd, 258657.617, 89
Trd, 258657.783, 81
Trd, 258657.850, 118
Trd, 258658.150, 128
Trd, 258658.267, 83
Trd, 258658.400, 76
Trd, 258658.783, 118
Trd, 258659.067, 140
Trd, 258659.200, 140
Trd, 258659.367, 136
Trd, 258659.417, 124
Trd, 258659.850, 133
Trd, 258660.233, 106
Trd, 258660.267, 101
Trd, 258660.900, 86
Trd, 258661.450, 88
Trd, 258661.467, 112
Trd, 258662.000, 138
Trd, 258662.033, 137
Trd, 258662.250, 100
Trd, 258662.367, 107
Trd, 258662.567, 105
Trd, 258662.683, 115
Trd, 258662.767, 99
Trd, 258662.883, 99
Trd, 258663.150, 101
Trd, 258663.250, 96
Trd, 258663.367, 135
Trd, 258663.467, 95
Trd, 258663.600, 110
Trd, 258663.667, 124
Trd, 258664.283, 135
Trd, 258664.583, 125
Trd, 258664.617, 124
Trd, 258664.633, 123
Trd, 258664.750, 116
Trd, 258664.817, 119
Trd, 258664.850, 110
Trd, 258664.950, 93
Trd, 258664.983, 89
Trd, 258665.117, 89
Trd, 258665.167, 64
Trd, 258665.483, 62
Trd, 258666.050, 135
Trd, 258666.500, 117
Trd, 258666.600, 115
Trd, 258666.950, 116
Trd, 258667.133, 127
Trd, 258667.367, 102
Trd, 258667.400, 92
Trd, 258667.583, 127
Trd, 258667.733, 130
Trd, 258667.883, 111
Trd, 258667.933, 110
Trd, 258668.050, 101
Trd, 258668.917, 90
Trd, 258669.050, 74
Trd, 258669.200, 108
Trd, 258669.633, 104
Trd, 258669.717, 96
Trd, 258669.983, 96
Trd, 258670.383, 110
Trd, 258670.617, 97
Trd, 258671.000, 99
Trd, 258671.117, 100
Trd, 258671.217, 97
Trd, 258671.317, 109
Trd, 258671.367, 91
Trd, 258671.567, 90
Trd, 258671.650, 79
Trd, 258672.067, 93
Trd, 258672.617, 97
Trd, 258673.100, 118
Trd, 258673.200, 123
Trd, 258673.250, 108
Trd, 258673.517, 95
Trd, 258673.717, 94
Trd, 258673.783, 92
Trd, 258673.917, 124
Trd, 258673.967, 117
Trd, 258674.383, 91
Trd, 258674.517, 75
Trd, 258674.917, 123
Trd, 258674.983, 121
Trd, 258675.000, 110
Trd, 258675.483, 97
Trd, 258675.567, 99
Trd, 258675.833, 96
Trd, 258676.050, 103
Trd, 258676.383, 130
Trd, 258676.533, 140
Trd, 258676.833, 137
Trd, 258677.033, 127
Trd, 258677.417, 129
Trd, 258677.433, 126
Trd, 258677.650, 128
Trd, 258677.750, 135
Trd, 258678.000, 139
Trd, 258678.567, 137
Trd, 258678.717, 136
Trd, 258678.850, 136
Trd, 258679.150, 119
Trd, 258679.583, 116
Trd, 258679.800, 95
Trd, 258679.967, 93
Trd, 258680.267, 115
Trd, 258680.350, 129
Trd, 258680.433, 133
Trd, 258680.650, 98
Trd, 258680.850, 97
Trd, 258680.900, 106
Trd, 258680.933, 128
Trd, 258681.117, 122
Trd, 258681.550, 139
Trd, 258681.700, 138
Trd, 258681.900, 128
Trd, 258682.450, 128
Trd, 258682.517, 136
Trd, 258682.567, 102
Trd, 258682.683, 93
Trd, 258683.200, 122
Trd, 258683.233, 115
Trd, 258683.500, 94
Trd, 258683.733, 126
Trd, 258683.783, 89
Trd, 258684.150, 127
Trd, 258684.300, 109
Trd, 258684.700, 121
Trd, 258685.000, 124
Trd, 258685.367, 118
Trd, 258685.400, 128
Trd, 258685.467, 117
Trd, 258685.483, 107
Trd, 258685.500, 99
Trd, 258685.650, 92
Trd, 258686.100, 126
Trd, 258686.217, 108
Trd, 258686.350, 107
Trd, 258686.383, 106
Trd, 258686.433, 85
Trd, 258686.617, 107
Trd, 258687.483, 122
Trd, 258687.617, 139
Trd, 258687.800, 122
Trd, 258687.900, 120
Trd, 258687.983, 107
Trd, 258688.050, 105
Trd, 258688.217, 66
Trd, 258688.567, 61
Trd, 258689.033, 85
Trd, 258689.383, 90
Trd, 258690.133, 110
Trd, 258690.333, 94
Trd, 258690.417, 81
Trd, 258690.583, 76
Trd, 258690.733, 109
Trd, 258691.000, 140
Trd, 258691.067, 120
Trd, 258691.083, 82
Trd, 258691.517, 118
Trd, 258691.533, 96
Trd, 258692.100, 70
Trd, 258692.233, 127
Trd, 258692.533, 71
Trd, 258693.067, 126
Trd, 258693.150, 117
Trd, 258693.267, 113
Trd, 258693.350, 111
Trd, 258693.683, 138
Trd, 258693.900, 102
Trd, 258694.033, 100
Trd, 258694.283, 136
Trd, 258694.483, 136
Trd, 258694.717, 132
Trd, 258694.817, 115
Trd, 258694.883, 128
Trd, 258695.017, 99
Trd, 258695.067, 119
Trd, 258695.450, 121
Trd, 258696.000, 100
Trd, 258696.017, 99
Trd, 258696.133, 94
Trd, 258696.500, 99
Trd, 258696.550, 91
Trd, 258697.267, 138
Trd, 258697.300, 104
Trd, 258697.700, 136
Trd, 258697.717, 115
Trd, 258698.083, 128
Trd, 258698.133, 102
Trd, 258698.833, 132
Trd, 258698.850, 85
Trd, 258699.317, 131
Trd, 258699.450, 110
Trd, 258699.583, 140
Trd, 258700.200, 127
Trd, 258700.767, 125
Trd, 258701.150, 137
Trd, 258701.267, 112
Trd, 258701.367, 89
Trd, 258701.417, 80
Trd, 258701.633, 134
Trd, 258702.000, 122
Trd, 258702.583, 126
Trd, 258702.633, 125
Trd, 258702.650, 125
Trd, 258702.983, 124
Trd, 258703.400, 136
Trd, 258703.800, 105
Trd, 258703.833, 120
Trd, 258703.933, 104
Trd, 258704.000, 87
Trd, 258704.417, 117
Trd, 258704.733, 97
Trd, 258704.883, 105
Trd, 258705.350, 90
Trd, 258705.950, 111
Trd, 258706.000, 69
Trd, 258706.033, 67
Trd, 258706.117, 68
Trd, 258706.250, 101
Trd, 258706.500, 86
Trd, 258706.617, 75
Trd, 258706.917, 80
Trd, 258707.117, 89
Trd, 258707.467, 66
Trd, 258707.583, 99
Trd, 258707.767, 112
Trd, 258707.983, 109
Trd, 258708.333, 76
Trd, 258708.650, 97
Trd, 258708.750, 105
Trd, 258708.900, 76
Trd, 258709.150, 114
Trd, 258709.300, 125
Trd, 258709.367, 110
Trd, 258709.500, 96
Trd, 258710.017, 125
Trd, 258710.267, 90
Trd, 258710.817, 92
Trd, 258710.983, 113
Trd, 258711.067, 138
Trd, 258711.217, 91
Trd, 258711.233, 94
Trd, 258711.500, 112
Trd, 258711.633, 111
Trd, 258711.683, 109
Trd, 258711.767, 88
Trd, 258712.017, 122
Trd, 258712.417, 107
Trd, 258712.483, 102
Trd, 258712.650, 112
Trd, 258712.883, 98
Trd, 258713.133, 106
Trd, 258713.383, 123
Trd, 258713.650, 138
Trd, 258713.850, 103
Trd, 258714.167, 95
Trd, 258714.583, 140
Trd, 258715.000, 139
Trd, 258715.317, 123
Trd, 258715.467, 122
Trd, 258715.517, 131
Trd, 258715.883, 136
Trd, 258715.917, 132
Trd, 258716.050, 120
Trd, 258716.267, 137
Trd, 258716.467, 131
Trd, 258716.483, 118
Trd, 258716.633, 112
Trd, 258717.083, 110
Trd, 258717.150, 96
Trd, 258717.200, 85
Trd, 258717.433, 106
Trd, 258717.683, 83
Trd, 258717.867, 92
Trd, 258718.133, 96
Trd, 258718.233, 88
Trd, 258718.500, 87
Trd, 258718.583, 96
Trd, 258718.967, 86
Trd, 258719.067, 113
Trd, 258719.367, 120
Trd, 258719.550, 110
Trd, 258719.817, 60
Trd, 258719.933, 76
Trd, 258720.183, 68
Trd, 258720.350, 77
Trd, 258720.450, 112
Trd, 258720.667, 93
Trd, 258721.150, 109
Trd, 258721.567, 118
Trd, 258721.633, 125
Trd, 258721.667, 100
Trd, 258722.083, 106
Trd, 258722.133, 118
Trd, 258722.233, 132
Trd, 258722.600, 140
Trd, 258722.917, 140
Trd, 258723.217, 139
Trd, 258723.333, 138
Trd, 258723.417, 131
Trd, 258723.533, 129
Trd, 258723.617, 128
Trd, 258723.683, 113
Trd, 258723.717, 101
Trd, 258724.000, 136
Trd, 258724.033, 101
Trd, 258724.167, 92
Trd, 258724.350, 122
Trd, 258724.750, 125
Trd, 258724.817, 124
Trd, 258724.850, 101
Trd, 258725.417, 137
Trd, 258725.500, 114
Trd, 258725.833, 111
Trd, 258725.883, 117
Trd, 258725.983, 97
Trd, 258726.000, 131
Trd, 258726.083, 92
Trd, 258726.433, 130
Trd, 258726.450, 129
Trd, 258726.483, 93
Trd, 258727.267, 136
Trd, 258727.583, 130
Trd, 258727.700, 113
Trd, 258727.850, 108
Trd, 258727.917, 107
Trd, 258728.550, 133
Trd, 258729.167, 92
Trd, 258729.300, 107
Trd, 258729.450, 106
Trd, 258729.467, 92
Trd, 258729.583, 72
Trd, 258729.700, 109
Trd, 258729.883, 132
Trd, 258730.183, 99
Trd, 258730.200, 95
Trd, 258730.233, 90
Trd, 258730.517, 89
Trd, 258731.100, 102
Trd, 258731.467, 122
Trd, 258731.550, 121
Trd, 258731.867, 132
Trd, 258732.317, 108
Trd, 258732.367, 138
Trd, 258732.517, 136
Trd, 258732.950, 98
Trd, 258733.117, 95
Trd, 258733.133, 94
Trd, 258733.483, 136
Trd, 258733.500, 128
Trd, 258733.617, 125
Trd, 258733.917, 125
Trd, 258733.967, 124
Trd, 258734.217, 130
Trd, 258734.850, 131
Trd, 258734.867, 130
Trd, 258734.900, 121
Trd, 258734.933, 121
Trd, 258735.100, 111
Trd, 258735.167, 114
Trd, 258735.317, 111
Trd, 258735.433, 77
Trd, 258735.750, 108
Trd, 258736.650, 133
Trd, 258736.767, 127
Trd, 258736.783, 116
Trd, 258736.883, 107
Trd, 258737.033, 93
Trd, 258737.167, 93
Trd, 258737.200, 92
Trd, 258737.567, 114
Trd, 258737.733, 139
Trd, 258738.000, 138
Trd, 258739.033, 133
Trd, 258739.083, 123
Trd, 258739.133, 114
Trd, 258739.650, 109
Trd, 258739.967, 106
Trd, 258740.100, 105
Trd, 258740.200, 113
Trd, 258740.367, 100
Trd, 258740.433, 90
Trd, 258740.650, 87
Trd, 258740.833, 102
Trd, 258740.867, 82
Trd, 258740.950, 77
Trd, 258741.100, 120
Trd, 258741.117, 122
Trd, 258741.767, 120
Trd, 258741.867, 119
Trd, 258741.883, 118
Trd, 258741.917, 112
Trd, 258742.417, 139
Trd, 258742.433, 138
Trd, 258742.800, 123
Trd, 258743.000, 139
Trd, 258743.383, 128
Trd, 258743.417, 127
Trd, 258743.867, 134
Trd, 258744.183, 103
Trd, 258744.517, 93
Trd, 258744.850, 122
Trd, 258745.150, 122
Trd, 258745.267, 124
Trd, 258745.750, 85
Trd, 258745.950, 112
Trd, 258746.017, 81
Trd, 258746.267, 114
Trd, 258746.767, 85
Trd, 258746.867, 85
Trd, 258747.100, 87
Trd, 258747.133, 91
Trd, 258747.233, 94
Trd, 258747.300, 84
Trd, 258747.583, 95
Trd, 258747.783, 105
Trd, 258747.950, 96
Trd, 258747.967, 83
Trd, 258748.467, 139
Trd, 258748.483, 122
Trd, 258749.100, 130
Trd, 258749.283, 133
Trd, 258749.400, 129
Trd, 258749.517, 102
Trd, 258749.550, 137
Trd, 258749.567, 101
Trd, 258749.583, 94
Trd, 258749.750, 140
Trd, 258750.050, 138
Trd, 258750.667, 140
Trd, 258751.367, 139
Trd, 258751.533, 139
Trd, 258751.717, 138
Trd, 258751.817, 135
Trd, 258751.900, 125
Trd, 258752.667, 120
Trd, 258753.100, 109
Trd, 258753.250, 96
Trd, 258753.383, 85
Trd, 258753.783, 99
Trd, 258753.900, 90
Trd, 258754.150, 98
Trd, 258754.167, 113
Trd, 258754.367, 89
Trd, 258754.550, 133
Trd, 258754.700, 86
Trd, 258754.933, 131
Trd, 258755.017, 102
Trd, 258755.150, 85
Trd, 258755.417, 92
Trd, 258755.817, 66
Trd, 258756.350, 67
Trd, 258756.450, 90
Trd, 258756.583, 99
Trd, 258756.800, 118
Trd, 258756.950, 126
Trd, 258757.100, 127
Trd, 258757.150, 81
Trd, 258757.600, 114
Trd, 258757.683, 114
Trd, 258757.717, 121
Trd, 258757.900, 113
Trd, 258758.600, 139
Trd, 258758.633, 127
Trd, 258758.650, 110
Trd, 258758.817, 103
Trd, 258759.083, 139
Trd, 258759.483, 139
Trd, 258759.500, 138
Trd, 258759.600, 130
Trd, 258760.367, 125
Trd, 258760.417, 124
Trd, 258760.483, 136
Trd, 258760.567, 112
Trd, 258760.800, 125
Trd, 258760.933, 112
Trd, 258760.967, 111
Trd, 258761.100, 111
Trd, 258761.333, 136
Trd, 258761.533, 110
Trd, 258761.600, 99
Trd, 258762.067, 125
Trd, 258762.367, 120
Trd, 258762.500, 119
Trd, 258762.833, 138
Trd, 258762.967, 129
Trd, 258763.167, 121
Trd, 258763.650, 124
Trd, 258763.717, 122
Trd, 258763.800, 120
Trd, 258764.617, 137
Trd, 258764.683, 134
Trd, 258764.767, 134
Trd, 258765.167, 132
Trd, 258765.250, 129
Trd, 258765.667, 117
Trd, 258766.600, 120
Trd, 258766.617, 118
Trd, 258766.800, 130
Trd, 258766.933, 116
Trd, 258767.117, 124
Trd, 258767.300, 126
Trd, 258767.400, 135
Trd, 258768.167, 140
Trd, 258768.183, 140
Trd, 258768.333, 110
Trd, 258768.350, 100
Trd, 258768.667, 121
Trd, 258768.933, 121
Trd, 258768.983, 113
Trd, 258769.083, 103
Trd, 258769.100, 101
Trd, 258769.133, 89
Trd, 258769.200, 85
Trd, 258769.433, 104
Trd, 258769.633, 106
Trd, 258769.917, 123
Trd, 258770.517, 124
Trd, 258770.617, 137
Trd, 258770.767, 104
Trd, 258770.933, 91
Trd, 258771.233, 88
Trd, 258771.250, 120
Trd, 258771.450, 85
Trd, 258771.550, 86
Trd, 258771.583, 65
Trd, 258772.250, 105
Trd, 258772.267, 103
Trd, 258772.533, 125
Trd, 258773.000, 118
Trd, 258773.450, 134
Trd, 258773.467, 133
Trd, 258773.550, 105
Trd, 258773.767, 140
Trd, 258773.817, 139
Trd, 258774.083, 120
Trd, 258774.500, 115
Trd, 258774.533, 102
Trd, 258774.567, 102
Trd, 258775.050, 138
Trd, 258775.467, 137
Trd, 258775.500, 131
Trd, 258775.667, 136
Trd, 258775.767, 130
Trd, 258775.917, 126
Trd, 258776.033, 125
Trd, 258776.233, 130
Trd, 258776.767, 129
Trd, 258776.933, 140
Trd, 258777.183, 91
Trd, 258777.367, 103
Trd, 258778.000, 121
Trd, 258778.067, 124
Trd, 258778.217, 120
Trd, 258778.383, 119
Trd, 258778.650, 104
Trd, 258778.950, 91
Trd, 258779.017, 84
Trd, 258779.100, 127
Trd, 258779.450, 139
Trd, 258779.483, 124
Trd, 258779.683, 93
Trd, 258779.900, 118
Trd, 258780.050, 120
Trd, 258780.067, 98
Trd, 258780.100, 97
Trd, 258780.500, 137
Trd, 258781.033, 126
Trd, 258781.333, 121
Trd, 258781.817, 132
Trd, 258781.950, 111
Trd, 258782.017, 110
Trd, 258782.350, 116
Trd, 258782.433, 102
Trd, 258782.633, 118
Trd, 258783.183, 101
Trd, 258783.467, 87
Trd, 258783.850, 132
Trd, 258783.900, 122
Trd, 258784.033, 121
Trd, 258784.183, 103
Trd, 258784.417, 110
Trd, 258784.650, 115
Trd, 258784.700, 113
Trd, 258784.833, 107
Trd, 258784.883, 121
Trd, 258784.933, 123
Trd, 258784.983, 106
Trd, 258785.400, 110
Trd, 258785.733, 138
Trd, 258785.983, 137
Trd, 258786.083, 136
Trd, 258786.300, 109
Trd, 258786.850, 138
Trd, 258786.917, 125
Trd, 258786.967, 87
Trd, 258787.517, 90
Trd, 258787.617, 121
Trd, 258787.733, 79
Trd, 258787.917, 80
Trd, 258788.000, 129
Trd, 258788.183, 113
Trd, 258788.300, 89
Trd, 258788.333, 76
Trd, 258788.383, 67
Trd, 258789.083, 67
Trd, 258789.650, 73
Trd, 258789.833, 87
Trd, 258789.883, 110
Trd, 258790.117, 122
Trd, 258790.183, 110
Trd, 258790.583, 111
Trd, 258790.633, 119
Trd, 258790.783, 119
Trd, 258790.950, 109
Trd, 258791.333, 116
Trd, 258791.833, 75
Trd, 258791.917, 119
Trd, 258792.000, 72
Trd, 258792.317, 70
Trd, 258792.483, 81
Trd, 258792.833, 96
Trd, 258793.050, 110
Trd, 258793.317, 104
Trd, 258793.367, 94
Trd, 258793.483, 94
Trd, 258793.817, 125
Trd, 258793.833, 93
Trd, 258794.017, 106
Trd, 258794.183, 101
Trd, 258794.417, 119
Trd, 258794.617, 104
Trd, 258794.900, 120
Trd, 258795.150, 99
Trd, 258795.217, 119
Trd, 258795.567, 118
Trd, 258795.583, 97
Trd, 258795.700, 108
Trd, 258796.150, 106
Trd, 258796.450, 135
Trd, 258796.600, 125
Trd, 258797.383, 125
Trd, 258797.467, 124
Trd, 258797.850, 133
Trd, 258797.900, 121
Trd, 258797.933, 109
Trd, 258798.050, 113
Trd, 258798.067, 107
Trd, 258798.400, 109
Trd, 258798.467, 107
Trd, 258799.017, 120
Trd, 258799.300, 112
Trd, 258799.600, 105
Trd, 258799.867, 122
Trd, 258799.917, 118
Trd, 258800.567, 140
Trd, 258800.600, 138
Trd, 258800.983, 126
Trd, 258801.050, 119
Trd, 258801.100, 111
Trd, 258801.633, 97
Trd, 258802.033, 92
Trd, 258802.133, 106
Trd, 258802.367, 83
Trd, 258802.383, 82
Trd, 258802.517, 82
Trd, 258802.750, 84
Trd, 258803.383, 98
Trd, 258803.400, 136
Trd, 258803.700, 89
Trd, 258803.733, 122
Trd, 258803.783, 84
Trd, 258804.133, 94
Trd, 258804.383, 124
Trd, 258804.483, 117
Trd, 258804.783, 90
Trd, 258805.083, 121
Trd, 258805.233, 117
Trd, 258805.317, 134
Trd, 258805.367, 113
Trd, 258805.833, 74
Trd, 258805.883, 115
Trd, 258806.133, 137
Trd, 258806.233, 127
Trd, 258806.617, 106
Trd, 258806.633, 100
Trd, 258807.100, 88
Trd, 258807.400, 80
Trd, 258807.433, 101
Trd, 258807.633, 79
Trd, 258807.767, 87
Trd, 258807.850, 105
Trd, 258808.633, 119
Trd, 258808.717, 90
Trd, 258808.833, 84
Trd, 258808.933, 92
Trd, 258809.217, 117
Trd, 258809.233, 106
Trd, 258809.433, 115
Trd, 258809.467, 108
Trd, 258809.483, 131
Trd, 258809.550, 104
Trd, 258809.883, 122
Trd, 258809.983, 72
Trd, 258810.367, 92
Trd, 258811.083, 103
Trd, 258811.150, 98
Trd, 258811.533, 99
Trd, 258811.583, 108
Trd, 258811.733, 107
Trd, 258811.850, 138
Trd, 258811.967, 105
Trd, 258812.683, 97
Trd, 258812.800, 104
Trd, 258813.017, 124
Trd, 258813.300, 134
Trd, 258814.033, 98
Trd, 258814.050, 97
Trd, 258814.100, 97
Trd, 258814.217, 99
Trd, 258814.417, 99
Trd, 258814.533, 78
Trd, 258814.600, 85
Trd, 258814.883, 75
Trd, 258815.083, 86
Trd, 258815.483, 91
Trd, 258815.500, 74
Trd, 258815.783, 90
Trd, 258815.800, 105
Trd, 258815.933, 65
Trd, 258816.183, 106
Trd, 258816.333, 68
Trd, 258816.817, 121
Trd, 258816.917, 120
Trd, 258817.083, 99
Trd, 258817.167, 115
Trd, 258817.550, 108
Trd, 258817.567, 107
Trd, 258817.717, 124
Trd, 258817.900, 135
Trd, 258818.550, 124
Trd, 258818.667, 120
Trd, 258818.983, 128
Trd, 258819.033, 110
Trd, 258819.050, 87
Trd, 258819.617, 128
Trd, 258819.650, 133
Trd, 258819.950, 112
Trd, 258819.983, 100
Trd, 258820.800, 100
Trd, 258821.333, 100
Trd, 258821.783, 88
Trd, 258821.900, 87
Trd, 258821.967, 121
Trd, 258822.183, 123
Trd, 258822.283, 103
Trd, 258822.333, 91
Trd, 258822.817, 128
Trd, 258823.200, 103
Trd, 258823.317, 87
Trd, 258823.450, 117
Trd, 258823.700, 115
Trd, 258823.967, 103
Trd, 258824.083, 102
Trd, 258824.383, 104
Trd, 258824.617, 87
Trd, 258824.667, 85
Trd, 258825.017, 120
Trd, 258825.050, 115
Trd, 258825.117, 107
Trd, 258825.383, 134
Trd, 258825.583, 90
Trd, 258826.133, 139
Trd, 258826.250, 134
Trd, 258826.767, 127
Trd, 258826.900, 123
Trd, 258826.917, 120
Trd, 258827.150, 118
Trd, 258827.750, 123
Trd, 258827.850, 122
Trd, 258827.933, 121
Trd, 258828.050, 117
Trd, 258828.767, 134
Trd, 258828.867, 131
Trd, 258829.317, 128
Trd, 258829.367, 105
Trd, 258829.550, 128
Trd, 258829.783, 95
Trd, 258829.833, 134
Trd, 258830.000, 126
Trd, 258830.250, 113
Trd, 258830.267, 106
Trd, 258830.283, 93
Trd, 258830.383, 70
Trd, 258830.550, 83
Trd, 258830.850, 67
Trd, 258831.250, 97
Trd, 258831.650, 89
Trd, 258831.817, 93
Trd, 258832.150, 95
Trd, 258832.600, 97
Trd, 258832.767, 111
Trd, 258832.817, 94
Trd, 258832.867, 94
Trd, 258832.917, 92
Trd, 258833.050, 78
Trd, 258833.083, 105
Trd, 258833.133, 112
Trd, 258833.200, 111
Trd, 258833.483, 84
Trd, 258834.483, 116
Trd, 258834.583, 115
Trd, 258834.750, 120
Trd, 258834.833, 95
Trd, 258835.183, 99
Trd, 258835.383, 98
Trd, 258835.433, 101
Trd, 258836.050, 130
Trd, 258836.267, 128
Trd, 258836.350, 127
Trd, 258836.667, 128
Trd, 258836.917, 119
Trd, 258837.183, 105
Trd, 258837.333, 136
Trd, 258837.700, 116
Trd, 258837.833, 102
Trd, 258837.950, 97
Trd, 258838.067, 91
Trd, 258838.517, 112
Trd, 258838.650, 96
Trd, 258838.783, 95
Trd, 258838.850, 91
Trd, 258838.917, 84
Trd, 258838.967, 104
Trd, 258839.133, 128
Trd, 258840.083, 138
Trd, 258840.400, 139
Trd, 258840.600, 137
Trd, 258840.617, 134
Trd, 258840.700, 121
Trd, 258840.917, 98
Trd, 258841.150, 97
Trd, 258841.417, 90
Trd, 258841.467, 110
Trd, 258841.700, 115
Trd, 258841.833, 84
Trd, 258842.117, 74
Trd, 258842.317, 125
Trd, 258842.633, 128
Trd, 258842.867, 124
Trd, 258842.900, 107
Trd, 258843.283, 107
Trd, 258843.933, 138
Trd, 258843.967, 103
Trd, 258844.150, 98
Trd, 258844.250, 97
Trd, 258844.350, 136
Trd, 258844.850, 96
Trd, 258845.383, 108
Trd, 258845.483, 95
Trd, 258845.550, 90
Trd, 258845.683, 104
Trd, 258845.933, 98
Trd, 258846.100, 116
Trd, 258846.250, 121
Trd, 258846.400, 116
Trd, 258846.467, 134
Trd, 258847.067, 119
Trd, 258847.233, 106
Trd, 258847.350, 98
Trd, 258847.367, 95
Trd, 258847.817, 117
Trd, 258848.117, 113
Trd, 258848.183, 111
Trd, 258848.200, 118
Trd, 258848.433, 113
Trd, 258848.467, 129
Trd, 258848.633, 139
Trd, 258848.717, 135
Trd, 258849.400, 139
Trd, 258849.800, 132
Trd, 258850.050, 106
Trd, 258850.267, 127
Trd, 258850.650, 130
Trd, 258850.683, 124
Trd, 258850.767, 104
Trd, 258850.850, 103
Trd, 258851.000, 107
Trd, 258851.350, 136
Trd, 258851.433, 79
Trd, 258851.867, 140
Trd, 258852.117, 134
Trd, 258852.650, 135
Trd, 258853.083, 138
Trd, 258853.133, 135
Trd, 258853.150, 135
Trd, 258853.250, 129
Trd, 258853.383, 133
Trd, 258853.467, 140
Trd, 258853.700, 127
Trd, 258853.850, 124
Trd, 258854.017, 115
Trd, 258854.217, 116
Trd, 258854.433, 114
Trd, 258854.533, 112
Trd, 258854.767, 127
Trd, 258855.267, 135
Trd, 258855.367, 105
Trd, 258855.433, 137
Trd, 258855.600, 103
Trd, 258856.017, 101
Trd, 258856.283, 106
Trd, 258856.317, 105
Trd, 258856.567, 105
Trd, 258857.583, 115
Trd, 258857.800, 133
Trd, 258857.917, 131
Trd, 258857.950, 113
Trd, 258858.450, 139
Trd, 258858.850, 125
Trd, 258858.917, 121
Trd, 258859.500, 129
Trd, 258859.567, 120
Trd, 258859.633, 117
Trd, 258859.900, 111
Trd, 258859.950, 102
Trd, 258860.100, 112
Trd, 258860.117, 99
Trd, 258861.367, 121
Trd, 258861.483, 120
Trd, 258861.550, 111
Trd, 258861.650, 131
Trd, 258861.683, 105
Trd, 258861.783, 135
Trd, 258861.950, 129
Trd, 258861.983, 96
Trd, 258862.450, 91
Trd, 258862.483, 125
Trd, 258862.583, 137
Trd, 258862.650, 89
Trd, 258862.733, 83
Trd, 258863.083, 102
Trd, 258863.117, 106
Trd, 258863.433, 109
Trd, 258863.717, 101
Trd, 258864.300, 133
Trd, 258865.033, 140
Trd, 258865.733, 125
Trd, 258866.233, 132
Trd, 258866.267, 125
Trd, 258866.433, 115
Trd, 258866.683, 114
Trd, 258866.717, 111
Trd, 258867.033, 127
Trd, 258867.350, 106
Trd, 258867.417, 97
Trd, 258868.150, 135
Trd, 258868.200, 113
Trd, 258868.333, 94
Trd, 258868.667, 86
Trd, 258868.750, 82
Trd, 258869.600, 94
Trd, 258869.683, 88
Trd, 258869.750, 102
Trd, 258869.867, 116
Trd, 258870.217, 134
Trd, 258870.333, 129
Trd, 258870.350, 87
Trd, 258870.400, 118
Trd, 258870.750, 135
Trd, 258871.200, 138
Trd, 258871.400, 136
Trd, 258871.700, 103
Trd, 258871.733, 101
Trd, 258871.783, 100
Trd, 258872.083, 74
Trd, 258872.233, 100
Trd, 258872.333, 72
Trd, 258872.517, 75
Trd, 258872.567, 107
Trd, 258873.017, 113
Trd, 258873.467, 94
Trd, 258873.633, 100
Trd, 258874.000, 94
Trd, 258874.033, 95
Trd, 258874.117, 83
Trd, 258874.800, 113
Trd, 258875.033, 121
Trd, 258875.150, 116
Trd, 258875.617, 136
Trd, 258875.783, 115
Trd, 258876.500, 115
Trd, 258876.917, 114
Trd, 258877.100, 111
Trd, 258877.117, 102
Trd, 258877.500, 109
Trd, 258877.967, 109
Trd, 258878.150, 140
Trd, 258878.400, 124
Trd, 258878.483, 116
Trd, 258878.550, 106
Trd, 258878.883, 108
Trd, 258879.100, 104
Trd, 258879.283, 100
Trd, 258879.417, 125
Trd, 258879.783, 105
Trd, 258879.867, 102
Trd, 258880.233, 131
Trd, 258880.467, 131
Trd, 258880.883, 137
Trd, 258881.200, 135
Trd, 258881.367, 139
Trd, 258881.900, 124
Trd, 258881.917, 119
Trd, 258882.133, 125
Trd, 258882.267, 114
Trd, 258882.500, 121
Trd, 258882.600, 107
Trd, 258882.817, 127
Trd, 258883.033, 123
Trd, 258883.250, 134
Trd, 258883.333, 126
Trd, 258883.533, 129
Trd, 258883.617, 122
Trd, 258884.083, 140
Trd, 258884.467, 117
Trd, 258884.483, 97
Trd, 258884.667, 137
Trd, 258884.717, 92
Trd, 258884.750, 87
Trd, 258884.817, 102
Trd, 258884.850, 86
Trd, 258885.217, 109
Trd, 258885.633, 133
Trd, 258886.000, 132
Trd, 258886.183, 130
Trd, 258886.267, 118
Trd, 258886.383, 113
Trd, 258886.900, 88
Trd, 258887.200, 78
Trd, 258887.433, 100
Trd, 258887.450, 94
Trd, 258887.667, 132
Trd, 258887.700, 131
Trd, 258887.817, 138
Trd, 258888.167, 126
Trd, 258888.217, 125
Trd, 258888.333, 124
Trd, 258888.383, 114
Trd, 258888.667, 128
Trd, 258888.900, 106
Trd, 258889.200, 133
Trd, 258889.467, 127
Trd, 258889.567, 129
Trd, 258889.650, 121
Trd, 258889.833, 87
Trd, 258890.067, 89
Trd, 258890.083, 90
Trd, 258890.500, 136
Trd, 258890.817, 136
Trd, 258891.133, 133
Trd, 258891.550, 133
Trd, 258891.617, 131
Trd, 258891.633, 130
Trd, 258891.783, 129
Trd, 258891.917, 119
Trd, 258891.983, 110
Trd, 258892.617, 125
Trd, 258892.717, 106
Trd, 258893.083, 129
Trd, 258893.433, 138
Trd, 258893.650, 121
Trd, 258894.117, 124
Trd, 258894.350, 117
Trd, 258894.917, 138
Trd, 258895.183, 117
Trd, 258895.300, 131
Trd, 258895.433, 116
Trd, 258895.450, 110
Trd, 258895.617, 101
Trd, 258895.633, 117
Trd, 258896.367, 135
Trd, 258896.400, 131
Trd, 258896.717, 112
Trd, 258896.817, 129
Trd, 258897.017, 109
Trd, 258897.250, 114
Trd, 258897.600, 115
Trd, 258897.700, 114
Trd, 258898.217, 110
Trd, 258898.317, 100
Trd, 258898.433, 90
Trd, 258898.567, 77
Trd, 258898.783, 99
Trd, 258899.083, 128
Trd, 258899.167, 139
Trd, 258899.350, 103
Trd, 258899.383, 102
Trd, 258899.883, 130
Trd, 258899.967, 131
Trd, 258900.633, 124
Trd, 258900.983, 115
Trd, 258901.083, 110
Trd, 258901.233, 102
Trd, 258901.700, 102
Trd, 258902.267, 125
Trd, 258902.383, 131
Trd, 258902.417, 120
Trd, 258902.567, 138
Trd, 258902.650, 119
Trd, 258902.667, 117
Trd, 258902.750, 110
Trd, 258903.183, 101
Trd, 258903.267, 99
Trd, 258903.317, 98
Trd, 258903.750, 98
Trd, 258904.100, 132
Trd, 258904.383, 128
Trd, 258904.550, 124
Trd, 258904.617, 118
Trd, 258905.033, 90
Trd, 258905.267, 139
Trd, 258905.667, 135
Trd, 258905.833, 133
Trd, 258906.017, 111
Trd, 258906.050, 93
Trd, 258906.450, 119
Trd, 258906.467, 103
Trd, 258906.733, 111
Trd, 258906.767, 99
Trd, 258907.117, 100
Trd, 258907.150, 97
Trd, 258907.417, 97
Trd, 258907.533, 111
Trd, 258907.850, 105
Trd, 258907.967, 115
Trd, 258908.250, 91
Trd, 258908.333, 129
Trd, 258908.817, 116
Trd, 258909.117, 117
Trd, 258909.483, 122
Trd, 258909.500, 116
Trd, 258909.650, 115
Trd, 258909.683, 114
Trd, 258909.700, 113
Trd, 258909.817, 126
Trd, 258910.483, 126
Trd, 258910.600, 104
Trd, 258910.683, 101
Trd, 258910.983, 132
Trd, 258911.633, 120
Trd, 258911.950, 126
Trd, 258912.200, 121
Trd, 258912.617, 115
Trd, 258912.967, 105
Trd, 258913.033, 107
Trd, 258913.050, 109
Trd, 258913.067, 111
Trd, 258913.200, 98
Trd, 258914.133, 117
Trd, 258914.317, 117
Trd, 258914.550, 134
Trd, 258915.033, 134
Trd, 258915.117, 138
Trd, 258915.350, 115
Trd, 258915.800, 140
Trd, 258916.467, 137
Trd, 258916.517, 136
Trd, 258916.817, 134
Trd, 258916.883, 131
Trd, 258917.483, 135
Trd, 258917.550, 126
Trd, 258917.733, 119
Trd, 258918.083, 106
Trd, 258918.200, 115
Trd, 258918.233, 102
Trd, 258918.450, 129
Trd, 258918.617, 116
Trd, 258918.700, 116
Trd, 258918.783, 100
Trd, 258918.967, 76
Trd, 258919.167, 71
Trd, 258919.550, 95
Trd, 258919.600, 121
Trd, 258919.767, 117
Trd, 258920.150, 113
Trd, 258920.300, 92
Trd, 258920.683, 135
Trd, 258920.983, 109
Trd, 258921.433, 114
Trd, 258921.600, 106
Trd, 258921.683, 99
Trd, 258921.800, 132
Trd, 258922.150, 101
Trd, 258922.483, 97
Trd, 258922.667, 96
Trd, 258922.717, 95
Trd, 258923.033, 96
Trd, 258923.083, 110
Trd, 258923.217, 121
Trd, 258923.300, 116
Trd, 258923.333, 95
Trd, 258923.733, 92
Trd, 258923.783, 83
Trd, 258923.933, 107
Trd, 258924.133, 94
Trd, 258924.283, 119
Trd, 258924.567, 113
Trd, 258925.167, 138
Trd, 258925.317, 80
Trd, 258925.500, 65
Trd, 258926.050, 83
Trd, 258926.400, 64
Trd, 258926.567, 74
Trd, 258926.650, 65
Trd, 258927.067, 81
Trd, 258927.150, 79
Trd, 258927.350, 110
Trd, 258927.483, 106
Trd, 258927.817, 106
Trd, 258928.167, 120
Trd, 258928.200, 115
Trd, 258928.917, 110
Trd, 258929.317, 122
Trd, 258929.933, 131
Trd, 258929.950, 121
Trd, 258930.017, 108
Trd, 258930.067, 106
Trd, 258930.300, 107
Trd, 258930.367, 106
Trd, 258930.450, 99
Trd, 258931.067, 127
Trd, 258931.767, 116
Trd, 258931.783, 125
Trd, 258931.817, 108
Trd, 258931.983, 107
Trd, 258932.133, 140
Trd, 258933.317, 118
Trd, 258933.350, 117
Trd, 258933.533, 115
Trd, 258933.567, 123
Trd, 258934.150, 128
Trd, 258934.300, 121
Trd, 258934.450, 115
Trd, 258934.950, 140
Trd, 258935.533, 140
Trd, 258935.967, 139
Trd, 258935.983, 138
Trd, 258936.117, 138
Trd, 258936.150, 138
Trd, 258936.183, 133
Trd, 258936.500, 129
Trd, 258936.833, 126
Trd, 258937.317, 126
Trd, 258937.450, 114
Trd, 258937.683, 111
Trd, 258937.983, 129
Trd, 258938.083, 109
Trd, 258938.267, 107
Trd, 258938.367, 130
Trd, 258938.633, 97
Trd, 258939.000, 86
Trd, 258939.033, 75
Trd, 258939.150, 83
Trd, 258939.167, 73
Trd, 258939.433, 100
Trd, 258939.467, 90
Trd, 258939.633, 113
Trd, 258939.650, 89
Trd, 258939.800, 131
Trd, 258939.933, 90
Trd, 258940.333, 99
Trd, 258940.617, 96
Trd, 258940.817, 95
Trd, 258940.883, 91
Trd, 258941.167, 113
Trd, 258941.267, 136
Trd, 258941.417, 136
Trd, 258941.833, 135
Trd, 258941.950, 107
Trd, 258942.267, 91
Trd, 258942.383, 90
Trd, 258942.650, 92
Trd, 258943.283, 132
Trd, 258943.850, 125
Trd, 258944.200, 121
Trd, 258944.350, 120
Trd, 258944.450, 117
Trd, 258944.500, 96
Trd, 258944.533, 86
Trd, 258944.617, 73
Trd, 258945.200, 140
Trd, 258945.217, 137
Trd, 258945.367, 114
Trd, 258945.383, 110
Trd, 258945.567, 123
Trd, 258945.700, 88
Trd, 258945.950, 102
Trd, 258946.350, 137
Trd, 258946.533, 136
Trd, 258946.933, 134
Trd, 258947.000, 118
Trd, 258947.367, 102
Trd, 258947.633, 99
Trd, 258947.717, 88
Trd, 258948.067, 122
Trd, 258948.250, 101
Trd, 258948.283, 104
Trd, 258948.450, 96
Trd, 258949.567, 124
Trd, 258949.733, 112
Trd, 258949.833, 112
Trd, 258949.850, 111
Trd, 258949.983, 107
Trd, 258950.000, 98
Trd, 258950.683, 127
Trd, 258950.883, 128
Trd, 258951.233, 132
Trd, 258951.317, 76
Trd, 258951.533, 67
Trd, 258951.800, 89
Trd, 258951.967, 70
Trd, 258952.100, 139
Trd, 258952.867, 134
Trd, 258953.583, 132
Trd, 258953.717, 126
Trd, 258953.750, 120
Trd, 258954.117, 140
Trd, 258954.133, 124
Trd, 258954.267, 113
Trd, 258954.367, 112
Trd, 258954.383, 105
Trd, 258954.433, 91
Trd, 258954.567, 91
Trd, 258954.650, 101
Trd, 258954.933, 76
Trd, 258955.400, 109
Trd, 258955.517, 115
Trd, 258955.667, 118
Trd, 258955.983, 121
Trd, 258956.167, 118
Trd, 258956.217, 117
Trd, 258956.600, 110
Trd, 258956.717, 113
Trd, 258956.883, 119
Trd, 258956.967, 111
Trd, 258957.100, 110
Trd, 258957.183, 109
Trd, 258957.533, 107
Trd, 258957.833, 131
Trd, 258957.950, 130
Trd, 258958.300, 121
Trd, 258958.333, 106
Trd, 258958.950, 118
Trd, 258959.767, 125
Trd, 258959.817, 123
Trd, 258960.067, 134
Trd, 258960.150, 118
Trd, 258960.433, 109
Trd, 258961.100, 132
Trd, 258961.233, 124
Trd, 258961.450, 140
Trd, 258961.900, 105
Trd, 258962.067, 131
Trd, 258962.083, 105
Trd, 258962.267, 138
Trd, 258963.000, 138
Trd, 258963.317, 124
Trd, 258963.467, 109
Trd, 258963.533, 96
Trd, 258963.817, 91
Trd, 258963.850, 108
Trd, 258963.967, 88
Trd, 258964.267, 130
Trd, 258964.483, 89
Trd, 258964.950, 138
Trd, 258965.050, 124
Trd, 258965.150, 107
Trd, 258965.283, 90
Trd, 258965.583, 108
Trd, 258965.750, 117
Trd, 258965.850, 88
Trd, 258966.083, 85
Trd, 258966.133, 97
Trd, 258966.233, 101
Trd, 258966.717, 92
Trd, 258966.783, 91
Trd, 258967.433, 124
Trd, 258967.467, 139
Trd, 258967.700, 129
Trd, 258967.817, 120
Trd, 258968.133, 137
Trd, 258968.333, 91
Trd, 258968.383, 90
Trd, 258968.517, 89
Trd, 258968.867, 99
Trd, 258969.083, 114
Trd, 258969.100, 100
Trd, 258969.400, 112
Trd, 258969.733, 136
Trd, 258969.867, 95
Trd, 258970.100, 93
Trd, 258970.367, 84
Trd, 258970.467, 121
Trd, 258970.967, 82
Trd, 258971.100, 80
Trd, 258971.150, 91
Trd, 258972.117, 140
Trd, 258972.283, 139
Trd, 258972.533, 139
Trd, 258972.733, 137
Trd, 258972.833, 126
Trd, 258973.017, 127
Trd, 258973.117, 121
Trd, 258973.600, 128
Trd, 258973.633, 105
Trd, 258973.800, 102
Trd, 258973.817, 102
Trd, 258973.933, 112
Trd, 258974.233, 97
Trd, 258974.617, 120
Trd, 258974.867, 122
Trd, 258975.233, 114
Trd, 258975.350, 113
Trd, 258975.367, 110
Trd, 258975.467, 122
Trd, 258975.517, 99
Trd, 258976.400, 93
Trd, 258976.483, 91
Trd, 258976.650, 132
Trd, 258976.867, 126
Trd, 258977.000, 103
Trd, 258977.233, 99
Trd, 258977.400, 81
Trd, 258977.650, 123
Trd, 258978.333, 128
Trd, 258978.800, 135
Trd, 258978.983, 137
Trd, 258979.050, 128
Trd, 258979.200, 120
Trd, 258979.217, 112
Trd, 258979.333, 100
Trd, 258979.950, 107
Trd, 258979.983, 121
Trd, 258980.283, 110
Trd, 258980.500, 114
Trd, 258980.550, 110
Trd, 258980.650, 114
Trd, 258981.100, 137
Trd, 258981.250, 135
Trd, 258981.267, 88
Trd, 258981.617, 107
Trd, 258981.683, 92
Trd, 258981.933, 85
Trd, 258982.033, 79
Trd, 258982.083, 93
Trd, 258982.183, 99
Trd, 258982.467, 82
Trd, 258982.733, 77
Trd, 258983.283, 74
Trd, 258983.583, 87
Trd, 258983.733, 73
Trd, 258984.267, 99
Trd, 258984.300, 116
Trd, 258984.467, 124
Trd, 258984.533, 94
Trd, 258984.667, 92
Trd, 258984.733, 129
Trd, 258984.750, 133
Trd, 258985.167, 136
Trd, 258985.350, 89
Trd, 258985.383, 100
Trd, 258985.400, 82
Trd, 258985.667, 91
Trd, 258986.133, 96
Trd, 258986.150, 92
Trd, 258986.300, 117
Trd, 258987.033, 111
Trd, 258987.267, 128
Trd, 258987.467, 135
Trd, 258987.517, 122
Trd, 258987.800, 120
Trd, 258987.917, 120
Trd, 258988.283, 131
Trd, 258988.300, 123
Trd, 258989.217, 140
Trd, 258989.333, 140
Trd, 258990.350, 140
Trd, 258990.433, 140
Trd, 258990.683, 121
Trd, 258990.867, 138
Trd, 258990.883, 114
Trd, 258991.167, 111
Trd, 258991.650, 127
Trd, 258991.733, 122
Trd, 258991.983, 112
Trd, 258992.250, 102
Trd, 258992.967, 84
Trd, 258993.000, 85
Trd, 258993.100, 113
Trd, 258993.167, 112
Trd, 258993.450, 110
Trd, 258993.800, 111
Trd, 258993.900, 131
Trd, 258994.317, 115
Trd, 258994.417, 109
Trd, 258994.450, 140
Trd, 258994.500, 108
Trd, 258994.817, 118
Trd, 258995.517, 140
Trd, 258995.617, 140
Trd, 258995.633, 117
Trd, 258995.917, 117
Trd, 258996.433, 137
Trd, 258996.533, 136
Trd, 258996.600, 135
Trd, 258996.633, 133
Trd, 258996.833, 120
Trd, 258997.033, 114
Trd, 258997.183, 110
Trd, 258997.533, 135
Trd, 258997.550, 105
Trd, 258997.617, 103
Trd, 258997.667, 123
Trd, 258997.867, 91
Trd, 258998.267, 140
Trd, 258998.400, 88
Trd, 258998.850, 140
Trd, 258998.883, 139
Trd, 258999.200, 115
Trd, 258999.383, 122
Trd, 258999.867, 123
Trd, 258999.917, 124
Trd, 259000.600, 130
Trd, 259000.800, 114
Trd, 259000.817, 114
Trd, 259000.933, 139
Trd, 259000.983, 114
Trd, 259001.233, 106
Trd, 259001.317, 105
Trd, 259002.067, 99
Trd, 259002.283, 99
Trd, 259002.783, 106
Trd, 259002.917, 131
Trd, 259003.550, 140
Trd, 259003.650, 122
Trd, 259004.217, 138
Trd, 259004.283, 126
Trd, 259004.383, 114
Trd, 259004.550, 112
Trd, 259004.667, 112
Trd, 259005.050, 109
Trd, 259005.067, 106
Trd, 259005.217, 104
Trd, 259005.367, 109
Trd, 259005.467, 102
Trd, 259005.733, 138
Trd, 259006.217, 126
Trd, 259006.367, 111
Trd, 259006.567, 110
Trd, 259006.983, 108
Trd, 259007.283, 86
Trd, 259007.633, 106
Trd, 259007.800, 119
Trd, 259008.050, 139
Trd, 259008.100, 107
Trd, 259008.467, 83
Trd, 259008.550, 85
Trd, 259008.733, 111
Trd, 259008.817, 75
Trd, 259008.867, 93
Trd, 259008.917, 118
Trd, 259009.067, 105
Trd, 259009.267, 101
Trd, 259009.667, 129
Trd, 259009.933, 100
Trd, 259010.267, 126
Trd, 259010.500, 101
Trd, 259010.650, 97
Trd, 259010.950, 68
Trd, 259011.283, 97
Trd, 259011.483, 94
Trd, 259011.633, 104
Trd, 259012.400, 106
Trd, 259012.683, 85
Trd, 259012.817, 92
Trd, 259013.567, 91
Trd, 259013.633, 87
Trd, 259013.733, 87
Trd, 259013.833, 116
Trd, 259013.933, 92
Trd, 259013.950, 83
Trd, 259014.267, 140
Trd, 259014.483, 136
Trd, 259014.650, 125
Trd, 259014.717, 103
Trd, 259014.900, 123
Trd, 259014.933, 102
Trd, 259015.483, 110
Trd, 259015.517, 107
Trd, 259015.633, 110
Trd, 259015.650, 106
Trd, 259016.100, 118
Trd, 259016.133, 117
Trd, 259016.233, 119
Trd, 259016.383, 109
Trd, 259016.617, 108
Trd, 259016.667, 104
Trd, 259017.150, 119
Trd, 259017.583, 123
Trd, 259017.633, 106
Trd, 259018.483, 140
Trd, 259018.533, 139
Trd, 259018.683, 138
Trd, 259018.733, 112
Trd, 259018.783, 100
Trd, 259019.067, 120
Trd, 259019.117, 120
Trd, 259019.300, 100
Trd, 259019.467, 98
Trd, 259019.517, 129
Trd, 259019.550, 139
Trd, 259019.933, 92
Trd, 259019.950, 90
Trd, 259020.100, 88
Trd, 259020.117, 82
Trd, 259020.300, 94
Trd, 259020.867, 91
Trd, 259021.400, 115
Trd, 259021.467, 135
Trd, 259021.583, 112
Trd, 259022.050, 123
Trd, 259022.083, 122
Trd, 259022.183, 127
Trd, 259022.450, 119
Trd, 259022.783, 101
Trd, 259023.000, 120
Trd, 259023.200, 105
Trd, 259023.283, 104
Trd, 259023.433, 101
Trd, 259023.533, 92
Trd, 259023.917, 122
Trd, 259024.017, 124
Trd, 259024.183, 135
Trd, 259024.233, 120
Trd, 259024.417, 107
Trd, 259024.517, 98
Trd, 259024.650, 126
Trd, 259024.683, 97
Trd, 259024.800, 108
Trd, 259025.300, 106
Trd, 259025.383, 114
Trd, 259025.750, 138
Trd, 259026.000, 114
Trd, 259026.267, 106
Trd, 259026.283, 96
Trd, 259026.467, 88
Trd, 259026.733, 101
Trd, 259026.950, 69
Trd, 259027.250, 136
Trd, 259027.750, 80
Trd, 259027.767, 87
Trd, 259028.083, 126
Trd, 259028.850, 139
Trd, 259028.867, 119
Trd, 259029.400, 137
Trd, 259029.650, 132
Trd, 259029.983, 132
Trd, 259030.017, 131
Trd, 259030.250, 120
Trd, 259030.333, 119
Trd, 259030.517, 130
Trd, 259030.550, 108
Trd, 259030.583, 101
Trd, 259031.000, 108
Trd, 259031.333, 103
Trd, 259031.417, 102
Trd, 259031.917, 101
Trd, 259031.933, 110
Trd, 259032.367, 100
Trd, 259032.950, 100
Trd, 259033.033, 90
Trd, 259033.167, 94
Trd, 259033.183, 117
Trd, 259033.467, 91
Trd, 259033.517, 90
Trd, 259033.667, 75
Trd, 259033.683, 88
Trd, 259033.700, 99
Trd, 259033.750, 109
Trd, 259033.850, 90
Trd, 259033.900, 124
Trd, 259033.967, 139
Trd, 259034.450, 116
Trd, 259034.733, 90
Trd, 259035.100, 121
Trd, 259035.700, 126
Trd, 259035.817, 109
Trd, 259036.150, 139
Trd, 259036.300, 135
Trd, 259036.650, 110
Trd, 259036.717, 109
Trd, 259037.433, 138
Trd, 259037.483, 137
Trd, 259037.817, 127
Trd, 259037.850, 130
Trd, 259038.133, 126
Trd, 259038.250, 134
Trd, 259038.700, 121
Trd, 259038.733, 112
Trd, 259038.767, 112
Trd, 259039.433, 98
Trd, 259039.550, 112
Trd, 259039.617, 117
Trd, 259040.233, 96
Trd, 259040.300, 111
Trd, 259040.583, 106
Trd, 259040.800, 111
Trd, 259040.983, 101
Trd, 259041.000, 100
Trd, 259041.733, 132
Trd, 259042.183, 116
Trd, 259042.550, 124
Trd, 259043.033, 140
Trd, 259043.283, 140
Trd, 259043.667, 140
Trd, 259043.783, 138
Trd, 259043.900, 130
Trd, 259044.017, 120
Trd, 259044.033, 111
Trd, 259044.283, 106
Trd, 259044.333, 100
Trd, 259044.700, 106
Trd, 259045.367, 99
Trd, 259045.550, 87
Trd, 259045.567, 100
Trd, 259045.600, 87
Trd, 259045.683, 82
Trd, 259045.933, 130
Trd, 259046.083, 128
Trd, 259046.133, 127
Trd, 259046.383, 139
Trd, 259047.100, 120
Trd, 259047.150, 122
Trd, 259047.200, 125
Trd, 259047.217, 119
Trd, 259047.833, 136
Trd, 259048.167, 140
Trd, 259048.183, 132
Trd, 259048.800, 127
Trd, 259048.817, 121
Trd, 259048.850, 120
Trd, 259048.883, 112
Trd, 259049.033, 128
Trd, 259049.050, 114
Trd, 259049.300, 113
Trd, 259049.383, 100
Trd, 259049.417, 93
Trd, 259050.217, 64
Trd, 259050.350, 67
Trd, 259050.450, 85
Trd, 259050.500, 93
Trd, 259050.717, 91
Trd, 259051.167, 135
Trd, 259051.533, 118
Trd, 259051.583, 130
Trd, 259051.600, 111
Trd, 259051.800, 133
Trd, 259051.833, 102
Trd, 259051.917, 132
Trd, 259052.017, 111
Trd, 259052.450, 111
Trd, 259053.250, 129
Trd, 259053.383, 128
Trd, 259053.467, 133
Trd, 259053.483, 120
Trd, 259053.617, 119
Trd, 259054.150, 122
Trd, 259055.300, 137
Trd, 259055.350, 135
Trd, 259055.400, 126
Trd, 259056.283, 120
Trd, 259056.300, 118
Trd, 259056.350, 117
Trd, 259056.383, 116
Trd, 259056.433, 106
Trd, 259056.600, 100
Trd, 259056.617, 100
Trd, 259056.667, 105
Trd, 259057.217, 118
Trd, 259057.350, 111
Trd, 259057.467, 138
Trd, 259057.567, 137
Trd, 259058.100, 132
Trd, 259058.517, 138
Trd, 259058.583, 132
Trd, 259059.350, 129
Trd, 259059.550, 116
Trd, 259059.600, 114
Trd, 259059.700, 106
Trd, 259059.883, 105
Trd, 259060.083, 127
Trd, 259060.483, 140
Trd, 259060.667, 133
Trd, 259060.733, 131
Trd, 259061.267, 134
Trd, 259061.433, 128
Trd, 259061.933, 113
Trd, 259061.967, 112
Trd, 259062.017, 100
Trd, 259063.067, 108
Trd, 259063.200, 109
Trd, 259063.250, 116
Trd, 259063.350, 115
Trd, 259064.233, 136
Trd, 259064.400, 135
Trd, 259064.583, 134
Trd, 259064.917, 125
Trd, 259065.133, 122
Trd, 259065.200, 120
Trd, 259065.217, 116
Trd, 259065.600, 140
Trd, 259065.650, 121
Trd, 259065.733, 114
Trd, 259065.917, 107
Trd, 259066.167, 100
Trd, 259066.717, 111
Trd, 259067.017, 102
Trd, 259067.067, 108
Trd, 259067.117, 89
Trd, 259067.317, 111
Trd, 259067.400, 121
Trd, 259067.500, 88
Trd, 259067.700, 96
Trd, 259067.817, 123
Trd, 259067.950, 112
Trd, 259068.067, 107
Trd, 259068.200, 113
Trd, 259068.717, 124
Trd, 259069.533, 124
Trd, 259069.817, 114
Trd, 259070.117, 113
Trd, 259070.317, 113
Trd, 259070.400, 112
Trd, 259070.417, 130
Trd, 259070.483, 124
Trd, 259070.567, 136
Trd, 259071.150, 123
Trd, 259071.233, 122
Trd, 259071.267, 111
Trd, 259071.433, 135
Trd, 259072.000, 96
Trd, 259072.233, 118
Trd, 259072.500, 93
Trd, 259072.650, 92
Trd, 259072.767, 87
Trd, 259072.883, 85
Trd, 259073.117, 86
Trd, 259073.433, 103
Trd, 259073.500, 92
Trd, 259073.600, 104
Trd, 259073.750, 98
Trd, 259074.067, 80
Trd, 259074.133, 80
Trd, 259074.600, 110
Trd, 259075.000, 103
Trd, 259075.017, 114
Trd, 259075.100, 86
Trd, 259075.233, 124
Trd, 259075.367, 108
Trd, 259075.633, 69
Trd, 259075.900, 102
Trd, 259075.950, 101
Trd, 259076.183, 102
Trd, 259076.367, 77
Trd, 259076.517, 109
Trd, 259076.583, 137
Trd, 259077.183, 109
Trd, 259077.433, 123
Trd, 259077.600, 131
Trd, 259077.667, 102
Trd, 259077.967, 103
Trd, 259077.983, 93
Trd, 259078.567, 99
Trd, 259079.167, 104
Trd, 259079.317, 104
Trd, 259079.333, 103
Trd, 259079.400, 93
Trd, 259079.600, 82
Trd, 259079.867, 122
Trd, 259080.033, 124
Trd, 259080.183, 113
Trd, 259080.433, 117
Trd, 259080.517, 126
Trd, 259080.550, 81
Trd, 259080.917, 120
Trd, 259081.050, 76
Trd, 259081.867, 86
Trd, 259081.883, 113
Trd, 259081.933, 74
Trd, 259082.133, 122
Trd, 259082.150, 98
Trd, 259082.433, 73
Trd, 259082.817, 81
Trd, 259082.950, 71
Trd, 259083.217, 72
Trd, 259083.533, 72
Trd, 259083.583, 91
Trd, 259083.800, 75
Trd, 259083.933, 77
Trd, 259084.017, 75
Trd, 259084.300, 72
Trd, 259084.317, 133
Trd, 259084.800, 61
Trd, 259084.950, 107
Trd, 259085.050, 96
Trd, 259085.233, 116
Trd, 259085.317, 103
Trd, 259085.617, 129
Trd, 259085.867, 138
Trd, 259086.117, 133
Trd, 259086.450, 102
Trd, 259086.567, 94
Trd, 259087.433, 120
Trd, 259087.467, 119
Trd, 259087.683, 119
Trd, 259087.917, 121
Trd, 259088.083, 120
Trd, 259088.250, 111
Trd, 259088.333, 110
Trd, 259088.633, 100
Trd, 259088.767, 71
Trd, 259088.783, 113
Trd, 259088.833, 119
Trd, 259089.283, 129
Trd, 259089.450, 72
Trd, 259089.733, 80
Trd, 259090.183, 114
Trd, 259090.250, 102
Trd, 259090.450, 120
Trd, 259090.483, 136
Trd, 259090.683, 113
Trd, 259091.083, 139
Trd, 259091.117, 102
Trd, 259091.267, 93
Trd, 259091.317, 129
Trd, 259091.417, 138
Trd, 259091.983, 138
Trd, 259092.050, 134
Trd, 259092.200, 126
Trd, 259092.317, 116
Trd, 259092.400, 107
Trd, 259092.450, 87
Trd, 259093.117, 139
Trd, 259093.817, 120
Trd, 259093.883, 118
Trd, 259093.917, 93
Trd, 259094.117, 117
Trd, 259094.500, 95
Trd, 259094.833, 128
Trd, 259095.117, 130
Trd, 259095.500, 119
Trd, 259095.683, 102
Trd, 259096.017, 129
Trd, 259096.333, 97
Trd, 259096.450, 119
Trd, 259096.483, 95
Trd, 259096.883, 140
Trd, 259097.067, 139
Trd, 259097.333, 129
Trd, 259097.767, 137
Trd, 259097.967, 130
Trd, 259098.250, 130
Trd, 259098.700, 129
Trd, 259098.900, 112
Trd, 259099.450, 120
Trd, 259099.517, 123
Trd, 259099.700, 111
Trd, 259099.900, 124
Trd, 259100.067, 122
Trd, 259100.433, 136
Trd, 259100.667, 105
Trd, 259100.800, 101
Trd, 259101.033, 102
Trd, 259101.483, 99
Trd, 259101.567, 97
Trd, 259101.583, 90
Trd, 259101.867, 98
Trd, 259102.017, 91
Trd, 259102.317, 112
Trd, 259102.533, 113
Trd, 259102.550, 93
Trd, 259103.167, 126
Trd, 259103.333, 118
Trd, 259103.650, 117
Trd, 259103.733, 116
Trd, 259103.783, 111
Trd, 259104.050, 123
Trd, 259104.233, 119
Trd, 259104.317, 133
Trd, 259104.417, 134
Trd, 259104.667, 131
Trd, 259104.817, 135
Trd, 259104.967, 126
Trd, 259105.267, 108
Trd, 259105.450, 95
Trd, 259105.467, 85
Trd, 259105.517, 122
Trd, 259105.667, 138
Trd, 259105.783, 131
Trd, 259105.883, 122
Trd, 259106.167, 120
Trd, 259106.317, 105
Trd, 259106.400, 100
Trd, 259106.817, 109
Trd, 259107.250, 101
Trd, 259107.450, 100
Trd, 259107.517, 115
Trd, 259107.683, 119
Trd, 259108.017, 136
Trd, 259108.100, 119
Trd, 259108.283, 122
Trd, 259108.450, 100
Trd, 259108.933, 138
Trd, 259109.350, 117
Trd, 259109.550, 117
Trd, 259109.733, 124
Trd, 259109.783, 116
Trd, 259110.067, 135
Trd, 259110.150, 128
Trd, 259110.800, 135
Trd, 259110.967, 128
Trd, 259111.117, 140
Trd, 259111.317, 114
Trd, 259111.450, 123
Trd, 259111.900, 134
Trd, 259112.017, 120
Trd, 259112.117, 119
Trd, 259112.150, 120
Trd, 259112.183, 118
Trd, 259112.283, 140
Trd, 259112.517, 101
Trd, 259112.783, 89
Trd, 259112.817, 97
Trd, 259113.833, 90
Trd, 259113.950, 124
Trd, 259114.050, 122
Trd, 259114.150, 100
Trd, 259114.333, 136
Trd, 259114.433, 119
Trd, 259115.067, 88
Trd, 259115.533, 86
Trd, 259116.250, 105
Trd, 259116.433, 119
Trd, 259116.683, 126
Trd, 259116.933, 103
Trd, 259117.483, 116
Trd, 259117.683, 118
Trd, 259117.767, 115
Trd, 259118.017, 101
Trd, 259118.050, 107
Trd, 259118.183, 97
Trd, 259118.233, 135
Trd, 259118.500, 93
Trd, 259118.667, 99
Trd, 259118.967, 109
Trd, 259119.100, 96
Trd, 259119.167, 90
Trd, 259119.483, 131
Trd, 259119.717, 120
Trd, 259120.117, 115
Trd, 259120.417, 102
Trd, 259120.433, 98
Trd, 259120.517, 126
Trd, 259120.800, 100
Trd, 259121.150, 136
Trd, 259121.500, 135
Trd, 259121.933, 124
Trd, 259122.283, 135
Trd, 259122.417, 113
Trd, 259122.583, 137
Trd, 259123.283, 140
Trd, 259123.317, 135
Trd, 259123.467, 115
Trd, 259123.700, 113
Trd, 259123.750, 105
Trd, 259123.817, 104
Trd, 259124.000, 86
Trd, 259124.250, 137
Trd, 259124.333, 110
Trd, 259124.517, 135
Trd, 259125.400, 119
Trd, 259125.450, 118
Trd, 259125.700, 140
Trd, 259125.883, 103
Trd, 259126.483, 116
Trd, 259126.700, 140
Trd, 259127.050, 134
Trd, 259127.317, 133
Trd, 259127.500, 138
Trd, 259127.883, 134
Trd, 259128.033, 134
Trd, 259128.250, 137
Trd, 259128.417, 136
Trd, 259128.767, 135
Trd, 259129.050, 134
Trd, 259129.933, 131
Trd, 259130.050, 130
Trd, 259130.150, 123
Trd, 259130.167, 116
Trd, 259130.183, 104
Trd, 259130.217, 132
Trd, 259130.267, 124
Trd, 259130.483, 108
Trd, 259130.583, 119
Trd, 259130.750, 131
Trd, 259131.500, 125
Trd, 259131.683, 104
Trd, 259131.717, 132
Trd, 259131.750, 125
Trd, 259132.033, 103
Trd, 259132.250, 117
Trd, 259132.350, 116
Trd, 259132.500, 97
Trd, 259133.000, 123
Trd, 259133.583, 129
Trd, 259134.100, 118
Trd, 259134.400, 128
Trd, 259134.667, 108
Trd, 259134.750, 107
Trd, 259135.000, 101
Trd, 259135.033, 95
Trd, 259135.233, 106
Trd, 259135.433, 99
Trd, 259135.467, 94
Trd, 259135.783, 132
Trd, 259135.833, 120
Trd, 259136.383, 117
Trd, 259136.483, 104
Trd, 259136.600, 103
Trd, 259136.983, 102
Trd, 259137.250, 131
Trd, 259137.433, 138
Trd, 259137.600, 137
Trd, 259137.683, 136
Trd, 259137.733, 119
Trd, 259137.867, 113
Trd, 259137.983, 109
Trd, 259138.100, 105
Trd, 259138.133, 118
Trd, 259138.400, 101
Trd, 259138.850, 108
Trd, 259139.000, 106
Trd, 259139.217, 127
Trd, 259139.550, 112
Trd, 259139.600, 95
Trd, 259140.067, 104
Trd, 259140.183, 95
Trd, 259140.283, 70
Trd, 259140.450, 72
Trd, 259140.833, 135
Trd, 259140.917, 138
Trd, 259141.250, 140
Trd, 259141.483, 140
Trd, 259141.667, 139
Trd, 259141.767, 66
Trd, 259142.367, 138
Trd, 259142.450, 137
Trd, 259142.850, 122
Trd, 259142.917, 108
Trd, 259143.067, 126
Trd, 259143.350, 121
Trd, 259143.383, 120
Trd, 259143.417, 105
Trd, 259143.583, 102
Trd, 259143.883, 100
Trd, 259144.067, 140
Trd, 259144.933, 137
Trd, 259145.033, 128
Trd, 259145.167, 122
Trd, 259145.550, 127
Trd, 259145.567, 116
Trd, 259145.617, 112
Trd, 259145.717, 111
Trd, 259146.283, 121
Trd, 259146.300, 107
Trd, 259146.383, 140
Trd, 259146.767, 135
Trd, 259146.983, 134
Trd, 259147.133, 129
Trd, 259147.217, 90
Trd, 259147.367, 99
Trd, 259147.450, 75
Trd, 259147.683, 64
Trd, 259148.017, 71
Trd, 259148.183, 67
Trd, 259148.350, 109
Trd, 259148.667, 107
Trd, 259148.683, 114
Trd, 259148.783, 65
Trd, 259149.150, 83
Trd, 259149.683, 120
Trd, 259149.867, 101
Trd, 259150.000, 100
Trd, 259150.050, 122
Trd, 259150.100, 122
Trd, 259150.117, 85
Trd, 259150.400, 104
Trd, 259150.433, 126
Trd, 259151.083, 122
Trd, 259151.100, 124
Trd, 259151.233, 99
Trd, 259151.633, 109
Trd, 259151.750, 103
Trd, 259151.833, 124
Trd, 259152.417, 119
Trd, 259152.600, 114
Trd, 259152.700, 122
Trd, 259152.983, 108
Trd, 259153.367, 102
Trd, 259153.750, 96
Trd, 259153.783, 119
Trd, 259153.867, 136
Trd, 259155.133, 87
Trd, 259155.150, 104
Trd, 259155.383, 112
Trd, 259155.583, 102
Trd, 259155.683, 101
Trd, 259155.717, 90
Trd, 259155.850, 112
Trd, 259156.033, 92
Trd, 259156.233, 115
Trd, 259156.417, 115
Trd, 259156.733, 130
Trd, 259156.883, 102
Trd, 259156.950, 99
Trd, 259157.017, 92
Trd, 259157.033, 85
Trd, 259158.367, 99
Trd, 259158.400, 106
Trd, 259158.500, 75
Trd, 259158.600, 95
Trd, 259158.667, 117
Trd, 259158.800, 106
Trd, 259158.833, 119
Trd, 259158.950, 72
Trd, 259159.367, 137
Trd, 259159.950, 133
Trd, 259160.200, 126
Trd, 259160.333, 121
Trd, 259161.017, 115
Trd, 259161.117, 115
Trd, 259161.183, 114
Trd, 259161.217, 112
Trd, 259161.400, 123
Trd, 259161.700, 89
Trd, 259161.950, 131
Trd, 259162.650, 117
Trd, 259162.867, 107
Trd, 259163.033, 130
Trd, 259163.133, 86
Trd, 259163.167, 79
Trd, 259163.317, 140
Trd, 259163.467, 136
Trd, 259163.650, 114
Trd, 259164.550, 115
Trd, 259164.850, 114
Trd, 259164.967, 110
Trd, 259165.450, 112
Trd, 259165.483, 107
Trd, 259165.583, 103
Trd, 259165.750, 89
Trd, 259165.767, 88
Trd, 259165.850, 116
Trd, 259166.200, 128
Trd, 259166.367, 127
Trd, 259166.583, 125
Trd, 259166.700, 125
Trd, 259166.750, 124
Trd, 259166.817, 110
Trd, 259167.167, 121
Trd, 259167.217, 88
Trd, 259167.517, 101
Trd, 259167.633, 110
Trd, 259168.350, 100
Trd, 259168.383, 138
Trd, 259168.517, 136
Trd, 259168.883, 110
Trd, 259168.950, 111
Trd, 259169.283, 134
Trd, 259169.417, 133
Trd, 259169.450, 97
Trd, 259170.433, 111
Trd, 259170.450, 112
Trd, 259170.567, 110
Trd, 259170.700, 110
Trd, 259171.167, 129
Trd, 259171.283, 119
Trd, 259171.500, 128
Trd, 259171.767, 101
Trd, 259172.383, 139
Trd, 259172.600, 130
Trd, 259172.667, 123
Trd, 259173.000, 122
Trd, 259173.067, 113
Trd, 259173.333, 137
Trd, 259173.383, 105
Trd, 259173.417, 102
Trd, 259173.900, 105
Trd, 259174.183, 133
Trd, 259174.217, 102
Trd, 259174.350, 139
Trd, 259174.383, 101
Trd, 259174.417, 99
Trd, 259174.467, 98
Trd, 259175.250, 132
Trd, 259175.267, 96
Trd, 259175.367, 125
Trd, 259176.600, 140
Trd, 259176.683, 140
Trd, 259176.800, 139
Trd, 259176.867, 139
Trd, 259177.217, 130
Trd, 259177.283, 128
Trd, 259177.533, 120
Trd, 259177.583, 96
Trd, 259177.700, 139
Trd, 259177.717, 117
Trd, 259177.883, 136
Trd, 259177.900, 130
Trd, 259178.033, 115
Trd, 259178.517, 136
Trd, 259179.017, 101
Trd, 259179.200, 123
Trd, 259179.283, 101
Trd, 259180.433, 93
Trd, 259180.450, 99
Trd, 259180.567, 91
Trd, 259180.667, 88
Trd, 259180.767, 103
Trd, 259181.500, 125
Trd, 259182.533, 137
Trd, 259182.883, 103
Trd, 259182.967, 116
Trd, 259183.367, 136
Trd, 259183.483, 134
Trd, 259184.017, 120
Trd, 259184.150, 119
Trd, 259184.167, 130
Trd, 259184.367, 112
Trd, 259184.550, 101
Trd, 259184.583, 108
Trd, 259184.600, 98
Trd, 259184.983, 130
Trd, 259185.233, 98
Trd, 259185.317, 96
Trd, 259185.333, 132
Trd, 259185.683, 109
Trd, 259185.717, 93
Trd, 259185.933, 136
Trd, 259186.317, 119
Trd, 259186.417, 112
Trd, 259186.600, 89
Trd, 259186.617, 77
Trd, 259186.750, 75
Trd, 259186.900, 82
Trd, 259187.100, 135
Trd, 259187.317, 97
Trd, 259187.800, 105
Trd, 259188.650, 125
Trd, 259188.667, 124
Trd, 259189.033, 124
Trd, 259189.083, 123
Trd, 259189.100, 112
Trd, 259189.183, 130
Trd, 259189.583, 135
Trd, 259189.667, 120
Trd, 259189.867, 125
Trd, 259190.750, 133
Trd, 259190.900, 127
Trd, 259191.117, 125
Trd, 259191.267, 113
Trd, 259191.383, 104
Trd, 259191.667, 137
Trd, 259191.817, 132
Trd, 259192.183, 130
Trd, 259192.200, 136
Trd, 259192.283, 129
Trd, 259192.333, 122
Trd, 259192.750, 109
Trd, 259192.783, 108
Trd, 259192.900, 96
Trd, 259193.283, 97
Trd, 259193.483, 83
Trd, 259193.517, 135
Trd, 259193.983, 105
Trd, 259194.250, 113
Trd, 259194.800, 118
Trd, 259194.850, 103
Trd, 259194.983, 101
Trd, 259195.467, 122
Trd, 259195.567, 123
Trd, 259196.133, 139
Trd, 259196.333, 126
Trd, 259196.617, 120
Trd, 259196.950, 121
Trd, 259197.033, 126
Trd, 259197.233, 130
Trd, 259197.417, 116
Trd, 259197.717, 121
Trd, 259198.017, 132
Trd, 259198.350, 123
Trd, 259198.567, 119
Trd, 259198.717, 118
Trd, 259198.733, 118
Trd, 259199.000, 123
Trd, 259199.083, 117
Trd, 259199.150, 116
Trd, 259199.317, 134
Trd, 259199.500, 99
Trd, 259199.650, 94
Trd, 259199.967, 120
