Trd, 258573.000, 118
Trd, 258573.283, 116
Trd, 258573.617, 128
Trd, 258574.267, 127
Trd, 258574.333, 121
Trd, 258574.450, 114
Trd, 258574.667, 115
Trd, 258574.767, 137
Trd, 258575.117, 134
Trd, 258575.300, 135
Trd, 258575.483, 123
Trd, 258576.133, 115
Trd, 258576.167, 122
Trd, 258576.483, 110
Trd, 258576.567, 103
Trd, 258577.467, 136
Trd, 258577.567, 117
Trd, 258578.617, 135
Trd, 258578.733, 133
Trd, 258578.750, 121
Trd, 258578.767, 119
Trd, 258578.867, 107
Trd, 258578.917, 102
Trd, 258579.017, 102
Trd, 258579.083, 90
Trd, 258580.200, 140
Trd, 258580.283, 136
Trd, 258580.483, 135
Trd, 258580.500, 119
Trd, 258580.750, 123
Trd, 258581.017, 137
Trd, 258581.417, 140
Trd, 258581.817, 137
Trd, 258581.883, 126
Trd, 258582.067, 124
Trd, 258582.133, 114
Trd, 258582.167, 112
Trd, 258582.500, 114
Trd, 258582.733, 127
Trd, 258583.000, 125
Trd, 258583.333, 137
Trd, 258583.417, 129
Trd, 258583.583, 119
Trd, 258583.850, 118
Trd, 258584.033, 106
Trd, 258584.267, 136
Trd, 258584.717, 130
Trd, 258585.133, 121
Trd, 258585.567, 133
Trd, 258585.900, 130
Trd, 258586.150, 107
Trd, 258586.267, 118
Trd, 258586.433, 140
Trd, 258586.833, 134
Trd, 258587.167, 115
Trd, 258587.467, 131
Trd, 258587.500, 118
Trd, 258587.683, 122
Trd, 258587.850, 103
Trd, 258587.967, 106
Trd, 258588.133, 124
Trd, 258588.150, 102
Trd, 258589.350, 138
Trd, 258590.300, 131
Trd, 258590.317, 119
Trd, 258590.400, 115
Trd, 258590.467, 131
Trd, 258590.517, 116
Trd, 258590.600, 111
Trd, 258590.750, 124
Trd, 258591.167, 128
Trd, 258591.517, 123
Trd, 258591.583, 125
Trd, 258591.617, 128
Trd, 258591.633, 114
Trd, 258591.717, 106
Trd, 258592.083, 123
Trd, 258592.167, 121
Trd, 258592.600, 120
Trd, 258592.617, 108
Trd, 258592.917, 132
Trd, 258592.950, 131
Trd, 258593.050, 124
Trd, 258593.150, 109
Trd, 258593.233, 104
Trd, 258593.483, 123
Trd, 258593.817, 137
Trd, 258594.050, 123
Trd, 258594.500, 120
Trd, 258594.517, 104
Trd, 258594.583, 100
Trd, 258595.100, 101
Trd, 258596.333, 112
Trd, 258596.600, 138
Trd, 258596.650, 126
Trd, 258596.733, 118
Trd, 258596.950, 108
Trd, 258596.983, 107
Trd, 258597.050, 107
Trd, 258597.067, 104
Trd, 258597.150, 102
Trd, 258597.383, 98
Trd, 258597.550, 131
Trd, 258597.633, 96
Trd, 258598.067, 127
Trd, 258598.150, 124
Trd, 258599.117, 110
Trd, 258599.283, 130
Trd, 258599.600, 138
Trd, 258599.767, 113
Trd, 258599.833, 98
Trd, 258600.367, 136
Trd, 258600.383, 102
Trd, 258600.450, 87
Trd, 258600.517, 98
Trd, 258600.617, 115
Trd, 258600.650, 121
Trd, 258601.433, 102
Trd, 258601.733, 117
Trd, 258602.067, 116
Trd, 258602.217, 109
Trd, 258602.233, 137
Trd, 258602.517, 138
Trd, 258602.567, 102
Trd, 258603.100, 135
Trd, 258603.933, 115
Trd, 258604.200, 117
Trd, 258604.300, 108
Trd, 258604.383, 121
Trd, 258604.550, 103
Trd, 258604.767, 114
Trd, 258604.983, 109
Trd, 258605.517, 131
Trd, 258605.950, 135
Trd, 258606.033, 131
Trd, 258606.367, 118
Trd, 258606.483, 117
Trd, 258606.783, 129
Trd, 258606.950, 117
Trd, 258607.183, 125
Trd, 258607.783, 136
Trd, 258608.033, 137
Trd, 258608.133, 134
Trd, 258608.867, 131
Trd, 258609.317, 124
Trd, 258609.517, 131
Trd, 258609.583, 118
Trd, 258610.083, 117
Trd, 258610.350, 117
Trd, 258610.767, 106
Trd, 258610.900, 116
Trd, 258611.183, 124
Trd, 258611.417, 136
Trd, 258611.517, 125
Trd, 258611.617, 118
Trd, 258611.933, 117
Trd, 258612.000, 109
Trd, 258612.267, 109
Trd, 258612.367, 106
Trd, 258612.533, 97
Trd, 258612.783, 123
Trd, 258613.233, 93
Trd, 258613.500, 116
Trd, 258613.600, 93
Trd, 258613.633, 92
Trd, 258613.967, 81
Trd, 258614.150, 75
Trd, 258614.533, 73
Trd, 258614.600, 79
Trd, 258615.067, 102
Trd, 258615.333, 101
Trd, 258615.383, 103
Trd, 258616.150, 107
Trd, 258616.217, 109
Trd, 258616.750, 104
Trd, 258616.950, 105
Trd, 258617.017, 102
Trd, 258617.067, 102
Trd, 258617.483, 104
Trd, 258617.550, 99
Trd, 258617.567, 118
Trd, 258617.650, 125
Trd, 258617.950, 118
Trd, 258618.000, 117
Trd, 258618.117, 117
Trd, 258618.150, 106
Trd, 258618.983, 120
Trd, 258619.033, 104
Trd, 258619.050, 102
Trd, 258619.117, 102
Trd, 258619.283, 138
Trd, 258619.383, 112
Trd, 258619.733, 121
Trd, 258620.200, 119
Trd, 258620.250, 112
Trd, 258620.300, 122
Trd, 258620.583, 112
Trd, 258621.650, 121
Trd, 258621.733, 115
Trd, 258621.950, 122
Trd, 258622.783, 132
Trd, 258622.900, 125
Trd, 258622.933, 123
Trd, 258623.033, 116
Trd, 258623.567, 138
Trd, 258624.050, 129
Trd, 258624.233, 127
Trd, 258624.317, 114
Trd, 258624.483, 113
Trd, 258624.617, 137
Trd, 258624.900, 120
Trd, 258625.083, 140
Trd, 258625.100, 110
Trd, 258626.250, 133
Trd, 258626.517, 140
Trd, 258626.733, 140
Trd, 258627.283, 127
Trd, 258627.717, 112
Trd, 258627.783, 114
Trd, 258627.917, 110
Trd, 258628.217, 110
Trd, 258628.233, 109
Trd, 258628.300, 115
Trd, 258628.733, 116
Trd, 258628.867, 113
Trd, 258629.383, 120
Trd, 258629.650, 107
Trd, 258629.700, 98
Trd, 258630.017, 114
Trd, 258630.933, 140
Trd, 258631.067, 133
Trd, 258631.483, 129
Trd, 258631.500, 125
Trd, 258632.083, 116
Trd, 258632.117, 111
Trd, 258632.883, 109
Trd, 258633.000, 108
Trd, 258633.017, 107
Trd, 258633.167, 129
Trd, 258633.267, 96
Trd, 258633.900, 136
Trd, 258634.250, 140
Trd, 258634.667, 123
Trd, 258634.717, 119
Trd, 258634.767, 112
Trd, 258634.900, 110
Trd, 258635.550, 139
Trd, 258635.783, 139
Trd, 258636.133, 133
Trd, 258636.200, 128
Trd, 258636.300, 122
Trd, 258636.450, 125
Trd, 258637.400, 116
Trd, 258637.600, 107
Trd, 258637.850, 107
Trd, 258637.917, 106
Trd, 258637.950, 110
Trd, 258638.133, 104
Trd, 258638.517, 123
Trd, 258638.567, 113
Trd, 258639.033, 112
Trd, 258639.117, 111
Trd, 258639.200, 129
Trd, 258639.433, 110
Trd, 258639.500, 109
Trd, 258639.583, 109
Trd, 258639.783, 107
Trd, 258639.883, 91
Trd, 258639.983, 89
Trd, 258640.367, 94
Trd, 258640.667, 131
Trd, 258640.917, 120
Trd, 258641.133, 115
Trd, 258641.300, 136
Trd, 258641.700, 122
Trd, 258642.183, 134
Trd, 258642.217, 111
Trd, 258642.333, 109
Trd, 258642.717, 139
Trd, 258642.750, 104
Trd, 258642.917, 132
Trd, 258642.983, 127
Trd, 258643.667, 109
Trd, 258643.683, 115
Trd, 258643.783, 103
Trd, 258644.033, 99
Trd, 258644.117, 96
Trd, 258644.350, 80
Trd, 258644.367, 76
Trd, 258644.800, 71
Trd, 258644.917, 105
Trd, 258645.000, 80
Trd, 258645.483, 107
Trd, 258645.633, 110
Trd, 258645.750, 106
Trd, 258645.767, 115
Trd, 258645.817, 90
Trd, 258645.867, 87
Trd, 258646.133, 79
Trd, 258646.867, 80
Trd, 258646.967, 83
Trd, 258647.333, 138
Trd, 258647.783, 136
Trd, 258647.850, 124
Trd, 258648.083, 129
Trd, 258648.667, 133
Trd, 258648.683, 125
Trd, 258649.533, 135
Trd, 258649.583, 132
Trd, 258649.700, 120
Trd, 258650.150, 115
Trd, 258650.333, 114
Trd, 258650.383, 110
Trd, 258650.550, 108
Trd, 258650.667, 120
Trd, 258651.250, 102
Trd, 258651.333, 93
Trd, 258651.617, 92
Trd, 258651.833, 90
Trd, 258651.850, 84
Trd, 258651.900, 81
Trd, 258652.600, 92
Trd, 258652.783, 82
Trd, 258653.083, 95
Trd, 258653.817, 131
Trd, 258653.967, 118
Trd, 258654.233, 113
Trd, 258654.483, 118
Trd, 258654.650, 118
Trd, 258654.683, 125
Trd, 258654.767, 117
Trd, 258655.217, 116
Trd, 258655.517, 115
Trd, 258655.583, 140
Trd, 258655.633, 109
Trd, 258655.900, 117
Trd, 258656.550, 124
Trd, 258656.650, 139
Trd, 258656.800, 122
Trd, 258656.900, 131
Trd, 258657.300, 111
Trd, 258657.483, 103
Trd, 258657.883, 90
Trd, 258658.483, 121
Trd, 258658.717, 124
Trd, 258658.783, 132
Trd, 258658.800, 114
Trd, 258659.467, 118
Trd, 258659.600, 115
Trd, 258659.717, 126
Trd, 258659.750, 112
Trd, 258659.933, 119
Trd, 258660.350, 115
Trd, 258660.867, 124
Trd, 258660.983, 128
Trd, 258661.100, 115
Trd, 258661.133, 111
Trd, 258661.267, 134
Trd, 258661.317, 111
Trd, 258661.650, 106
Trd, 258661.667, 98
Trd, 258661.750, 85
Trd, 258662.267, 114
Trd, 258662.367, 111
Trd, 258662.867, 116
Trd, 258662.917, 117
Trd, 258663.033, 128
Trd, 258663.517, 109
Trd, 258664.167, 97
Trd, 258664.233, 101
Trd, 258664.283, 129
Trd, 258664.483, 105
Trd, 258664.683, 94
Trd, 258664.767, 102
Trd, 258665.000, 93
Trd, 258665.233, 104
Trd, 258665.967, 120
Trd, 258666.417, 120
Trd, 258666.817, 104
Trd, 258667.083, 117
Trd, 258667.250, 113
Trd, 258667.400, 104
Trd, 258668.000, 118
Trd, 258668.217, 113
Trd, 258668.950, 120
Trd, 258669.633, 113
Trd, 258669.650, 107
Trd, 258669.667, 115
Trd, 258670.117, 111
Trd, 258670.133, 122
Trd, 258670.483, 129
Trd, 258670.550, 132
Trd, 258670.650, 110
Trd, 258670.917, 127
Trd, 258671.217, 125
Trd, 258671.283, 106
Trd, 258671.917, 126
Trd, 258672.233, 98
Trd, 258672.533, 129
Trd, 258672.767, 113
Trd, 258672.950, 112
Trd, 258673.133, 107
Trd, 258673.967, 100
Trd, 258674.433, 127
Trd, 258674.583, 113
Trd, 258674.850, 133
Trd, 258674.933, 134
Trd, 258675.200, 93
Trd, 258675.283, 101
Trd, 258675.567, 102
Trd, 258675.633, 105
Trd, 258676.100, 126
Trd, 258676.783, 116
Trd, 258676.800, 114
Trd, 258676.917, 112
Trd, 258677.000, 105
Trd, 258677.050, 105
Trd, 258677.267, 108
Trd, 258677.533, 103
Trd, 258677.567, 94
Trd, 258677.650, 94
Trd, 258677.767, 113
Trd, 258677.933, 87
Trd, 258678.717, 138
Trd, 258679.000, 122
Trd, 258679.200, 104
Trd, 258679.500, 88
Trd, 258680.350, 118
Trd, 258680.367, 114
Trd, 258680.733, 106
Trd, 258680.867, 107
Trd, 258680.883, 101
Trd, 258680.933, 100
Trd, 258680.983, 89
Trd, 258681.317, 136
Trd, 258681.433, 120
Trd, 258681.767, 94
Trd, 258682.033, 111
Trd, 258683.000, 131
Trd, 258683.150, 127
Trd, 258683.250, 129
Trd, 258683.617, 134
Trd, 258683.817, 127
Trd, 258683.933, 127
Trd, 258684.750, 138
Trd, 258684.983, 123
Trd, 258685.333, 128
Trd, 258685.367, 121
Trd, 258685.600, 120
Trd, 258685.717, 117
Trd, 258685.917, 107
Trd, 258686.017, 114
Trd, 258686.067, 105
Trd, 258686.150, 103
Trd, 258686.167, 118
Trd, 258686.400, 100
Trd, 258686.567, 129
Trd, 258686.717, 120
Trd, 258687.233, 115
Trd, 258687.350, 114
Trd, 258687.417, 123
Trd, 258687.783, 94
Trd, 258687.817, 102
Trd, 258687.933, 127
Trd, 258688.233, 89
Trd, 258688.583, 121
Trd, 258688.817, 138
Trd, 258689.200, 132
Trd, 258689.717, 123
Trd, 258689.750, 125
Trd, 258689.883, 122
Trd, 258689.950, 109
Trd, 258690.667, 137
Trd, 258691.517, 130
Trd, 258691.767, 130
Trd, 258691.800, 128
Trd, 258692.117, 117
Trd, 258692.283, 107
Trd, 258692.400, 102
Trd, 258692.483, 123
Trd, 258692.717, 101
Trd, 258692.817, 90
Trd, 258693.000, 103
Trd, 258693.117, 95
Trd, 258693.267, 107
Trd, 258693.417, 79
Trd, 258693.567, 93
Trd, 258694.083, 104
Trd, 258694.200, 122
Trd, 258694.283, 83
Trd, 258694.400, 130
Trd, 258694.700, 98
Trd, 258694.867, 102
Trd, 258695.200, 118
Trd, 258695.400, 130
Trd, 258695.800, 132
Trd, 258696.433, 133
Trd, 258696.833, 131
Trd, 258697.567, 139
Trd, 258697.600, 132
Trd, 258697.700, 126
Trd, 258697.817, 126
Trd, 258698.150, 134
Trd, 258698.233, 110
Trd, 258698.350, 128
Trd, 258698.800, 112
Trd, 258699.033, 113
Trd, 258699.100, 126
Trd, 258699.217, 107
Trd, 258699.417, 105
Trd, 258700.283, 130
Trd, 258700.300, 114
Trd, 258700.433, 102
Trd, 258700.517, 98
Trd, 258700.983, 102
Trd, 258701.017, 101
Trd, 258701.117, 104
Trd, 258701.583, 106
Trd, 258701.817, 139
Trd, 258702.300, 123
Trd, 258702.517, 117
Trd, 258702.717, 120
Trd, 258702.833, 115
Trd, 258702.917, 113
Trd, 258703.000, 135
Trd, 258703.383, 112
Trd, 258703.433, 118
Trd, 258703.467, 117
Trd, 258703.583, 100
Trd, 258703.800, 121
Trd, 258704.283, 113
Trd, 258704.417, 101
Trd, 258704.467, 137
Trd, 258704.583, 98
Trd, 258704.800, 114
Trd, 258704.933, 109
Trd, 258705.233, 97
Trd, 258705.850, 113
Trd, 258706.733, 96
Trd, 258706.833, 95
Trd, 258706.967, 90
Trd, 258707.567, 123
Trd, 258707.583, 120
Trd, 258708.117, 131
Trd, 258708.200, 117
Trd, 258708.233, 117
Trd, 258708.467, 123
Trd, 258708.833, 110
Trd, 258709.083, 114
Trd, 258709.133, 138
Trd, 258709.150, 108
Trd, 258709.867, 97
Trd, 258710.233, 133
Trd, 258710.750, 128
Trd, 258710.867, 126
Trd, 258710.983, 134
Trd, 258711.050, 123
Trd, 258711.400, 124
Trd, 258711.633, 127
Trd, 258711.917, 109
Trd, 258712.017, 104
Trd, 258712.283, 99
Trd, 258712.583, 110
Trd, 258713.133, 120
Trd, 258713.183, 118
Trd, 258713.233, 120
Trd, 258713.717, 119
Trd, 258713.883, 125
Trd, 258714.033, 125
Trd, 258714.267, 121
Trd, 258714.283, 110
Trd, 258714.317, 110
Trd, 258714.533, 109
Trd, 258714.700, 135
Trd, 258714.883, 123
Trd, 258715.167, 127
Trd, 258715.350, 133
Trd, 258715.400, 116
Trd, 258715.967, 134
Trd, 258716.283, 126
Trd, 258717.000, 123
Trd, 258717.017, 108
Trd, 258717.300, 125
Trd, 258717.633, 135
Trd, 258717.933, 129
Trd, 258718.133, 111
Trd, 258718.767, 107
Trd, 258718.833, 105
Trd, 258719.067, 99
Trd, 258719.417, 133
Trd, 258719.750, 94
Trd, 258719.817, 121
Trd, 258719.983, 123
Trd, 258720.483, 95
Trd, 258720.617, 93
Trd, 258721.033, 103
Trd, 258721.117, 136
Trd, 258721.467, 137
Trd, 258721.800, 129
Trd, 258721.883, 131
Trd, 258722.650, 139
Trd, 258722.683, 125
Trd, 258723.233, 135
Trd, 258724.317, 138
Trd, 258724.400, 121
Trd, 258724.550, 114
Trd, 258725.283, 135
Trd, 258725.300, 132
Trd, 258725.600, 120
Trd, 258725.650, 116
Trd, 258725.700, 110
Trd, 258725.967, 114
Trd, 258726.017, 113
Trd, 258726.300, 109
Trd, 258726.350, 108
Trd, 258726.483, 99
Trd, 258726.617, 104
Trd, 258727.000, 79
Trd, 258727.083, 93
Trd, 258727.217, 103
Trd, 258727.850, 137
Trd, 258727.900, 134
Trd, 258728.033, 123
Trd, 258728.450, 135
Trd, 258728.900, 124
Trd, 258728.983, 122
Trd, 258729.217, 134
Trd, 258729.417, 120
Trd, 258729.500, 132
Trd, 258729.667, 122
Trd, 258729.883, 118
Trd, 258730.233, 133
Trd, 258730.733, 125
Trd, 258731.100, 113
Trd, 258731.450, 123
Trd, 258732.567, 136
Trd, 258732.950, 140
Trd, 258733.200, 123
Trd, 258733.367, 132
Trd, 258733.467, 115
Trd, 258733.600, 115
Trd, 258733.667, 113
Trd, 258733.683, 108
Trd, 258733.833, 108
Trd, 258734.033, 128
Trd, 258734.167, 102
Trd, 258734.283, 100
Trd, 258734.383, 105
Trd, 258734.517, 109
Trd, 258735.150, 140
Trd, 258735.550, 133
Trd, 258736.100, 138
Trd, 258736.867, 135
Trd, 258737.250, 134
Trd, 258737.317, 132
Trd, 258737.633, 127
Trd, 258737.717, 121
Trd, 258737.933, 109
Trd, 258737.950, 113
Trd, 258738.100, 108
Trd, 258738.333, 100
Trd, 258738.400, 97
Trd, 258738.783, 104
Trd, 258738.833, 96
Trd, 258739.000, 88
Trd, 258739.267, 88
Trd, 258739.283, 88
Trd, 258739.433, 90
Trd, 258739.450, 79
Trd, 258739.667, 69
Trd, 258739.800, 73
Trd, 258739.900, 90
Trd, 258740.200, 112
Trd, 258740.583, 115
Trd, 258740.833, 138
Trd, 258741.017, 134
Trd, 258741.150, 134
Trd, 258741.800, 135
Trd, 258741.833, 132
Trd, 258742.033, 127
Trd, 258742.683, 135
Trd, 258742.767, 132
Trd, 258743.633, 134
Trd, 258744.183, 134
Trd, 258744.450, 125
Trd, 258744.900, 118
Trd, 258745.033, 131
Trd, 258745.350, 136
Trd, 258745.383, 124
Trd, 258745.433, 118
Trd, 258745.583, 129
Trd, 258745.767, 135
Trd, 258746.250, 113
Trd, 258746.350, 105
Trd, 258746.383, 130
Trd, 258747.067, 127
Trd, 258747.267, 124
Trd, 258747.767, 113
Trd, 258747.950, 109
Trd, 258748.100, 103
Trd, 258748.400, 94
Trd, 258748.633, 120
Trd, 258748.767, 109
Trd, 258749.033, 119
Trd, 258749.133, 118
Trd, 258749.167, 109
Trd, 258749.800, 109
Trd, 258750.000, 103
Trd, 258750.200, 104
Trd, 258750.233, 99
Trd, 258750.267, 99
Trd, 258750.683, 132
Trd, 258750.817, 120
Trd, 258750.850, 118
Trd, 258750.883, 114
Trd, 258751.350, 86
Trd, 258751.450, 140
Trd, 258752.200, 122
Trd, 258752.267, 114
Trd, 258752.667, 110
Trd, 258752.750, 106
Trd, 258752.783, 105
Trd, 258753.033, 123
Trd, 258753.167, 138
Trd, 258753.633, 110
Trd, 258754.017, 108
Trd, 258754.133, 135
Trd, 258755.033, 139
Trd, 258755.083, 125
Trd, 258755.200, 114
Trd, 258756.250, 127
Trd, 258756.733, 128
Trd, 258756.783, 131
Trd, 258757.267, 137
Trd, 258757.367, 125
Trd, 258757.467, 124
Trd, 258757.600, 124
Trd, 258757.883, 130
Trd, 258758.000, 128
Trd, 258758.133, 131
Trd, 258758.317, 115
Trd, 258758.433, 112
Trd, 258758.450, 124
Trd, 258758.533, 106
Trd, 258759.083, 137
Trd, 258759.217, 106
Trd, 258759.400, 105
Trd, 258759.633, 96
Trd, 258759.867, 98
Trd, 258760.017, 112
Trd, 258760.133, 123
Trd, 258760.600, 128
Trd, 258760.767, 127
Trd, 258761.733, 137
Trd, 258761.917, 135
Trd, 258762.083, 138
Trd, 258762.133, 126
Trd, 258762.150, 125
Trd, 258762.500, 125
Trd, 258762.583, 138
Trd, 258762.750, 122
Trd, 258763.183, 116
Trd, 258763.533, 113
Trd, 258763.700, 139
Trd, 258763.767, 111
Trd, 258764.400, 139
Trd, 258764.483, 140
Trd, 258764.917, 139
Trd, 258765.633, 117
Trd, 258765.683, 116
Trd, 258765.867, 127
Trd, 258766.050, 122
Trd, 258766.083, 110
Trd, 258766.150, 109
Trd, 258766.250, 106
Trd, 258766.383, 112
Trd, 258767.300, 104
Trd, 258767.850, 115
Trd, 258767.900, 113
Trd, 258767.983, 109
Trd, 258768.000, 119
Trd, 258768.217, 101
Trd, 258768.300, 98
Trd, 258768.567, 136
Trd, 258769.017, 133
Trd, 258769.033, 116
Trd, 258770.133, 131
Trd, 258770.283, 128
Trd, 258770.500, 127
Trd, 258770.567, 123
Trd, 258771.233, 109
Trd, 258771.283, 110
Trd, 258771.500, 137
Trd, 258772.000, 135
Trd, 258772.300, 133
Trd, 258772.317, 120
Trd, 258772.333, 119
Trd, 258772.617, 140
Trd, 258772.850, 119
Trd, 258772.900, 117
Trd, 258773.083, 121
Trd, 258773.183, 104
Trd, 258773.200, 91
Trd, 258773.250, 99
Trd, 258774.133, 129
Trd, 258774.150, 137
Trd, 258774.350, 130
Trd, 258774.533, 126
Trd, 258774.967, 129
Trd, 258775.267, 123
Trd, 258775.567, 125
Trd, 258775.633, 119
Trd, 258776.167, 116
Trd, 258776.267, 116
Trd, 258776.483, 115
Trd, 258776.750, 130
Trd, 258776.800, 105
Trd, 258776.900, 105
Trd, 258777.133, 128
Trd, 258778.283, 114
Trd, 258778.300, 112
Trd, 258778.433, 102
Trd, 258778.600, 102
Trd, 258778.650, 126
Trd, 258778.700, 100
Trd, 258779.267, 139
Trd, 258779.633, 132
Trd, 258780.150, 118
Trd, 258780.333, 128
Trd, 258781.467, 122
Trd, 258781.800, 126
Trd, 258781.817, 106
Trd, 258781.867, 129
Trd, 258781.983, 105
Trd, 258782.350, 116
Trd, 258782.650, 127
Trd, 258782.683, 130
Trd, 258783.017, 112
Trd, 258783.333, 105
Trd, 258783.833, 107
Trd, 258784.000, 98
Trd, 258784.067, 96
Trd, 258785.200, 137
Trd, 258785.483, 136
Trd, 258785.550, 125
Trd, 258785.733, 122
Trd, 258785.967, 109
Trd, 258786.017, 140
Trd, 258786.517, 129
Trd, 258786.650, 128
Trd, 258786.867, 135
Trd, 258786.900, 124
Trd, 258787.817, 138
Trd, 258788.017, 136
Trd, 258788.333, 136
Trd, 258788.417, 118
Trd, 258788.500, 138
Trd, 258788.867, 111
Trd, 258788.883, 98
Trd, 258789.400, 130
Trd, 258789.650, 124
Trd, 258790.183, 111
Trd, 258790.317, 107
Trd, 258790.367, 97
Trd, 258790.417, 121
Trd, 258790.633, 106
Trd, 258790.950, 106
Trd, 258791.283, 128
Trd, 258791.333, 99
Trd, 258791.433, 92
Trd, 258791.517, 131
Trd, 258792.267, 124
Trd, 258792.283, 127
Trd, 258792.400, 133
Trd, 258792.567, 122
Trd, 258792.933, 140
Trd, 258793.150, 134
Trd, 258793.200, 122
Trd, 258793.367, 121
Trd, 258793.600, 119
Trd, 258793.950, 117
Trd, 258794.717, 116
Trd, 258794.850, 114
Trd, 258795.683, 114
Trd, 258795.883, 106
Trd, 258796.100, 117
Trd, 258796.167, 121
Trd, 258796.783, 112
Trd, 258797.183, 136
Trd, 258797.467, 127
Trd, 258797.533, 117
Trd, 258797.733, 107
Trd, 258797.850, 116
Trd, 258798.183, 112
Trd, 258798.200, 111
Trd, 258798.367, 126
Trd, 258798.733, 140
Trd, 258798.767, 112
Trd, 258798.800, 109
Trd, 258798.917, 133
Trd, 258799.783, 135
Trd, 258800.683, 129
Trd, 258801.417, 128
Trd, 258801.617, 126
Trd, 258802.033, 118
Trd, 258802.200, 136
Trd, 258802.300, 117
Trd, 258802.317, 116
Trd, 258802.433, 115
Trd, 258802.517, 113
Trd, 258802.683, 138
Trd, 258802.883, 129
Trd, 258802.967, 127
Trd, 258803.467, 115
Trd, 258804.083, 118
Trd, 258804.267, 110
Trd, 258804.483, 108
Trd, 258804.617, 120
Trd, 258804.633, 114
Trd, 258804.883, 101
Trd, 258805.050, 109
Trd, 258805.067, 100
Trd, 258805.750, 123
Trd, 258806.050, 119
Trd, 258806.133, 117
Trd, 258806.467, 136
Trd, 258806.617, 119
Trd, 258806.767, 131
Trd, 258806.900, 122
Trd, 258807.200, 122
Trd, 258807.417, 116
Trd, 258807.583, 114
Trd, 258807.700, 104
Trd, 258807.950, 109
Trd, 258808.033, 128
Trd, 258808.133, 130
Trd, 258808.183, 103
Trd, 258808.583, 134
Trd, 258809.017, 111
Trd, 258809.317, 104
Trd, 258809.533, 82
Trd, 258810.083, 81
Trd, 258810.317, 116
Trd, 258810.650, 120
Trd, 258810.767, 125
Trd, 258811.717, 138
Trd, 258811.850, 136
Trd, 258812.133, 140
Trd, 258812.233, 137
Trd, 258812.933, 132
Trd, 258812.950, 129
Trd, 258813.000, 125
Trd, 258813.033, 120
Trd, 258813.817, 137
Trd, 258813.833, 135
Trd, 258814.167, 133
Trd, 258814.533, 139
Trd, 258814.617, 120
Trd, 258814.717, 118
Trd, 258814.883, 113
Trd, 258814.933, 115
Trd, 258815.000, 130
Trd, 258815.367, 130
Trd, 258815.517, 128
Trd, 258816.033, 115
Trd, 258816.250, 115
Trd, 258816.767, 121
Trd, 258816.967, 99
Trd, 258817.033, 96
Trd, 258817.050, 84
Trd, 258817.383, 103
Trd, 258817.783, 72
Trd, 258817.917, 85
Trd, 258818.133, 90
Trd, 258818.150, 84
Trd, 258818.183, 93
Trd, 258818.467, 101
Trd, 258818.733, 108
Trd, 258819.217, 114
Trd, 258819.267, 111
Trd, 258819.500, 110
Trd, 258819.850, 116
Trd, 258820.033, 128
Trd, 258820.300, 129
Trd, 258820.550, 107
Trd, 258821.117, 99
Trd, 258821.183, 94
Trd, 258821.267, 101
Trd, 258822.617, 128
Trd, 258822.883, 119
Trd, 258822.900, 111
Trd, 258823.217, 128
Trd, 258823.317, 134
Trd, 258823.683, 140
Trd, 258823.950, 122
Trd, 258824.017, 120
Trd, 258824.133, 109
Trd, 258824.217, 108
Trd, 258824.250, 123
Trd, 258824.500, 137
Trd, 258824.583, 123
Trd, 258824.600, 112
Trd, 258824.617, 103
Trd, 258824.800, 138
Trd, 258825.050, 108
Trd, 258825.467, 132
Trd, 258825.600, 113
Trd, 258826.250, 136
Trd, 258826.367, 128
Trd, 258826.400, 128
Trd, 258826.750, 133
Trd, 258827.333, 135
Trd, 258827.417, 116
Trd, 258827.783, 139
Trd, 258827.850, 112
Trd, 258828.183, 103
Trd, 258828.267, 118
Trd, 258828.300, 135
Trd, 258828.433, 118
Trd, 258828.633, 97
Trd, 258828.683, 92
Trd, 258828.883, 82
Trd, 258829.350, 88
Trd, 258829.433, 96
Trd, 258829.567, 82
Trd, 258829.917, 113
Trd, 258830.133, 122
Trd, 258830.383, 106
Trd, 258830.717, 128
Trd, 258830.767, 131
Trd, 258830.867, 112
Trd, 258830.900, 111
Trd, 258830.917, 111
Trd, 258831.067, 111
Trd, 258831.800, 135
Trd, 258832.167, 119
Trd, 258832.433, 112
Trd, 258833.133, 119
Trd, 258833.333, 117
Trd, 258833.433, 126
Trd, 258833.700, 105
Trd, 258833.783, 101
Trd, 258834.400, 122
Trd, 258834.567, 110
Trd, 258835.233, 139
Trd, 258835.450, 138
Trd, 258835.867, 121
Trd, 258835.900, 109
Trd, 258835.917, 135
Trd, 258836.100, 132
Trd, 258836.267, 95
Trd, 258836.683, 133
Trd, 258836.717, 126
Trd, 258836.833, 110
Trd, 258836.900, 104
Trd, 258837.000, 129
Trd, 258837.067, 98
Trd, 258837.733, 117
Trd, 258837.783, 109
Trd, 258838.133, 106
Trd, 258838.400, 137
Trd, 258838.450, 105
Trd, 258839.083, 105
Trd, 258840.250, 132
Trd, 258840.533, 125
Trd, 258840.783, 119
Trd, 258840.900, 108
Trd, 258841.150, 120
Trd, 258841.500, 127
Trd, 258842.200, 132
Trd, 258842.933, 118
Trd, 258843.017, 117
Trd, 258843.100, 114
Trd, 258843.117, 113
Trd, 258843.350, 128
Trd, 258843.483, 117
Trd, 258843.517, 108
Trd, 258843.583, 106
Trd, 258844.017, 104
Trd, 258844.267, 136
Trd, 258845.017, 114
Trd, 258845.083, 120
Trd, 258845.250, 121
Trd, 258845.400, 113
Trd, 258845.650, 109
Trd, 258845.667, 106
Trd, 258846.167, 111
Trd, 258846.283, 105
Trd, 258846.367, 131
Trd, 258846.567, 138
Trd, 258846.800, 122
Trd, 258846.900, 120
Trd, 258846.917, 109
Trd, 258847.133, 95
Trd, 258847.333, 128
Trd, 258848.033, 96
Trd, 258848.150, 92
Trd, 258848.483, 89
Trd, 258848.583, 85
Trd, 258848.917, 96
Trd, 258849.317, 106
Trd, 258849.433, 105
Trd, 258849.633, 79
Trd, 258850.267, 129
Trd, 258850.333, 135
Trd, 258850.417, 119
Trd, 258850.550, 110
Trd, 258850.583, 103
Trd, 258850.767, 77
Trd, 258851.300, 87
Trd, 258851.500, 105
Trd, 258851.600, 111
Trd, 258851.800, 89
Trd, 258852.000, 91
Trd, 258852.033, 99
Trd, 258852.067, 100
Trd, 258852.117, 94
Trd, 258852.383, 135
Trd, 258853.600, 94
Trd, 258853.667, 125
Trd, 258853.817, 114
Trd, 258854.067, 113
Trd, 258854.317, 137
Trd, 258855.167, 122
Trd, 258855.517, 139
Trd, 258855.667, 130
Trd, 258855.833, 129
Trd, 258856.500, 118
Trd, 258856.517, 117
Trd, 258856.550, 111
Trd, 258856.583, 111
Trd, 258856.750, 112
Trd, 258856.767, 116
Trd, 258857.283, 138
Trd, 258857.617, 136
Trd, 258857.850, 138
Trd, 258858.117, 133
Trd, 258858.133, 133
Trd, 258858.267, 121
Trd, 258858.433, 110
Trd, 258858.467, 106
Trd, 258858.950, 124
Trd, 258858.967, 107
Trd, 258859.017, 105
Trd, 258859.067, 109
Trd, 258859.283, 120
Trd, 258859.383, 123
Trd, 258859.517, 130
Trd, 258859.633, 108
Trd, 258860.700, 131
Trd, 258861.150, 128
Trd, 258861.200, 112
Trd, 258861.400, 131
Trd, 258861.567, 134
Trd, 258861.850, 129
Trd, 258862.467, 140
Trd, 258862.817, 129
Trd, 258862.900, 137
Trd, 258862.933, 122
Trd, 258863.083, 131
Trd, 258863.233, 133
Trd, 258863.333, 113
Trd, 258863.450, 105
Trd, 258864.017, 132
Trd, 258864.150, 104
Trd, 258864.233, 132
Trd, 258864.533, 140
Trd, 258865.350, 139
Trd, 258866.200, 137
Trd, 258866.233, 123
Trd, 258866.267, 122
Trd, 258866.733, 130
Trd, 258866.967, 132
Trd, 258867.017, 124
Trd, 258867.867, 138
Trd, 258867.900, 134
Trd, 258868.067, 130
Trd, 258868.483, 124
Trd, 258868.583, 121
Trd, 258869.033, 123
Trd, 258869.183, 116
Trd, 258869.333, 130
Trd, 258869.350, 121
Trd, 258869.617, 119
Trd, 258869.783, 132
Trd, 258869.917, 112
Trd, 258870.217, 132
Trd, 258870.367, 113
Trd, 258870.450, 126
Trd, 258870.600, 118
Trd, 258871.383, 107
Trd, 258871.817, 100
Trd, 258871.850, 97
Trd, 258871.983, 95
Trd, 258872.100, 109
Trd, 258872.517, 109
Trd, 258872.700, 113
Trd, 258872.717, 98
Trd, 258872.750, 92
Trd, 258873.917, 101
Trd, 258874.150, 118
Trd, 258874.500, 114
Trd, 258874.700, 92
Trd, 258874.733, 112
Trd, 258875.000, 127
Trd, 258875.150, 92
Trd, 258875.367, 85
Trd, 258875.500, 99
Trd, 258875.550, 103
Trd, 258875.883, 108
Trd, 258876.317, 87
Trd, 258877.083, 109
Trd, 258877.200, 114
Trd, 258877.400, 91
Trd, 258877.617, 124
Trd, 258877.883, 135
Trd, 258877.950, 124
Trd, 258878.317, 135
Trd, 258878.550, 118
Trd, 258878.800, 127
Trd, 258878.817, 104
Trd, 258878.933, 85
Trd, 258879.050, 113
Trd, 258879.317, 96
Trd, 258879.333, 78
Trd, 258879.467, 106
Trd, 258879.850, 96
Trd, 258880.017, 71
Trd, 258880.050, 93
Trd, 258880.200, 131
Trd, 258880.583, 86
Trd, 258880.883, 67
Trd, 258880.917, 106
Trd, 258881.817, 85
Trd, 258881.850, 86
Trd, 258881.900, 95
Trd, 258881.933, 117
Trd, 258882.083, 77
Trd, 258882.400, 116
Trd, 258882.550, 130
Trd, 258883.017, 140
Trd, 258883.250, 124
Trd, 258883.417, 123
Trd, 258883.517, 117
Trd, 258883.650, 109
Trd, 258884.417, 124
Trd, 258884.567, 125
Trd, 258884.850, 108
Trd, 258884.867, 89
Trd, 258885.117, 93
Trd, 258885.133, 87
Trd, 258885.200, 123
Trd, 258885.317, 85
Trd, 258885.667, 90
Trd, 258885.700, 84
Trd, 258885.850, 135
Trd, 258886.100, 106
Trd, 258886.383, 125
Trd, 258886.750, 138
Trd, 258887.183, 133
Trd, 258887.317, 128
Trd, 258887.383, 126
Trd, 258887.500, 117
Trd, 258887.867, 136
Trd, 258887.967, 112
Trd, 258888.733, 132
Trd, 258889.133, 138
Trd, 258889.200, 137
Trd, 258889.300, 126
Trd, 258889.600, 116
Trd, 258890.017, 114
Trd, 258890.067, 113
Trd, 258890.083, 107
Trd, 258890.133, 119
Trd, 258890.267, 123
Trd, 258890.483, 102
Trd, 258890.683, 134
Trd, 258891.183, 93
Trd, 258891.483, 93
Trd, 258891.717, 111
Trd, 258892.167, 134
Trd, 258892.200, 130
Trd, 258892.300, 120
Trd, 258892.400, 100
Trd, 258892.500, 94
Trd, 258892.750, 93
Trd, 258892.883, 92
Trd, 258893.133, 82
Trd, 258893.317, 78
Trd, 258893.533, 102
Trd, 258893.733, 89
Trd, 258893.783, 78
Trd, 258893.833, 114
Trd, 258894.150, 118
Trd, 258894.300, 113
Trd, 258894.717, 91
Trd, 258895.167, 133
Trd, 258895.317, 101
Trd, 258895.667, 95
Trd, 258895.833, 97
Trd, 258896.117, 125
Trd, 258896.217, 127
Trd, 258896.917, 140
Trd, 258897.117, 128
Trd, 258897.200, 126
Trd, 258897.800, 137
Trd, 258897.883, 135
Trd, 258898.083, 117
Trd, 258898.617, 133
Trd, 258898.633, 124
Trd, 258898.867, 122
Trd, 258898.900, 116
Trd, 258899.533, 131
Trd, 258900.033, 131
Trd, 258900.100, 114
Trd, 258900.283, 139
Trd, 258901.000, 126
Trd, 258901.283, 120
Trd, 258901.367, 110
Trd, 258901.417, 109
Trd, 258901.617, 114
Trd, 258901.783, 107
Trd, 258901.950, 107
Trd, 258902.183, 106
Trd, 258902.217, 105
Trd, 258902.517, 103
Trd, 258902.550, 117
Trd, 258902.567, 101
Trd, 258902.767, 137
Trd, 258903.150, 110
Trd, 258903.217, 124
Trd, 258903.900, 112
Trd, 258904.433, 134
Trd, 258904.450, 124
Trd, 258904.533, 111
Trd, 258904.917, 120
Trd, 258905.550, 133
Trd, 258905.667, 130
Trd, 258905.800, 127
Trd, 258906.083, 135
Trd, 258906.667, 133
Trd, 258906.767, 130
Trd, 258907.033, 133
Trd, 258907.433, 122
Trd, 258907.517, 114
Trd, 258907.700, 128
Trd, 258908.350, 137
Trd, 258908.433, 139
Trd, 258908.517, 127
Trd, 258908.550, 118
Trd, 258909.033, 129
Trd, 258909.083, 116
Trd, 258909.400, 119
Trd, 258909.783, 113
Trd, 258909.933, 109
Trd, 258910.050, 108
Trd, 258910.317, 107
Trd, 258910.417, 132
Trd, 258910.900, 132
Trd, 258911.467, 129
Trd, 258911.683, 138
Trd, 258911.717, 140
Trd, 258911.733, 126
Trd, 258911.783, 118
Trd, 258912.067, 122
Trd, 258912.717, 118
Trd, 258913.067, 116
Trd, 258913.083, 107
Trd, 258913.367, 129
Trd, 258913.583, 127
Trd, 258913.767, 125
Trd, 258913.850, 107
Trd, 258913.983, 106
Trd, 258914.250, 100
Trd, 258914.417, 108
Trd, 258914.767, 99
Trd, 258915.117, 110
Trd, 258915.317, 117
Trd, 258915.983, 140
Trd, 258916.017, 117
Trd, 258916.050, 107
Trd, 258916.083, 115
Trd, 258916.383, 98
Trd, 258916.667, 133
Trd, 258917.000, 132
Trd, 258917.033, 130
Trd, 258917.717, 139
Trd, 258918.383, 127
Trd, 258918.467, 124
Trd, 258918.533, 131
Trd, 258918.750, 137
Trd, 258919.183, 133
Trd, 258919.250, 121
Trd, 258919.833, 122
Trd, 258919.867, 112
Trd, 258919.900, 110
Trd, 258920.033, 102
Trd, 258920.633, 129
Trd, 258920.783, 121
Trd, 258920.900, 107
Trd, 258921.117, 93
Trd, 258921.467, 108
Trd, 258921.983, 98
Trd, 258922.400, 118
Trd, 258922.733, 128
Trd, 258922.783, 115
Trd, 258923.483, 111
Trd, 258923.717, 106
Trd, 258923.783, 114
Trd, 258923.867, 124
Trd, 258924.233, 123
Trd, 258924.517, 105
Trd, 258924.633, 103
Trd, 258925.150, 136
Trd, 258925.200, 130
Trd, 258925.433, 118
Trd, 258925.500, 136
Trd, 258925.617, 131
Trd, 258925.667, 121
Trd, 258925.767, 101
Trd, 258926.117, 100
Trd, 258926.150, 103
Trd, 258926.300, 90
Trd, 258926.317, 89
Trd, 258926.383, 113
Trd, 258926.467, 117
Trd, 258926.517, 93
Trd, 258926.850, 88
Trd, 258927.383, 81
Trd, 258927.700, 125
Trd, 258928.017, 122
Trd, 258928.183, 103
Trd, 258928.367, 98
Trd, 258929.317, 138
Trd, 258929.350, 118
Trd, 258929.683, 137
Trd, 258930.733, 135
Trd, 258931.383, 120
Trd, 258931.783, 137
Trd, 258932.050, 123
Trd, 258932.167, 118
Trd, 258932.383, 129
Trd, 258932.450, 118
Trd, 258933.200, 132
Trd, 258933.233, 123
Trd, 258933.267, 118
Trd, 258933.300, 114
Trd, 258934.233, 137
Trd, 258934.333, 135
Trd, 258934.533, 133
Trd, 258934.733, 128
Trd, 258935.567, 131
Trd, 258935.683, 129
Trd, 258935.783, 114
Trd, 258936.067, 101
Trd, 258936.650, 117
Trd, 258937.117, 121
Trd, 258937.150, 119
Trd, 258937.250, 116
Trd, 258937.617, 116
Trd, 258937.750, 105
Trd, 258937.800, 95
Trd, 258938.500, 138
Trd, 258938.883, 134
Trd, 258938.933, 132
Trd, 258939.083, 124
Trd, 258939.400, 135
Trd, 258939.517, 120
Trd, 258940.050, 130
Trd, 258940.150, 129
Trd, 258940.267, 117
Trd, 258940.400, 116
Trd, 258940.450, 112
Trd, 258940.567, 131
Trd, 258941.017, 127
Trd, 258941.250, 112
Trd, 258941.317, 108
Trd, 258941.533, 104
Trd, 258941.750, 117
Trd, 258942.033, 102
Trd, 258942.083, 95
Trd, 258942.250, 125
Trd, 258942.767, 136
Trd, 258942.850, 123
Trd, 258942.967, 132
Trd, 258943.033, 126
Trd, 258944.033, 131
Trd, 258944.300, 130
Trd, 258945.067, 132
Trd, 258945.117, 118
Trd, 258945.150, 108
Trd, 258945.233, 103
Trd, 258945.250, 129
Trd, 258945.467, 133
Trd, 258946.200, 116
Trd, 258946.683, 115
Trd, 258946.767, 110
Trd, 258946.833, 107
Trd, 258947.583, 128
Trd, 258947.617, 111
Trd, 258948.000, 99
Trd, 258948.283, 130
Trd, 258948.467, 93
Trd, 258948.700, 130
Trd, 258949.000, 93
Trd, 258949.300, 114
Trd, 258949.500, 127
Trd, 258949.567, 108
Trd, 258949.850, 118
Trd, 258949.983, 111
Trd, 258950.667, 118
Trd, 258950.783, 118
Trd, 258950.800, 122
Trd, 258951.117, 118
Trd, 258951.333, 110
Trd, 258951.650, 116
Trd, 258951.817, 98
Trd, 258952.300, 95
Trd, 258952.400, 78
Trd, 258952.583, 136
Trd, 258952.950, 118
Trd, 258953.050, 130
Trd, 258953.150, 90
Trd, 258953.217, 94
Trd, 258953.250, 117
Trd, 258953.433, 140
Trd, 258954.267, 123
Trd, 258954.467, 130
Trd, 258954.550, 136
Trd, 258954.633, 115
Trd, 258955.400, 119
Trd, 258955.433, 114
Trd, 258955.950, 121
Trd, 258956.033, 103
Trd, 258956.450, 95
Trd, 258957.033, 111
Trd, 258957.333, 125
Trd, 258958.017, 121
Trd, 258958.083, 120
Trd, 258958.100, 119
Trd, 258958.333, 114
Trd, 258958.883, 126
Trd, 258958.917, 125
Trd, 258959.117, 122
Trd, 258959.517, 114
Trd, 258959.550, 113
Trd, 258959.583, 109
Trd, 258959.667, 113
Trd, 258959.767, 114
Trd, 258959.850, 107
Trd, 258960.517, 118
Trd, 258960.633, 134
Trd, 258960.767, 125
Trd, 258960.950, 134
Trd, 258961.283, 116
Trd, 258961.550, 116
Trd, 258961.583, 127
Trd, 258961.933, 129
Trd, 258962.233, 111
Trd, 258962.600, 139
Trd, 258963.600, 136
Trd, 258963.900, 134
Trd, 258964.000, 132
Trd, 258964.150, 120
Trd, 258964.200, 116
Trd, 258964.217, 111
Trd, 258964.650, 123
Trd, 258964.967, 101
Trd, 258965.200, 98
Trd, 258965.250, 108
Trd, 258965.317, 123
Trd, 258965.667, 135
Trd, 258965.883, 133
Trd, 258965.900, 123
Trd, 258966.383, 119
Trd, 258966.767, 108
Trd, 258967.017, 119
Trd, 258967.350, 129
Trd, 258967.550, 126
Trd, 258967.900, 94
Trd, 258967.950, 90
Trd, 258968.150, 100
Trd, 258968.633, 116
Trd, 258969.250, 125
Trd, 258969.433, 125
Trd, 258969.633, 114
Trd, 258969.767, 110
Trd, 258969.867, 108
Trd, 258970.550, 128
Trd, 258970.617, 109
Trd, 258970.833, 130
Trd, 258971.067, 139
Trd, 258971.217, 109
Trd, 258971.350, 108
Trd, 258971.733, 103
Trd, 258971.800, 115
Trd, 258971.933, 102
Trd, 258971.967, 127
Trd, 258972.217, 126
Trd, 258972.667, 124
Trd, 258973.767, 138
Trd, 258974.017, 129
Trd, 258974.133, 126
Trd, 258974.350, 120
Trd, 258974.483, 113
Trd, 258974.983, 120
Trd, 258975.700, 127
Trd, 258975.817, 129
Trd, 258976.167, 125
Trd, 258976.367, 140
Trd, 258976.783, 125
Trd, 258976.983, 123
Trd, 258977.533, 133
Trd, 258977.600, 118
Trd, 258977.733, 132
Trd, 258977.883, 132
Trd, 258978.200, 139
Trd, 258978.350, 134
Trd, 258978.367, 122
Trd, 258978.950, 120
Trd, 258979.017, 109
Trd, 258979.233, 132
Trd, 258979.433, 114
Trd, 258979.583, 130
Trd, 258979.717, 134
Trd, 258979.983, 126
Trd, 258980.500, 127
Trd, 258980.917, 121
Trd, 258981.517, 123
Trd, 258981.550, 121
Trd, 258981.783, 120
Trd, 258981.900, 126
Trd, 258982.183, 134
Trd, 258982.367, 119
Trd, 258982.450, 103
Trd, 258982.667, 93
Trd, 258982.850, 132
Trd, 258982.983, 91
Trd, 258983.133, 100
Trd, 258983.283, 85
Trd, 258984.133, 124
Trd, 258984.217, 133
Trd, 258984.467, 128
Trd, 258984.700, 115
Trd, 258984.750, 109
Trd, 258984.850, 102
Trd, 258985.300, 121
Trd, 258985.717, 109
Trd, 258985.733, 114
Trd, 258985.867, 119
Trd, 258985.950, 107
Trd, 258986.533, 124
Trd, 258987.383, 138
Trd, 258987.417, 134
Trd, 258987.600, 135
Trd, 258987.850, 117
Trd, 258988.700, 139
Trd, 258988.850, 134
Trd, 258988.917, 129
Trd, 258989.050, 129
Trd, 258989.333, 125
Trd, 258989.467, 120
Trd, 258989.667, 131
Trd, 258990.200, 127
Trd, 258990.217, 110
Trd, 258990.233, 106
Trd, 258990.533, 118
Trd, 258990.617, 115
Trd, 258990.717, 100
Trd, 258991.317, 120
Trd, 258991.733, 126
Trd, 258991.750, 118
Trd, 258992.050, 128
Trd, 258992.283, 117
Trd, 258992.383, 100
Trd, 258992.717, 91
Trd, 258993.200, 127
Trd, 258993.867, 129
Trd, 258993.900, 131
Trd, 258994.017, 123
Trd, 258994.383, 114
Trd, 258995.000, 111
Trd, 258995.083, 114
Trd, 258995.433, 133
Trd, 258995.683, 132
Trd, 258995.933, 118
Trd, 258996.050, 124
Trd, 258996.200, 126
Trd, 258996.633, 121
Trd, 258996.817, 123
Trd, 258997.233, 107
Trd, 258997.400, 127
Trd, 258997.600, 102
Trd, 258998.333, 135
Trd, 258998.550, 135
Trd, 258998.650, 123
Trd, 258998.717, 121
Trd, 258998.750, 112
Trd, 258998.950, 105
Trd, 258999.500, 103
Trd, 258999.967, 140
Trd, 259000.050, 137
Trd, 259000.100, 131
Trd, 259000.133, 124
Trd, 259000.833, 128
Trd, 259000.883, 124
Trd, 259001.067, 131
Trd, 259001.450, 116
Trd, 259001.700, 113
Trd, 259002.000, 119
Trd, 259002.133, 108
Trd, 259002.833, 111
Trd, 259002.967, 116
Trd, 259003.083, 120
Trd, 259003.150, 115
Trd, 259003.500, 137
Trd, 259003.750, 120
Trd, 259003.767, 118
Trd, 259003.850, 115
Trd, 259004.383, 112
Trd, 259004.667, 107
Trd, 259004.700, 107
Trd, 259004.750, 100
Trd, 259004.933, 139
Trd, 259005.100, 90
Trd, 259005.117, 101
Trd, 259005.783, 111
Trd, 259006.033, 125
Trd, 259006.083, 100
Trd, 259006.983, 110
Trd, 259007.033, 107
Trd, 259007.300, 106
Trd, 259007.383, 97
Trd, 259007.617, 94
Trd, 259007.733, 97
Trd, 259007.750, 101
Trd, 259007.883, 102
Trd, 259008.133, 89
Trd, 259008.633, 120
Trd, 259009.017, 86
Trd, 259009.317, 132
Trd, 259009.833, 135
Trd, 259010.067, 123
Trd, 259010.250, 119
Trd, 259010.283, 118
Trd, 259010.617, 108
Trd, 259010.950, 129
Trd, 259011.033, 122
Trd, 259011.100, 106
Trd, 259011.267, 98
Trd, 259011.450, 104
Trd, 259011.867, 132
Trd, 259011.933, 118
Trd, 259011.967, 115
Trd, 259012.300, 134
Trd, 259012.317, 132
Trd, 259012.683, 131
Trd, 259013.133, 130
Trd, 259013.233, 108
Trd, 259013.500, 108
Trd, 259013.983, 113
Trd, 259014.217, 111
Trd, 259014.683, 121
Trd, 259014.717, 110
Trd, 259015.533, 134
Trd, 259015.717, 117
Trd, 259016.033, 137
Trd, 259016.117, 136
Trd, 259016.233, 104
Trd, 259016.317, 130
Trd, 259016.350, 96
Trd, 259017.517, 140
Trd, 259017.550, 127
Trd, 259017.583, 133
Trd, 259017.683, 110
Trd, 259017.983, 132
Trd, 259018.700, 131
Trd, 259019.033, 123
Trd, 259019.083, 114
Trd, 259019.117, 112
Trd, 259019.383, 109
Trd, 259019.500, 108
Trd, 259019.900, 136
Trd, 259020.400, 126
Trd, 259020.800, 116
Trd, 259020.917, 119
Trd, 259021.017, 135
Trd, 259021.217, 139
Trd, 259021.317, 115
Trd, 259021.450, 104
Trd, 259021.950, 103
Trd, 259022.050, 103
Trd, 259022.267, 105
Trd, 259022.317, 102
Trd, 259022.467, 101
Trd, 259022.650, 102
Trd, 259023.283, 129
Trd, 259023.450, 118
Trd, 259023.850, 116
Trd, 259024.050, 112
Trd, 259024.233, 109
Trd, 259024.483, 124
Trd, 259024.583, 107
Trd, 259024.683, 105
Trd, 259025.067, 97
Trd, 259025.200, 108
Trd, 259025.267, 85
Trd, 259025.400, 78
Trd, 259025.417, 77
Trd, 259025.833, 101
Trd, 259026.050, 98
Trd, 259026.567, 140
Trd, 259026.600, 140
Trd, 259026.950, 137
Trd, 259026.983, 128
Trd, 259027.417, 126
Trd, 259027.633, 138
Trd, 259028.267, 130
Trd, 259028.883, 119
Trd, 259029.583, 117
Trd, 259029.683, 125
Trd, 259029.767, 118
Trd, 259029.850, 115
Trd, 259030.033, 115
Trd, 259030.183, 111
Trd, 259030.350, 109
Trd, 259030.400, 105
Trd, 259030.650, 138
Trd, 259030.733, 110
Trd, 259030.950, 107
Trd, 259031.083, 96
Trd, 259031.117, 96
Trd, 259031.200, 109
Trd, 259031.233, 95
Trd, 259031.417, 138
Trd, 259031.517, 94
Trd, 259031.733, 79
Trd, 259031.867, 131
Trd, 259032.233, 124
Trd, 259032.400, 93
Trd, 259032.450, 84
Trd, 259032.467, 83
Trd, 259032.567, 77
Trd, 259032.850, 132
Trd, 259033.300, 118
Trd, 259033.367, 117
Trd, 259033.517, 107
Trd, 259033.683, 111
Trd, 259034.250, 98
Trd, 259034.683, 132
Trd, 259035.333, 140
Trd, 259035.417, 119
Trd, 259035.467, 116
Trd, 259035.750, 114
Trd, 259035.900, 109
Trd, 259036.217, 109
Trd, 259036.300, 125
Trd, 259036.383, 111
Trd, 259036.400, 106
Trd, 259036.550, 102
Trd, 259037.350, 93
Trd, 259037.683, 136
Trd, 259038.100, 99
Trd, 259038.283, 131
Trd, 259038.350, 128
Trd, 259038.367, 96
Trd, 259038.617, 120
Trd, 259038.650, 118
Trd, 259039.217, 133
Trd, 259039.250, 117
Trd, 259039.733, 117
Trd, 259040.050, 105
Trd, 259040.100, 96
Trd, 259040.283, 135
Trd, 259040.300, 123
Trd, 259040.433, 112
Trd, 259040.717, 103
Trd, 259041.167, 119
Trd, 259041.367, 131
Trd, 259041.550, 109
Trd, 259041.567, 101
Trd, 259041.700, 104
Trd, 259041.900, 98
Trd, 259042.083, 123
Trd, 259042.283, 122
Trd, 259042.300, 103
Trd, 259042.383, 96
Trd, 259042.450, 87
Trd, 259042.533, 87
Trd, 259043.867, 127
Trd, 259043.967, 110
Trd, 259044.150, 133
Trd, 259044.233, 131
Trd, 259044.517, 95
Trd, 259045.233, 116
Trd, 259045.500, 112
Trd, 259045.667, 124
Trd, 259045.683, 111
Trd, 259045.700, 103
Trd, 259046.300, 137
Trd, 259046.317, 130
Trd, 259046.617, 131
Trd, 259046.650, 131
Trd, 259046.800, 134
Trd, 259046.883, 118
Trd, 259047.517, 135
Trd, 259047.733, 138
Trd, 259047.783, 123
Trd, 259048.367, 94
Trd, 259048.633, 93
Trd, 259048.850, 99
Trd, 259049.167, 130
Trd, 259049.200, 99
Trd, 259049.217, 99
Trd, 259049.517, 101
Trd, 259050.350, 120
Trd, 259050.450, 116
Trd, 259050.533, 122
Trd, 259050.583, 112
Trd, 259050.717, 122
Trd, 259050.833, 110
Trd, 259051.000, 109
Trd, 259051.550, 123
Trd, 259051.683, 114
Trd, 259051.850, 117
Trd, 259051.983, 115
Trd, 259052.067, 127
Trd, 259052.200, 111
Trd, 259052.250, 108
Trd, 259052.417, 135
Trd, 259052.500, 106
Trd, 259052.667, 138
Trd, 259053.333, 117
Trd, 259053.500, 122
Trd, 259053.733, 112
Trd, 259053.800, 98
Trd, 259054.433, 139
Trd, 259055.217, 126
Trd, 259055.783, 128
Trd, 259055.833, 120
Trd, 259055.883, 112
Trd, 259056.200, 129
Trd, 259056.250, 108
Trd, 259056.300, 106
Trd, 259056.767, 125
Trd, 259056.867, 109
Trd, 259057.133, 111
Trd, 259057.367, 130
Trd, 259057.517, 128
Trd, 259058.567, 123
Trd, 259058.683, 110
Trd, 259058.783, 101
Trd, 259058.933, 117
Trd, 259059.300, 109
Trd, 259059.350, 118
Trd, 259059.417, 99
Trd, 259059.450, 99
Trd, 259059.550, 90
Trd, 259060.333, 126
Trd, 259060.350, 124
Trd, 259060.500, 114
Trd, 259060.567, 109
Trd, 259060.650, 104
Trd, 259061.067, 124
Trd, 259061.533, 132
Trd, 259061.583, 131
Trd, 259062.500, 115
Trd, 259062.567, 118
Trd, 259062.700, 111
Trd, 259062.733, 105
Trd, 259062.767, 128
Trd, 259063.000, 103
Trd, 259063.483, 111
Trd, 259063.933, 120
Trd, 259064.050, 123
Trd, 259064.183, 131
Trd, 259064.650, 130
Trd, 259065.383, 122
Trd, 259065.750, 115
Trd, 259066.200, 100
Trd, 259066.467, 131
Trd, 259066.600, 122
Trd, 259066.683, 120
Trd, 259066.917, 105
Trd, 259067.250, 92
Trd, 259067.633, 92
Trd, 259067.950, 91
Trd, 259068.133, 92
Trd, 259068.200, 94
Trd, 259068.500, 89
Trd, 259068.600, 88
Trd, 259068.700, 101
Trd, 259068.983, 115
Trd, 259069.217, 133
Trd, 259069.333, 118
Trd, 259069.950, 133
Trd, 259070.000, 123
Trd, 259070.717, 138
Trd, 259071.133, 132
Trd, 259071.517, 124
Trd, 259071.850, 123
Trd, 259071.867, 122
Trd, 259072.467, 116
Trd, 259073.117, 104
Trd, 259073.167, 103
Trd, 259073.200, 100
Trd, 259073.267, 91
Trd, 259073.367, 90
Trd, 259073.517, 90
Trd, 259073.633, 108
Trd, 259073.667, 100
Trd, 259073.700, 109
Trd, 259074.533, 89
Trd, 259074.683, 91
Trd, 259074.850, 94
Trd, 259075.083, 86
Trd, 259075.233, 95
Trd, 259075.483, 119
Trd, 259075.683, 120
Trd, 259076.117, 122
Trd, 259076.167, 129
Trd, 259076.283, 118
Trd, 259076.433, 131
Trd, 259076.633, 135
Trd, 259076.800, 112
Trd, 259077.167, 122
Trd, 259077.433, 108
Trd, 259077.500, 102
Trd, 259077.883, 134
Trd, 259077.983, 138
Trd, 259078.183, 106
Trd, 259078.533, 125
Trd, 259078.633, 114
Trd, 259079.017, 117
Trd, 259079.250, 125
Trd, 259080.100, 115
Trd, 259080.117, 132
Trd, 259080.433, 113
Trd, 259080.883, 139
Trd, 259081.317, 119
Trd, 259081.450, 113
Trd, 259081.567, 104
Trd, 259081.817, 104
Trd, 259082.067, 111
Trd, 259082.100, 99
Trd, 259082.233, 107
Trd, 259082.517, 117
Trd, 259082.633, 109
Trd, 259082.850, 100
Trd, 259082.900, 107
Trd, 259083.217, 111
Trd, 259083.267, 110
Trd, 259083.350, 121
Trd, 259083.533, 124
Trd, 259083.633, 129
Trd, 259084.133, 138
Trd, 259084.233, 129
Trd, 259084.800, 140
Trd, 259085.100, 139
Trd, 259085.483, 136
Trd, 259085.500, 134
Trd, 259086.067, 122
Trd, 259086.233, 118
Trd, 259086.583, 115
Trd, 259086.767, 115
Trd, 259087.033, 111
Trd, 259087.517, 128
Trd, 259088.000, 126
Trd, 259088.067, 107
Trd, 259088.633, 140
Trd, 259088.800, 124
Trd, 259089.000, 121
Trd, 259089.150, 131
Trd, 259089.250, 120
Trd, 259090.233, 138
Trd, 259090.400, 119
Trd, 259090.467, 115
Trd, 259091.100, 118
Trd, 259091.433, 122
Trd, 259091.617, 121
Trd, 259091.633, 110
Trd, 259091.850, 113
Trd, 259092.250, 100
Trd, 259092.433, 101
Trd, 259092.567, 120
Trd, 259093.000, 135
Trd, 259093.683, 130
Trd, 259093.817, 126
Trd, 259094.483, 124
Trd, 259095.117, 127
Trd, 259095.333, 124
Trd, 259095.617, 134
Trd, 259095.750, 119
Trd, 259096.017, 129
Trd, 259096.050, 127
Trd, 259096.250, 117
Trd, 259096.417, 118
Trd, 259096.600, 120
Trd, 259096.683, 105
Trd, 259096.950, 110
Trd, 259096.983, 134
Trd, 259097.083, 121
Trd, 259097.300, 106
Trd, 259097.433, 92
Trd, 259097.783, 115
Trd, 259097.800, 90
Trd, 259098.000, 109
Trd, 259098.333, 132
Trd, 259098.483, 127
Trd, 259098.583, 126
Trd, 259099.117, 137
Trd, 259099.200, 109
Trd, 259099.467, 140
Trd, 259099.550, 105
Trd, 259099.867, 120
Trd, 259099.917, 112
Trd, 259099.967, 98
Trd, 259100.033, 85
Trd, 259100.133, 79
Trd, 259100.517, 104
Trd, 259100.617, 86
Trd, 259100.983, 132
Trd, 259101.117, 125
Trd, 259101.783, 121
Trd, 259101.983, 110
Trd, 259102.033, 105
Trd, 259102.717, 136
Trd, 259102.833, 131
Trd, 259102.950, 122
Trd, 259103.467, 133
Trd, 259103.833, 138
Trd, 259104.167, 139
Trd, 259104.617, 119
Trd, 259104.950, 114
Trd, 259105.233, 126
Trd, 259105.417, 117
Trd, 259105.533, 123
Trd, 259105.633, 108
Trd, 259105.683, 108
Trd, 259105.867, 125
Trd, 259107.017, 137
Trd, 259107.033, 132
Trd, 259107.133, 130
Trd, 259107.367, 130
Trd, 259108.033, 135
Trd, 259108.217, 132
Trd, 259108.250, 116
Trd, 259108.333, 114
Trd, 259108.783, 133
Trd, 259108.817, 125
Trd, 259108.883, 122
Trd, 259108.967, 115
Trd, 259109.083, 114
Trd, 259109.567, 112
Trd, 259109.583, 107
Trd, 259109.733, 112
Trd, 259109.817, 128
Trd, 259110.350, 138
Trd, 259111.267, 133
Trd, 259111.433, 136
Trd, 259111.517, 124
Trd, 259112.017, 140
Trd, 259112.033, 132
Trd, 259112.150, 121
Trd, 259112.767, 128
Trd, 259112.833, 131
Trd, 259113.150, 124
Trd, 259113.233, 128
Trd, 259113.500, 119
Trd, 259114.100, 137
Trd, 259114.267, 138
Trd, 259114.533, 135
Trd, 259114.900, 124
Trd, 259115.167, 112
Trd, 259115.217, 111
Trd, 259115.733, 117
Trd, 259115.900, 109
Trd, 259116.017, 118
Trd, 259116.433, 110
Trd, 259116.533, 103
Trd, 259116.650, 113
Trd, 259116.767, 98
Trd, 259116.850, 102
Trd, 259116.950, 95
Trd, 259117.100, 125
Trd, 259117.617, 106
Trd, 259118.233, 104
Trd, 259118.417, 95
Trd, 259118.483, 83
Trd, 259118.667, 78
Trd, 259119.150, 124
Trd, 259119.233, 95
Trd, 259119.683, 102
Trd, 259120.167, 105
Trd, 259120.517, 124
Trd, 259120.533, 117
Trd, 259120.833, 132
Trd, 259120.900, 117
Trd, 259120.933, 99
Trd, 259121.000, 98
Trd, 259121.067, 98
Trd, 259121.317, 107
Trd, 259122.083, 136
Trd, 259122.167, 132
Trd, 259122.567, 112
Trd, 259122.733, 110
Trd, 259122.833, 102
Trd, 259122.900, 114
Trd, 259123.233, 136
Trd, 259124.600, 114
Trd, 259124.683, 108
Trd, 259124.733, 106
Trd, 259124.750, 118
Trd, 259124.800, 99
Trd, 259124.850, 99
Trd, 259124.883, 98
Trd, 259125.117, 122
Trd, 259125.167, 100
Trd, 259125.967, 135
Trd, 259125.983, 107
Trd, 259126.117, 125
Trd, 259126.433, 105
Trd, 259126.450, 104
Trd, 259126.667, 127
Trd, 259126.733, 105
Trd, 259127.050, 131
Trd, 259127.700, 111
Trd, 259127.733, 111
Trd, 259127.917, 125
Trd, 259128.050, 122
Trd, 259128.350, 111
Trd, 259128.483, 102
Trd, 259128.567, 122
Trd, 259128.817, 105
Trd, 259129.183, 98
Trd, 259129.350, 140
Trd, 259129.567, 117
Trd, 259129.733, 136
Trd, 259129.750, 110
Trd, 259130.150, 118
Trd, 259130.617, 116
Trd, 259131.083, 111
Trd, 259131.317, 107
Trd, 259131.900, 116
Trd, 259132.400, 119
Trd, 259132.617, 115
Trd, 259132.983, 107
Trd, 259133.067, 107
Trd, 259133.250, 100
Trd, 259133.400, 90
Trd, 259133.417, 129
Trd, 259133.617, 88
Trd, 259133.900, 115
Trd, 259133.917, 132
Trd, 259134.133, 110
Trd, 259134.267, 86
Trd, 259134.517, 91
Trd, 259134.883, 125
Trd, 259135.017, 107
Trd, 259135.033, 130
Trd, 259135.300, 120
Trd, 259135.650, 93
Trd, 259136.050, 88
Trd, 259136.100, 87
Trd, 259136.300, 84
Trd, 259136.617, 91
Trd, 259136.650, 124
Trd, 259136.950, 140
Trd, 259137.017, 127
Trd, 259137.417, 133
Trd, 259137.633, 129
Trd, 259137.867, 116
Trd, 259138.000, 134
Trd, 259138.317, 111
Trd, 259138.483, 111
Trd, 259138.933, 131
Trd, 259138.983, 116
Trd, 259139.617, 131
Trd, 259139.633, 129
Trd, 259139.983, 117
Trd, 259140.033, 129
Trd, 259140.117, 117
Trd, 259140.233, 105
Trd, 259140.367, 98
Trd, 259140.800, 89
Trd, 259140.833, 87
Trd, 259141.567, 113
Trd, 259141.617, 112
Trd, 259142.033, 126
Trd, 259142.283, 104
Trd, 259142.633, 127
Trd, 259142.883, 100
Trd, 259143.067, 84
Trd, 259143.150, 134
Trd, 259143.467, 131
Trd, 259143.700, 101
Trd, 259143.983, 114
Trd, 259144.267, 129
Trd, 259144.767, 120
Trd, 259145.067, 139
Trd, 259145.150, 124
Trd, 259145.833, 127
Trd, 259145.850, 119
Trd, 259145.900, 117
Trd, 259146.250, 115
Trd, 259146.500, 127
Trd, 259146.533, 115
Trd, 259146.817, 120
Trd, 259147.000, 121
Trd, 259147.017, 111
Trd, 259147.083, 98
Trd, 259147.683, 94
Trd, 259148.067, 104
Trd, 259148.100, 108
Trd, 259148.250, 93
Trd, 259148.383, 117
Trd, 259148.650, 88
Trd, 259148.683, 78
Trd, 259148.817, 96
Trd, 259149.117, 130
Trd, 259149.133, 121
Trd, 259149.283, 107
Trd, 259149.917, 88
Trd, 259150.100, 91
Trd, 259150.800, 93
Trd, 259150.967, 103
Trd, 259151.167, 92
Trd, 259151.217, 86
Trd, 259151.317, 139
Trd, 259151.517, 128
Trd, 259151.600, 101
Trd, 259151.833, 97
Trd, 259152.283, 94
Trd, 259152.400, 100
Trd, 259152.433, 95
Trd, 259152.817, 126
Trd, 259152.850, 114
Trd, 259153.367, 139
Trd, 259153.783, 131
Trd, 259153.800, 122
Trd, 259153.817, 120
Trd, 259153.933, 135
Trd, 259154.117, 120
Trd, 259154.450, 133
Trd, 259154.583, 101
Trd, 259154.717, 119
Trd, 259154.783, 127
Trd, 259155.667, 118
Trd, 259155.750, 109
Trd, 259156.150, 134
Trd, 259156.950, 121
Trd, 259156.967, 103
Trd, 259157.033, 99
Trd, 259157.050, 97
Trd, 259157.350, 139
Trd, 259158.300, 128
Trd, 259159.833, 135
Trd, 259160.100, 133
Trd, 259160.300, 119
Trd, 259160.483, 119
Trd, 259160.533, 118
Trd, 259160.817, 116
Trd, 259161.067, 112
Trd, 259161.417, 120
Trd, 259161.550, 115
Trd, 259161.933, 117
Trd, 259162.167, 112
Trd, 259162.183, 108
Trd, 259162.267, 109
Trd, 259162.283, 117
Trd, 259162.967, 120
Trd, 259163.317, 133
Trd, 259163.350, 108
Trd, 259163.517, 129
Trd, 259163.933, 94
Trd, 259164.517, 120
Trd, 259164.667, 119
Trd, 259164.683, 117
Trd, 259164.717, 114
Trd, 259165.050, 106
Trd, 259165.067, 84
Trd, 259165.100, 83
Trd, 259165.900, 129
Trd, 259165.933, 130
Trd, 259165.967, 115
Trd, 259166.400, 106
Trd, 259167.017, 140
Trd, 259167.850, 117
Trd, 259168.400, 138
Trd, 259168.500, 134
Trd, 259168.667, 113
Trd, 259168.683, 99
Trd, 259168.883, 90
Trd, 259168.983, 96
Trd, 259169.167, 100
Trd, 259169.367, 125
Trd, 259169.450, 105
Trd, 259170.283, 131
Trd, 259170.517, 123
Trd, 259170.600, 116
Trd, 259170.783, 132
Trd, 259170.933, 116
Trd, 259171.133, 114
Trd, 259171.300, 137
Trd, 259171.583, 140
Trd, 259171.650, 131
Trd, 259172.083, 134
Trd, 259172.117, 130
Trd, 259172.850, 136
Trd, 259172.917, 131
Trd, 259173.267, 130
Trd, 259173.383, 126
Trd, 259173.533, 125
Trd, 259173.883, 104
Trd, 259173.933, 104
Trd, 259174.017, 115
Trd, 259174.267, 117
Trd, 259174.417, 97
Trd, 259174.717, 100
Trd, 259174.883, 125
Trd, 259174.967, 93
Trd, 259175.467, 80
Trd, 259176.050, 114
Trd, 259176.150, 101
Trd, 259176.417, 100
Trd, 259176.933, 101
Trd, 259177.100, 100
Trd, 259177.617, 88
Trd, 259177.683, 98
Trd, 259178.417, 127
Trd, 259178.433, 112
Trd, 259178.633, 101
Trd, 259178.750, 112
Trd, 259178.850, 62
Trd, 259179.000, 94
Trd, 259179.117, 92
Trd, 259179.167, 114
Trd, 259180.067, 92
Trd, 259180.167, 90
Trd, 259180.250, 81
Trd, 259180.333, 80
Trd, 259180.500, 87
Trd, 259180.867, 102
Trd, 259181.017, 122
Trd, 259181.150, 122
Trd, 259181.200, 120
Trd, 259181.250, 114
Trd, 259181.517, 111
Trd, 259181.850, 103
Trd, 259181.950, 100
Trd, 259182.267, 128
Trd, 259182.483, 108
Trd, 259182.733, 129
Trd, 259182.900, 106
Trd, 259183.083, 104
Trd, 259183.333, 123
Trd, 259183.517, 91
Trd, 259183.567, 90
Trd, 259183.867, 118
Trd, 259184.050, 105
Trd, 259184.117, 132
Trd, 259184.500, 122
Trd, 259184.733, 108
Trd, 259184.933, 122
Trd, 259185.600, 118
Trd, 259185.667, 117
Trd, 259186.567, 123
Trd, 259186.917, 121
Trd, 259187.150, 128
Trd, 259187.183, 117
Trd, 259187.750, 115
Trd, 259187.800, 113
Trd, 259187.950, 115
Trd, 259188.450, 138
Trd, 259188.633, 127
Trd, 259188.683, 127
Trd, 259188.900, 125
Trd, 259189.017, 118
Trd, 259189.617, 136
Trd, 259189.767, 118
Trd, 259190.117, 120
Trd, 259190.150, 120
Trd, 259190.800, 136
Trd, 259191.117, 135
Trd, 259191.783, 133
Trd, 259191.817, 126
Trd, 259191.900, 122
Trd, 259192.033, 121
Trd, 259192.450, 124
Trd, 259192.467, 114
Trd, 259192.767, 111
Trd, 259193.033, 116
Trd, 259193.083, 115
Trd, 259193.450, 131
Trd, 259193.650, 125
Trd, 259193.833, 122
Trd, 259194.833, 140
Trd, 259194.867, 135
Trd, 259195.017, 132
Trd, 259195.500, 131
Trd, 259195.533, 124
Trd, 259196.083, 121
Trd, 259196.433, 140
Trd, 259196.600, 129
Trd, 259196.650, 126
Trd, 259196.683, 115
Trd, 259196.900, 139
Trd, 259197.000, 135
Trd, 259197.683, 133
Trd, 259198.167, 121
Trd, 259198.217, 111
Trd, 259198.483, 122
Trd, 259198.633, 112
Trd, 259198.733, 127
Trd, 259199.250, 111
Trd, 259199.433, 100
Trd, 259199.583, 103
Trd, 259199.783, 122
