Trd, 258574.750, 88
Trd, 258574.883, 139
Trd, 258575.117, 127
Trd, 258575.500, 140
Trd, 258575.817, 117
Trd, 258576.483, 118
Trd, 258576.517, 117
Trd, 258576.800, 118
Trd, 258576.967, 131
Trd, 258577.200, 136
Trd, 258577.283, 130
Trd, 258577.333, 127
Trd, 258577.433, 129
Trd, 258577.467, 128
Trd, 258577.517, 127
Trd, 258577.867, 127
Trd, 258578.650, 128
Trd, 258579.167, 129
Trd, 258579.533, 128
Trd, 258579.567, 127
Trd, 258579.683, 125
Trd, 258579.700, 123
Trd, 258579.733, 122
Trd, 258579.800, 107
Trd, 258581.017, 140
Trd, 258581.100, 140
Trd, 258581.367, 140
Trd, 258581.467, 140
Trd, 258581.533, 140
Trd, 258581.667, 140
Trd, 258581.883, 140
Trd, 258582.283, 138
Trd, 258582.450, 133
Trd, 258582.483, 132
Trd, 258582.583, 110
Trd, 258582.767, 137
Trd, 258582.867, 113
Trd, 258583.017, 103
Trd, 258583.067, 99
Trd, 258583.417, 93
Trd, 258584.283, 97
Trd, 258584.433, 97
Trd, 258584.650, 96
Trd, 258584.950, 105
Trd, 258585.033, 106
Trd, 258585.050, 101
Trd, 258585.250, 125
Trd, 258585.783, 118
Trd, 258586.150, 112
Trd, 258586.367, 112
Trd, 258586.683, 140
Trd, 258586.750, 140
Trd, 258586.800, 140
Trd, 258586.917, 139
Trd, 258587.167, 133
Trd, 258587.433, 140
Trd, 258587.733, 140
Trd, 258588.067, 140
Trd, 258588.300, 140
Trd, 258588.633, 140
Trd, 258588.767, 140
Trd, 258588.883, 140
Trd, 258589.117, 140
Trd, 258589.183, 140
Trd, 258589.633, 140
Trd, 258589.900, 140
Trd, 258589.950, 140
Trd, 258590.167, 140
Trd, 258590.867, 136
Trd, 258591.317, 140
Trd, 258591.533, 140
Trd, 258591.600, 136
Trd, 258592.183, 140
Trd, 258592.717, 140
Trd, 258593.233, 140
Trd, 258593.967, 140
Trd, 258594.017, 140
Trd, 258594.267, 133
Trd, 258594.533, 109
Trd, 258594.983, 139
Trd, 258595.050, 119
Trd, 258595.250, 125
Trd, 258595.383, 129
Trd, 258595.733, 95
Trd, 258595.767, 126
Trd, 258595.783, 93
Trd, 258595.950, 129
Trd, 258596.033, 128
Trd, 258596.183, 130
Trd, 258596.317, 140
Trd, 258596.850, 108
Trd, 258596.883, 107
Trd, 258597.167, 107
Trd, 258597.217, 106
Trd, 258597.467, 120
Trd, 258598.617, 129
Trd, 258598.700, 127
Trd, 258598.883, 129
Trd, 258600.567, 140
Trd, 258600.667, 140
Trd, 258600.867, 140
Trd, 258600.967, 137
Trd, 258601.033, 136
Trd, 258601.083, 133
Trd, 258601.167, 127
Trd, 258601.367, 127
Trd, 258601.650, 134
Trd, 258601.750, 136
Trd, 258602.033, 133
Trd, 258602.100, 130
Trd, 258602.150, 126
Trd, 258602.200, 139
Trd, 258602.500, 118
Trd, 258602.700, 115
Trd, 258603.317, 122
Trd, 258603.467, 116
Trd, 258603.800, 117
Trd, 258603.867, 115
Trd, 258603.950, 125
Trd, 258604.333, 126
Trd, 258604.567, 140
Trd, 258604.633, 140
Trd, 258604.650, 136
Trd, 258604.783, 125
Trd, 258605.250, 129
Trd, 258606.083, 120
Trd, 258606.517, 125
Trd, 258606.600, 139
Trd, 258606.817, 124
Trd, 258606.967, 139
Trd, 258607.083, 132
Trd, 258607.267, 131
Trd, 258607.417, 124
Trd, 258607.683, 124
Trd, 258608.000, 139
Trd, 258608.150, 123
Trd, 258608.167, 120
Trd, 258608.650, 116
Trd, 258608.883, 140
Trd, 258608.917, 111
Trd, 258609.283, 108
Trd, 258609.317, 107
Trd, 258609.600, 139
Trd, 258609.700, 107
Trd, 258610.150, 106
Trd, 258610.183, 104
Trd, 258610.217, 103
Trd, 258610.233, 103
Trd, 258610.500, 97
Trd, 258610.750, 105
Trd, 258610.817, 77
Trd, 258611.067, 77
Trd, 258611.217, 125
Trd, 258611.967, 119
Trd, 258612.133, 119
Trd, 258612.167, 118
Trd, 258612.567, 125
Trd, 258612.633, 129
Trd, 258613.067, 122
Trd, 258613.717, 125
Trd, 258613.750, 123
Trd, 258613.983, 121
Trd, 258614.050, 116
Trd, 258614.383, 125
Trd, 258614.450, 122
Trd, 258614.550, 126
Trd, 258614.750, 116
Trd, 258614.767, 102
Trd, 258615.067, 99
Trd, 258615.117, 99
Trd, 258615.367, 109
Trd, 258615.450, 127
Trd, 258615.983, 132
Trd, 258616.933, 140
Trd, 258617.033, 140
Trd, 258617.050, 126
Trd, 258617.167, 124
Trd, 258617.233, 117
Trd, 258617.467, 113
Trd, 258617.600, 127
Trd, 258618.400, 140
Trd, 258618.500, 140
Trd, 258618.883, 140
Trd, 258619.000, 140
Trd, 258619.117, 140
Trd, 258619.217, 140
Trd, 258619.517, 140
Trd, 258619.533, 140
Trd, 258619.833, 140
Trd, 258620.367, 140
Trd, 258620.617, 136
Trd, 258620.683, 130
Trd, 258620.700, 126
Trd, 258620.967, 113
Trd, 258621.133, 140
Trd, 258621.350, 114
Trd, 258621.483, 130
Trd, 258622.250, 93
Trd, 258622.517, 106
Trd, 258622.783, 108
Trd, 258622.867, 109
Trd, 258622.950, 116
Trd, 258623.217, 119
Trd, 258623.483, 136
Trd, 258623.783, 136
Trd, 258623.933, 135
Trd, 258624.400, 137
Trd, 258624.433, 102
Trd, 258624.517, 101
Trd, 258625.100, 133
Trd, 258625.250, 128
Trd, 258625.650, 125
Trd, 258625.717, 140
Trd, 258626.217, 102
Trd, 258626.517, 102
Trd, 258627.633, 140
Trd, 258627.700, 132
Trd, 258628.233, 138
Trd, 258628.450, 136
Trd, 258628.767, 134
Trd, 258629.383, 140
Trd, 258629.667, 139
Trd, 258629.767, 138
Trd, 258629.983, 138
Trd, 258630.083, 137
Trd, 258630.250, 136
Trd, 258630.267, 133
Trd, 258630.333, 132
Trd, 258630.500, 103
Trd, 258630.683, 112
Trd, 258630.817, 130
Trd, 258630.933, 140
Trd, 258631.333, 102
Trd, 258631.733, 104
Trd, 258631.767, 102
Trd, 258631.950, 132
Trd, 258632.033, 100
Trd, 258632.050, 99
Trd, 258632.100, 98
Trd, 258632.700, 137
Trd, 258632.900, 140
Trd, 258633.100, 124
Trd, 258633.117, 108
Trd, 258633.167, 95
Trd, 258633.517, 95
Trd, 258633.583, 82
Trd, 258634.117, 117
Trd, 258634.400, 118
Trd, 258634.500, 117
Trd, 258634.767, 140
Trd, 258635.600, 129
Trd, 258635.650, 126
Trd, 258635.833, 137
Trd, 258636.250, 136
Trd, 258636.917, 124
Trd, 258637.617, 128
Trd, 258637.650, 128
Trd, 258637.800, 131
Trd, 258638.117, 128
Trd, 258638.550, 124
Trd, 258638.567, 123
Trd, 258638.683, 107
Trd, 258638.900, 94
Trd, 258639.217, 124
Trd, 258639.300, 123
Trd, 258639.483, 131
Trd, 258639.567, 122
Trd, 258639.800, 135
Trd, 258639.983, 123
Trd, 258640.117, 122
Trd, 258640.400, 122
Trd, 258640.917, 118
Trd, 258641.067, 135
Trd, 258641.167, 115
Trd, 258641.550, 115
Trd, 258641.900, 140
Trd, 258642.183, 107
Trd, 258642.617, 129
Trd, 258643.017, 132
Trd, 258643.033, 129
Trd, 258643.450, 132
Trd, 258643.733, 133
Trd, 258643.917, 130
Trd, 258644.050, 130
Trd, 258644.067, 129
Trd, 258644.483, 127
Trd, 258644.583, 122
Trd, 258645.183, 140
Trd, 258645.350, 140
Trd, 258645.750, 140
Trd, 258645.833, 140
Trd, 258645.967, 140
Trd, 258646.333, 140
Trd, 258646.750, 140
Trd, 258646.967, 139
Trd, 258647.167, 139
Trd, 258647.300, 138
Trd, 258647.483, 131
Trd, 258647.617, 126
Trd, 258647.967, 119
Trd, 258648.150, 118
Trd, 258648.200, 117
Trd, 258648.233, 115
Trd, 258648.283, 110
Trd, 258648.417, 109
Trd, 258648.633, 105
Trd, 258648.867, 128
Trd, 258649.133, 128
Trd, 258649.317, 129
Trd, 258649.333, 127
Trd, 258649.783, 128
Trd, 258650.167, 118
Trd, 258650.533, 113
Trd, 258650.833, 132
Trd, 258650.867, 112
Trd, 258650.883, 96
Trd, 258651.133, 136
Trd, 258651.567, 130
Trd, 258651.717, 125
Trd, 258651.733, 136
Trd, 258651.867, 114
Trd, 258652.100, 115
Trd, 258652.450, 116
Trd, 258652.500, 115
Trd, 258652.933, 138
Trd, 258653.033, 124
Trd, 258653.317, 138
Trd, 258653.833, 131
Trd, 258653.883, 131
Trd, 258654.867, 136
Trd, 258654.900, 135
Trd, 258655.317, 140
Trd, 258655.667, 139
Trd, 258655.683, 138
Trd, 258655.700, 135
Trd, 258656.033, 139
Trd, 258656.350, 130
Trd, 258657.000, 140
Trd, 258657.067, 140
Trd, 258657.150, 140
Trd, 258657.567, 139
Trd, 258657.717, 135
Trd, 258657.783, 133
Trd, 258658.133, 134
Trd, 258658.367, 140
Trd, 258658.900, 136
Trd, 258659.500, 140
Trd, 258659.583, 137
Trd, 258659.967, 134
Trd, 258660.083, 128
Trd, 258660.350, 139
Trd, 258660.567, 137
Trd, 258661.000, 134
Trd, 258661.017, 139
Trd, 258661.083, 118
Trd, 258661.367, 118
Trd, 258661.383, 117
Trd, 258662.133, 140
Trd, 258662.600, 140
Trd, 258662.633, 118
Trd, 258663.017, 130
Trd, 258663.117, 103
Trd, 258664.183, 140
Trd, 258664.267, 140
Trd, 258664.517, 140
Trd, 258664.550, 140
Trd, 258664.600, 140
Trd, 258664.917, 140
Trd, 258665.017, 140
Trd, 258665.033, 140
Trd, 258665.283, 140
Trd, 258665.617, 140
Trd, 258665.683, 140
Trd, 258665.733, 133
Trd, 258665.767, 131
Trd, 258665.950, 112
Trd, 258667.050, 139
Trd, 258667.550, 138
Trd, 258668.417, 140
Trd, 258668.617, 140
Trd, 258669.183, 140
Trd, 258669.250, 140
Trd, 258669.767, 140
Trd, 258669.850, 140
Trd, 258669.967, 140
Trd, 258670.167, 139
Trd, 258670.233, 136
Trd, 258670.283, 133
Trd, 258670.317, 118
Trd, 258670.417, 106
Trd, 258670.983, 137
Trd, 258671.283, 131
Trd, 258671.783, 123
Trd, 258672.067, 127
Trd, 258672.183, 133
Trd, 258672.250, 136
Trd, 258672.300, 123
Trd, 258672.567, 123
Trd, 258673.217, 136
Trd, 258673.633, 124
Trd, 258673.717, 138
Trd, 258673.817, 135
Trd, 258673.883, 124
Trd, 258674.283, 140
Trd, 258674.800, 140
Trd, 258674.817, 140
Trd, 258674.900, 139
Trd, 258675.033, 137
Trd, 258675.667, 139
Trd, 258675.950, 138
Trd, 258676.217, 137
Trd, 258676.583, 137
Trd, 258676.950, 136
Trd, 258677.017, 135
Trd, 258677.300, 140
Trd, 258677.400, 140
Trd, 258677.683, 140
Trd, 258677.850, 137
Trd, 258678.117, 130
Trd, 258678.800, 109
Trd, 258678.867, 105
Trd, 258678.883, 130
Trd, 258679.033, 108
Trd, 258679.283, 134
Trd, 258679.333, 109
Trd, 258679.567, 108
Trd, 258679.883, 131
Trd, 258680.133, 109
Trd, 258680.333, 116
Trd, 258680.467, 115
Trd, 258680.633, 129
Trd, 258680.733, 108
Trd, 258681.233, 124
Trd, 258681.250, 116
Trd, 258681.267, 125
Trd, 258681.500, 108
Trd, 258682.250, 104
Trd, 258682.667, 107
Trd, 258682.700, 105
Trd, 258683.150, 107
Trd, 258683.167, 102
Trd, 258683.183, 101
Trd, 258683.783, 139
Trd, 258683.817, 138
Trd, 258684.083, 137
Trd, 258684.100, 134
Trd, 258684.217, 112
Trd, 258684.767, 137
Trd, 258684.917, 123
Trd, 258685.150, 122
Trd, 258685.650, 123
Trd, 258686.250, 137
Trd, 258686.300, 123
Trd, 258686.350, 119
Trd, 258686.650, 136
Trd, 258686.867, 116
Trd, 258687.067, 129
Trd, 258687.400, 139
Trd, 258687.483, 133
Trd, 258687.500, 115
Trd, 258687.783, 138
Trd, 258688.000, 133
Trd, 258688.033, 127
Trd, 258689.233, 140
Trd, 258689.583, 140
Trd, 258690.167, 140
Trd, 258690.217, 140
Trd, 258690.400, 139
Trd, 258690.467, 138
Trd, 258690.567, 140
Trd, 258690.617, 140
Trd, 258690.800, 135
Trd, 258691.117, 139
Trd, 258691.683, 138
Trd, 258691.967, 136
Trd, 258692.167, 134
Trd, 258692.250, 133
Trd, 258692.483, 131
Trd, 258692.650, 129
Trd, 258692.750, 125
Trd, 258692.783, 110
Trd, 258692.967, 105
Trd, 258693.050, 104
Trd, 258693.267, 133
Trd, 258693.300, 102
Trd, 258693.500, 134
Trd, 258693.567, 111
Trd, 258693.783, 103
Trd, 258693.917, 106
Trd, 258694.067, 101
Trd, 258694.417, 76
Trd, 258694.467, 72
Trd, 258694.883, 103
Trd, 258695.100, 130
Trd, 258695.300, 128
Trd, 258695.867, 109
Trd, 258696.517, 98
Trd, 258696.883, 98
Trd, 258696.933, 98
Trd, 258697.050, 122
Trd, 258697.317, 99
Trd, 258697.350, 98
Trd, 258697.783, 132
Trd, 258698.383, 122
Trd, 258698.433, 140
Trd, 258698.467, 121
Trd, 258698.483, 120
Trd, 258698.550, 119
Trd, 258699.000, 140
Trd, 258699.033, 140
Trd, 258699.317, 139
Trd, 258699.500, 138
Trd, 258699.617, 132
Trd, 258700.483, 140
Trd, 258700.567, 135
Trd, 258700.717, 134
Trd, 258701.083, 118
Trd, 258701.917, 119
Trd, 258702.133, 119
Trd, 258702.683, 125
Trd, 258702.800, 128
Trd, 258702.950, 129
Trd, 258703.050, 127
Trd, 258703.183, 126
Trd, 258703.500, 129
Trd, 258703.833, 128
Trd, 258704.083, 134
Trd, 258704.133, 126
Trd, 258704.250, 130
Trd, 258704.600, 130
Trd, 258704.767, 129
Trd, 258705.017, 126
Trd, 258705.650, 138
Trd, 258705.967, 140
Trd, 258706.033, 137
Trd, 258706.050, 116
Trd, 258706.433, 138
Trd, 258706.983, 133
Trd, 258707.867, 140
Trd, 258708.017, 137
Trd, 258708.067, 136
Trd, 258708.117, 130
Trd, 258708.283, 138
Trd, 258708.333, 123
Trd, 258708.700, 139
Trd, 258709.033, 125
Trd, 258709.083, 124
Trd, 258709.133, 123
Trd, 258709.233, 132
Trd, 258709.283, 122
Trd, 258709.500, 116
Trd, 258709.583, 115
Trd, 258709.800, 106
Trd, 258709.833, 87
Trd, 258710.017, 82
Trd, 258711.050, 133
Trd, 258711.133, 139
Trd, 258711.517, 128
Trd, 258711.550, 127
Trd, 258711.567, 126
Trd, 258711.650, 119
Trd, 258712.467, 140
Trd, 258712.950, 140
Trd, 258712.983, 139
Trd, 258713.217, 137
Trd, 258713.533, 138
Trd, 258713.833, 137
Trd, 258713.867, 136
Trd, 258714.100, 132
Trd, 258714.383, 131
Trd, 258714.617, 132
Trd, 258714.900, 130
Trd, 258715.867, 125
Trd, 258716.700, 140
Trd, 258717.083, 140
Trd, 258717.183, 140
Trd, 258717.250, 140
Trd, 258717.283, 140
Trd, 258717.300, 139
Trd, 258717.367, 136
Trd, 258717.783, 128
Trd, 258718.800, 137
Trd, 258718.900, 136
Trd, 258718.917, 133
Trd, 258719.117, 136
Trd, 258719.150, 132
Trd, 258719.183, 131
Trd, 258719.717, 135
Trd, 258719.867, 136
Trd, 258719.950, 134
Trd, 258720.250, 140
Trd, 258720.567, 126
Trd, 258720.650, 121
Trd, 258720.767, 101
Trd, 258721.417, 121
Trd, 258721.650, 128
Trd, 258721.767, 124
Trd, 258721.983, 114
Trd, 258722.000, 84
Trd, 258722.083, 79
Trd, 258722.317, 101
Trd, 258722.350, 93
Trd, 258722.433, 103
Trd, 258722.800, 93
Trd, 258723.067, 93
Trd, 258723.950, 137
Trd, 258724.233, 99
Trd, 258724.633, 97
Trd, 258725.233, 106
Trd, 258725.300, 100
Trd, 258725.567, 98
Trd, 258725.817, 97
Trd, 258726.250, 138
Trd, 258726.683, 133
Trd, 258726.933, 120
Trd, 258727.017, 124
Trd, 258727.267, 129
Trd, 258727.483, 122
Trd, 258727.967, 127
Trd, 258728.100, 127
Trd, 258728.150, 126
Trd, 258728.650, 140
Trd, 258728.683, 140
Trd, 258728.717, 139
Trd, 258729.050, 140
Trd, 258729.350, 139
Trd, 258729.483, 131
Trd, 258729.517, 130
Trd, 258730.050, 140
Trd, 258730.467, 140
Trd, 258730.733, 140
Trd, 258730.800, 140
Trd, 258730.817, 136
Trd, 258731.033, 140
Trd, 258731.467, 139
Trd, 258732.117, 140
Trd, 258732.350, 137
Trd, 258732.467, 137
Trd, 258732.750, 140
Trd, 258733.150, 140
Trd, 258733.500, 140
Trd, 258733.533, 140
Trd, 258733.550, 136
Trd, 258733.600, 133
Trd, 258734.117, 139
Trd, 258734.283, 125
Trd, 258735.283, 126
Trd, 258735.333, 126
Trd, 258735.400, 128
Trd, 258735.517, 127
Trd, 258735.933, 133
Trd, 258735.983, 127
Trd, 258736.350, 127
Trd, 258736.367, 137
Trd, 258736.917, 137
Trd, 258737.700, 127
Trd, 258737.750, 135
Trd, 258738.217, 140
Trd, 258738.233, 140
Trd, 258738.333, 140
Trd, 258738.517, 140
Trd, 258738.900, 139
Trd, 258738.983, 136
Trd, 258739.717, 131
Trd, 258740.083, 134
Trd, 258740.450, 132
Trd, 258740.550, 131
Trd, 258740.600, 130
Trd, 258741.483, 136
Trd, 258741.817, 139
Trd, 258741.867, 127
Trd, 258742.167, 132
Trd, 258742.200, 129
Trd, 258742.300, 128
Trd, 258742.733, 139
Trd, 258742.750, 135
Trd, 258742.833, 127
Trd, 258743.083, 125
Trd, 258743.333, 133
Trd, 258743.467, 132
Trd, 258743.767, 140
Trd, 258743.883, 140
Trd, 258743.933, 140
Trd, 258744.033, 136
Trd, 258744.100, 130
Trd, 258744.400, 123
Trd, 258744.867, 125
Trd, 258745.117, 125
Trd, 258745.383, 140
Trd, 258745.533, 136
Trd, 258745.550, 136
Trd, 258745.600, 134
Trd, 258746.317, 135
Trd, 258746.533, 139
Trd, 258746.783, 139
Trd, 258747.617, 140
Trd, 258747.633, 140
Trd, 258747.883, 140
Trd, 258748.200, 140
Trd, 258748.350, 134
Trd, 258748.517, 131
Trd, 258748.900, 140
Trd, 258749.100, 140
Trd, 258749.300, 136
Trd, 258749.933, 140
Trd, 258750.000, 140
Trd, 258750.533, 140
Trd, 258750.583, 140
Trd, 258750.633, 140
Trd, 258751.033, 140
Trd, 258751.717, 140
Trd, 258751.833, 140
Trd, 258752.200, 140
Trd, 258752.350, 140
Trd, 258752.450, 140
Trd, 258752.550, 137
Trd, 258752.800, 139
Trd, 258753.017, 134
Trd, 258753.333, 133
Trd, 258753.800, 129
Trd, 258753.817, 138
Trd, 258753.867, 139
Trd, 258754.150, 121
Trd, 258754.317, 110
Trd, 258754.767, 109
Trd, 258754.817, 117
Trd, 258755.200, 140
Trd, 258755.317, 139
Trd, 258756.100, 140
Trd, 258756.117, 127
Trd, 258756.200, 126
Trd, 258756.450, 126
Trd, 258757.567, 140
Trd, 258757.600, 138
Trd, 258757.733, 131
Trd, 258757.983, 127
Trd, 258758.117, 126
Trd, 258758.567, 129
Trd, 258758.600, 126
Trd, 258759.367, 126
Trd, 258759.500, 114
Trd, 258759.567, 122
Trd, 258759.733, 114
Trd, 258760.000, 106
Trd, 258760.050, 104
Trd, 258760.217, 100
Trd, 258760.250, 115
Trd, 258760.350, 99
Trd, 258760.683, 86
Trd, 258760.833, 123
Trd, 258761.033, 120
Trd, 258761.267, 99
Trd, 258761.350, 98
Trd, 258761.717, 69
Trd, 258762.417, 88
Trd, 258762.783, 105
Trd, 258762.833, 85
Trd, 258763.250, 85
Trd, 258763.283, 106
Trd, 258763.433, 84
Trd, 258763.550, 97
Trd, 258763.733, 101
Trd, 258763.767, 112
Trd, 258764.067, 114
Trd, 258764.250, 95
Trd, 258764.450, 119
Trd, 258764.967, 98
Trd, 258765.000, 97
Trd, 258765.083, 120
Trd, 258765.117, 96
Trd, 258765.400, 118
Trd, 258765.550, 95
Trd, 258765.850, 94
Trd, 258766.050, 132
Trd, 258766.367, 139
Trd, 258767.017, 140
Trd, 258767.100, 140
Trd, 258767.150, 139
Trd, 258767.417, 140
Trd, 258767.433, 139
Trd, 258767.683, 136
Trd, 258767.733, 133
Trd, 258767.933, 139
Trd, 258768.100, 106
Trd, 258768.517, 108
Trd, 258768.550, 107
Trd, 258768.917, 111
Trd, 258769.183, 107
Trd, 258769.383, 104
Trd, 258769.533, 98
Trd, 258769.567, 80
Trd, 258769.617, 72
Trd, 258769.750, 138
Trd, 258770.183, 63
Trd, 258770.633, 69
Trd, 258771.117, 128
Trd, 258771.450, 114
Trd, 258771.800, 119
Trd, 258771.867, 133
Trd, 258771.967, 114
Trd, 258772.583, 137
Trd, 258772.683, 133
Trd, 258772.917, 138
Trd, 258773.233, 137
Trd, 258773.367, 135
Trd, 258773.650, 137
Trd, 258773.683, 135
Trd, 258774.100, 140
Trd, 258774.583, 140
Trd, 258774.600, 140
Trd, 258775.783, 140
Trd, 258775.967, 140
Trd, 258776.217, 140
Trd, 258776.250, 140
Trd, 258776.283, 140
Trd, 258776.417, 140
Trd, 258776.467, 139
Trd, 258776.483, 136
Trd, 258776.817, 128
Trd, 258776.967, 115
Trd, 258777.067, 115
Trd, 258777.100, 100
Trd, 258777.800, 134
Trd, 258777.950, 134
Trd, 258778.200, 135
Trd, 258778.617, 136
Trd, 258778.633, 135
Trd, 258778.950, 136
Trd, 258779.233, 125
Trd, 258779.417, 125
Trd, 258779.800, 125
Trd, 258780.150, 135
Trd, 258780.417, 135
Trd, 258780.633, 121
Trd, 258780.800, 117
Trd, 258780.833, 116
Trd, 258781.133, 120
Trd, 258781.317, 104
Trd, 258782.083, 135
Trd, 258782.133, 111
Trd, 258782.333, 103
Trd, 258782.567, 140
Trd, 258783.033, 138
Trd, 258783.133, 136
Trd, 258783.533, 139
Trd, 258783.583, 138
Trd, 258783.833, 139
Trd, 258784.067, 140
Trd, 258784.133, 139
Trd, 258784.150, 138
Trd, 258784.183, 136
Trd, 258784.200, 134
Trd, 258785.617, 138
Trd, 258785.633, 139
Trd, 258785.783, 137
Trd, 258785.917, 132
Trd, 258786.117, 130
Trd, 258786.167, 118
Trd, 258786.217, 114
Trd, 258786.300, 140
Trd, 258786.333, 105
Trd, 258786.917, 119
Trd, 258787.300, 96
Trd, 258788.117, 138
Trd, 258788.500, 134
Trd, 258788.767, 140
Trd, 258789.333, 140
Trd, 258789.350, 140
Trd, 258789.383, 140
Trd, 258789.767, 140
Trd, 258789.933, 140
Trd, 258790.333, 140
Trd, 258790.633, 139
Trd, 258790.800, 136
Trd, 258791.067, 133
Trd, 258791.233, 132
Trd, 258791.400, 137
Trd, 258791.417, 136
Trd, 258791.517, 113
Trd, 258791.733, 118
Trd, 258792.100, 124
Trd, 258792.333, 115
Trd, 258792.350, 124
Trd, 258792.533, 125
Trd, 258792.567, 115
Trd, 258792.817, 117
Trd, 258793.067, 114
Trd, 258793.383, 108
Trd, 258793.617, 131
Trd, 258794.000, 114
Trd, 258794.383, 116
Trd, 258794.583, 116
Trd, 258794.750, 124
Trd, 258794.950, 115
Trd, 258794.967, 114
Trd, 258795.050, 113
Trd, 258795.417, 125
Trd, 258796.300, 140
Trd, 258796.350, 139
Trd, 258796.750, 139
Trd, 258796.767, 138
Trd, 258797.500, 140
Trd, 258797.617, 138
Trd, 258797.733, 133
Trd, 258798.483, 109
Trd, 258798.533, 105
Trd, 258798.800, 106
Trd, 258798.950, 105
Trd, 258799.433, 131
Trd, 258799.483, 122
Trd, 258799.600, 140
Trd, 258800.317, 130
Trd, 258800.517, 130
Trd, 258800.917, 139
Trd, 258801.483, 140
Trd, 258801.533, 140
Trd, 258801.650, 140
Trd, 258801.750, 137
Trd, 258801.783, 136
Trd, 258801.983, 140
Trd, 258802.267, 124
Trd, 258802.317, 114
Trd, 258802.533, 109
Trd, 258802.767, 139
Trd, 258803.600, 140
Trd, 258803.633, 140
Trd, 258803.700, 138
Trd, 258804.033, 140
Trd, 258804.100, 140
Trd, 258804.367, 140
Trd, 258804.800, 140
Trd, 258805.333, 128
Trd, 258805.383, 127
Trd, 258805.417, 125
Trd, 258805.733, 134
Trd, 258805.783, 119
Trd, 258806.333, 134
Trd, 258806.500, 134
Trd, 258806.667, 133
Trd, 258806.850, 128
Trd, 258807.517, 140
Trd, 258807.633, 140
Trd, 258807.750, 140
Trd, 258808.017, 140
Trd, 258808.683, 140
Trd, 258808.733, 140
Trd, 258808.750, 140
Trd, 258808.783, 136
Trd, 258808.900, 130
Trd, 258809.100, 139
Trd, 258809.183, 101
Trd, 258809.633, 138
Trd, 258809.883, 99
Trd, 258809.933, 123
Trd, 258810.083, 99
Trd, 258810.417, 130
Trd, 258810.750, 139
Trd, 258811.367, 99
Trd, 258812.367, 126
Trd, 258812.867, 130
Trd, 258813.083, 139
Trd, 258813.400, 130
Trd, 258813.650, 130
Trd, 258813.783, 132
Trd, 258813.800, 130
Trd, 258814.050, 131
Trd, 258814.133, 133
Trd, 258814.167, 130
Trd, 258814.700, 139
Trd, 258814.833, 131
Trd, 258814.950, 130
Trd, 258815.017, 137
Trd, 258815.217, 128
Trd, 258815.800, 129
Trd, 258816.083, 129
Trd, 258816.283, 128
Trd, 258816.300, 127
Trd, 258816.567, 126
Trd, 258816.667, 120
Trd, 258816.683, 104
Trd, 258816.733, 101
Trd, 258816.967, 89
Trd, 258817.633, 136
Trd, 258817.717, 135
Trd, 258817.783, 132
Trd, 258818.450, 98
Trd, 258818.817, 100
Trd, 258818.900, 99
Trd, 258819.317, 140
Trd, 258819.500, 140
Trd, 258819.967, 120
Trd, 258820.183, 128
Trd, 258820.583, 139
Trd, 258820.950, 130
Trd, 258821.083, 138
Trd, 258821.333, 131
Trd, 258821.433, 128
Trd, 258822.133, 126
Trd, 258822.400, 139
Trd, 258823.200, 131
Trd, 258823.283, 132
Trd, 258823.450, 132
Trd, 258823.567, 132
Trd, 258824.017, 133
Trd, 258824.283, 134
Trd, 258824.417, 134
Trd, 258824.633, 133
Trd, 258824.850, 131
Trd, 258824.950, 128
Trd, 258825.267, 137
Trd, 258825.850, 124
Trd, 258825.933, 110
Trd, 258826.000, 109
Trd, 258826.167, 140
Trd, 258826.767, 128
Trd, 258826.883, 127
Trd, 258827.200, 126
Trd, 258827.483, 125
Trd, 258828.033, 131
Trd, 258828.133, 130
Trd, 258828.183, 140
Trd, 258828.250, 122
Trd, 258828.683, 140
Trd, 258828.917, 140
Trd, 258829.983, 140
Trd, 258830.067, 119
Trd, 258830.450, 112
Trd, 258830.917, 116
Trd, 258830.933, 131
Trd, 258831.233, 119
Trd, 258831.667, 129
Trd, 258831.700, 119
Trd, 258831.900, 130
Trd, 258832.050, 132
Trd, 258832.117, 119
Trd, 258832.233, 118
Trd, 258832.367, 117
Trd, 258832.617, 117
Trd, 258832.650, 114
Trd, 258832.983, 123
Trd, 258833.083, 106
Trd, 258833.750, 107
Trd, 258833.883, 106
Trd, 258833.900, 104
Trd, 258833.983, 97
Trd, 258834.567, 138
Trd, 258834.783, 137
Trd, 258835.050, 134
Trd, 258835.383, 140
Trd, 258835.767, 137
Trd, 258836.333, 129
Trd, 258836.450, 123
Trd, 258836.467, 120
Trd, 258836.883, 138
Trd, 258836.917, 137
Trd, 258837.233, 138
Trd, 258837.367, 113
Trd, 258837.550, 124
Trd, 258838.283, 140
Trd, 258838.350, 140
Trd, 258838.450, 140
Trd, 258838.817, 140
Trd, 258839.033, 140
Trd, 258839.417, 140
Trd, 258839.617, 140
Trd, 258839.633, 140
Trd, 258839.667, 133
Trd, 258840.050, 140
Trd, 258840.317, 140
Trd, 258840.600, 139
Trd, 258840.683, 136
Trd, 258841.083, 140
Trd, 258841.100, 140
Trd, 258841.350, 140
Trd, 258841.467, 140
Trd, 258841.517, 123
Trd, 258842.217, 106
Trd, 258842.233, 105
Trd, 258842.283, 103
Trd, 258842.500, 140
Trd, 258843.233, 115
Trd, 258843.567, 116
Trd, 258843.600, 114
Trd, 258843.717, 119
Trd, 258844.017, 114
Trd, 258844.083, 138
Trd, 258844.117, 137
Trd, 258844.133, 113
Trd, 258844.200, 110
Trd, 258844.317, 85
Trd, 258844.500, 84
Trd, 258844.733, 79
Trd, 258845.250, 129
Trd, 258845.833, 140
Trd, 258846.600, 140
Trd, 258846.717, 140
Trd, 258846.917, 140
Trd, 258847.233, 140
Trd, 258847.567, 140
Trd, 258847.983, 140
Trd, 258848.217, 136
Trd, 258848.317, 120
Trd, 258848.483, 138
Trd, 258848.667, 113
Trd, 258848.750, 112
Trd, 258849.083, 140
Trd, 258849.233, 139
Trd, 258849.550, 138
Trd, 258849.817, 140
Trd, 258850.050, 130
Trd, 258850.250, 126
Trd, 258850.650, 106
Trd, 258850.683, 108
Trd, 258851.167, 135
Trd, 258851.267, 132
Trd, 258851.467, 66
Trd, 258851.633, 130
Trd, 258851.700, 129
Trd, 258851.717, 66
Trd, 258851.800, 61
Trd, 258852.067, 131
Trd, 258852.133, 94
Trd, 258852.317, 96
Trd, 258852.517, 96
Trd, 258852.617, 97
Trd, 258852.733, 137
Trd, 258853.067, 106
Trd, 258853.333, 99
Trd, 258853.817, 99
Trd, 258854.300, 101
Trd, 258855.150, 140
Trd, 258855.217, 140
Trd, 258855.283, 138
Trd, 258855.717, 140
Trd, 258855.967, 140
Trd, 258856.200, 119
Trd, 258856.683, 140
Trd, 258857.000, 125
Trd, 258857.117, 118
Trd, 258857.133, 117
Trd, 258857.367, 116
Trd, 258857.717, 102
Trd, 258857.767, 101
Trd, 258858.250, 94
Trd, 258858.267, 93
Trd, 258858.400, 93
Trd, 258858.433, 92
Trd, 258859.200, 118
Trd, 258859.650, 122
Trd, 258859.667, 105
Trd, 258859.750, 104
Trd, 258860.017, 123
Trd, 258860.117, 104
Trd, 258860.350, 124
Trd, 258860.367, 112
Trd, 258860.383, 103
Trd, 258860.650, 124
Trd, 258860.683, 123
Trd, 258860.767, 128
Trd, 258860.883, 122
Trd, 258861.083, 104
Trd, 258861.783, 140
Trd, 258861.833, 133
Trd, 258862.200, 120
Trd, 258862.350, 125
Trd, 258864.017, 140
Trd, 258864.183, 140
Trd, 258864.250, 140
Trd, 258864.317, 140
Trd, 258864.400, 140
Trd, 258864.467, 133
Trd, 258864.617, 123
Trd, 258864.683, 125
Trd, 258864.917, 121
Trd, 258865.183, 104
Trd, 258865.550, 104
Trd, 258866.017, 140
Trd, 258866.183, 140
Trd, 258866.317, 140
Trd, 258866.750, 140
Trd, 258867.050, 140
Trd, 258867.333, 140
Trd, 258867.633, 140
Trd, 258867.800, 139
Trd, 258867.833, 138
Trd, 258867.933, 137
Trd, 258867.950, 134
Trd, 258868.417, 117
Trd, 258868.600, 116
Trd, 258868.883, 98
Trd, 258869.033, 119
Trd, 258869.067, 118
Trd, 258869.400, 121
Trd, 258869.650, 127
Trd, 258869.967, 131
Trd, 258870.167, 126
Trd, 258870.567, 118
Trd, 258870.767, 109
Trd, 258870.833, 122
Trd, 258871.283, 107
Trd, 258871.583, 101
Trd, 258871.667, 99
Trd, 258872.017, 95
Trd, 258872.283, 66
Trd, 258872.467, 127
Trd, 258872.750, 127
Trd, 258872.967, 117
Trd, 258873.150, 116
Trd, 258873.433, 140
Trd, 258873.467, 140
Trd, 258873.833, 128
Trd, 258873.867, 126
Trd, 258874.300, 128
Trd, 258874.367, 128
Trd, 258874.400, 129
Trd, 258874.433, 128
Trd, 258874.683, 125
Trd, 258874.767, 126
Trd, 258874.983, 127
Trd, 258875.050, 126
Trd, 258875.333, 130
Trd, 258875.533, 125
Trd, 258875.650, 122
Trd, 258875.817, 139
Trd, 258876.683, 138
Trd, 258876.700, 133
Trd, 258876.950, 131
Trd, 258877.017, 130
Trd, 258877.300, 138
Trd, 258877.383, 127
Trd, 258877.633, 127
Trd, 258877.900, 121
Trd, 258878.367, 136
Trd, 258878.983, 140
Trd, 258879.450, 113
Trd, 258879.483, 112
Trd, 258879.567, 113
Trd, 258879.850, 134
Trd, 258880.217, 129
Trd, 258880.283, 114
Trd, 258880.617, 137
Trd, 258880.950, 117
Trd, 258881.867, 140
Trd, 258882.050, 140
Trd, 258882.117, 139
Trd, 258882.433, 123
Trd, 258882.467, 122
Trd, 258882.533, 130
Trd, 258882.617, 128
Trd, 258882.850, 129
Trd, 258882.933, 121
Trd, 258883.067, 131
Trd, 258883.367, 140
Trd, 258883.483, 129
Trd, 258884.283, 123
Trd, 258884.617, 120
Trd, 258884.883, 120
Trd, 258885.050, 119
Trd, 258885.467, 137
Trd, 258885.550, 116
Trd, 258885.883, 127
Trd, 258886.100, 127
Trd, 258886.733, 139
Trd, 258886.767, 125
Trd, 258886.817, 124
Trd, 258887.400, 124
Trd, 258887.533, 118
Trd, 258887.633, 116
Trd, 258888.017, 117
Trd, 258888.133, 138
Trd, 258888.267, 116
Trd, 258888.500, 118
Trd, 258888.900, 116
Trd, 258889.000, 111
Trd, 258889.250, 100
Trd, 258889.333, 117
Trd, 258889.417, 99
Trd, 258889.750, 116
Trd, 258890.200, 118
Trd, 258890.833, 138
Trd, 258890.867, 137
Trd, 258892.617, 140
Trd, 258892.633, 140
Trd, 258892.700, 140
Trd, 258892.767, 140
Trd, 258892.900, 140
Trd, 258893.100, 139
Trd, 258893.233, 137
Trd, 258893.667, 136
Trd, 258893.767, 140
Trd, 258894.017, 140
Trd, 258894.117, 135
Trd, 258894.417, 139
Trd, 258894.467, 138
Trd, 258894.717, 134
Trd, 258894.733, 133
Trd, 258894.817, 140
Trd, 258894.883, 127
Trd, 258895.000, 127
Trd, 258895.033, 111
Trd, 258895.133, 125
Trd, 258895.683, 140
Trd, 258896.333, 140
Trd, 258896.350, 138
Trd, 258896.383, 139
Trd, 258896.750, 131
Trd, 258897.250, 126
Trd, 258897.417, 125
Trd, 258897.800, 126
Trd, 258897.867, 125
Trd, 258898.567, 129
Trd, 258898.683, 127
Trd, 258898.700, 129
Trd, 258898.967, 126
Trd, 258899.067, 125
Trd, 258899.533, 121
Trd, 258899.783, 116
Trd, 258899.867, 128
Trd, 258900.267, 129
Trd, 258900.367, 140
Trd, 258900.567, 117
Trd, 258901.283, 129
Trd, 258901.350, 135
Trd, 258901.417, 124
Trd, 258901.683, 120
Trd, 258901.833, 119
Trd, 258902.167, 108
Trd, 258902.200, 126
Trd, 258902.433, 127
Trd, 258902.550, 106
Trd, 258903.383, 111
Trd, 258903.633, 134
Trd, 258903.817, 132
Trd, 258904.083, 135
Trd, 258904.600, 139
Trd, 258904.633, 130
Trd, 258904.967, 123
Trd, 258905.000, 122
Trd, 258905.033, 121
Trd, 258906.017, 134
Trd, 258906.283, 133
Trd, 258906.350, 134
Trd, 258906.750, 122
Trd, 258906.967, 119
Trd, 258906.983, 134
Trd, 258907.017, 116
Trd, 258907.317, 138
Trd, 258907.750, 128
Trd, 258907.833, 108
Trd, 258907.850, 91
Trd, 258908.000, 85
Trd, 258908.050, 106
Trd, 258908.467, 119
Trd, 258908.600, 87
Trd, 258908.717, 88
Trd, 258908.967, 88
Trd, 258909.033, 134
Trd, 258909.633, 106
Trd, 258909.867, 105
Trd, 258910.383, 105
Trd, 258910.517, 140
Trd, 258910.533, 97
Trd, 258910.850, 124
Trd, 258911.150, 139
Trd, 258911.350, 124
Trd, 258911.583, 111
Trd, 258911.633, 110
Trd, 258911.683, 138
Trd, 258912.583, 113
Trd, 258912.650, 112
Trd, 258912.850, 135
Trd, 258913.033, 108
Trd, 258913.300, 132
Trd, 258914.083, 135
Trd, 258914.217, 134
Trd, 258914.283, 133
Trd, 258914.300, 138
Trd, 258914.517, 128
Trd, 258914.817, 131
Trd, 258915.167, 130
Trd, 258915.400, 135
Trd, 258915.583, 130
Trd, 258915.950, 128
Trd, 258916.383, 140
Trd, 258916.433, 128
Trd, 258916.750, 124
Trd, 258917.150, 137
Trd, 258917.250, 122
Trd, 258917.733, 133
Trd, 258917.767, 132
Trd, 258917.850, 121
Trd, 258918.217, 123
Trd, 258918.633, 134
Trd, 258918.917, 127
Trd, 258919.550, 140
Trd, 258919.600, 140
Trd, 258920.000, 140
Trd, 258920.167, 136
Trd, 258920.300, 127
Trd, 258921.167, 137
Trd, 258921.383, 137
Trd, 258921.833, 140
Trd, 258921.967, 140
Trd, 258922.000, 140
Trd, 258922.133, 139
Trd, 258923.467, 140
Trd, 258923.483, 140
Trd, 258923.550, 140
Trd, 258923.733, 140
Trd, 258923.750, 136
Trd, 258923.950, 136
Trd, 258923.967, 137
Trd, 258924.100, 139
Trd, 258924.583, 139
Trd, 258924.783, 139
Trd, 258924.950, 132
Trd, 258925.183, 128
Trd, 258925.217, 129
Trd, 258925.283, 137
Trd, 258925.467, 129
Trd, 258925.500, 128
Trd, 258926.083, 133
Trd, 258927.067, 139
Trd, 258927.233, 139
Trd, 258927.417, 138
Trd, 258927.433, 136
Trd, 258927.567, 135
Trd, 258927.667, 134
Trd, 258927.933, 139
Trd, 258928.050, 127
Trd, 258928.683, 123
Trd, 258928.717, 127
Trd, 258928.733, 107
Trd, 258928.767, 105
Trd, 258929.133, 121
Trd, 258929.400, 140
Trd, 258929.467, 106
Trd, 258929.850, 139
Trd, 258930.067, 104
Trd, 258930.700, 105
Trd, 258931.167, 106
Trd, 258931.300, 105
Trd, 258931.517, 106
Trd, 258931.717, 104
Trd, 258931.800, 109
Trd, 258931.867, 99
Trd, 258931.933, 98
Trd, 258931.967, 97
Trd, 258932.117, 80
Trd, 258932.283, 71
Trd, 258932.750, 140
Trd, 258933.083, 140
Trd, 258933.333, 140
Trd, 258933.383, 140
Trd, 258933.933, 140
Trd, 258933.967, 140
Trd, 258934.133, 138
Trd, 258934.617, 136
Trd, 258934.650, 135
Trd, 258935.317, 136
Trd, 258935.417, 134
Trd, 258936.500, 139
Trd, 258936.883, 135
Trd, 258936.900, 113
Trd, 258937.517, 129
Trd, 258937.633, 127
Trd, 258938.133, 131
Trd, 258938.300, 130
Trd, 258938.917, 140
Trd, 258939.000, 132
Trd, 258939.117, 140
Trd, 258939.300, 139
Trd, 258939.433, 132
Trd, 258939.567, 129
Trd, 258939.717, 127
Trd, 258939.833, 125
Trd, 258940.100, 140
Trd, 258940.183, 133
Trd, 258940.683, 104
Trd, 258940.950, 98
Trd, 258940.967, 98
Trd, 258940.983, 96
Trd, 258941.017, 94
Trd, 258941.333, 121
Trd, 258942.333, 118
Trd, 258942.450, 117
Trd, 258942.517, 116
Trd, 258942.633, 116
Trd, 258943.250, 140
Trd, 258943.317, 140
Trd, 258943.417, 140
Trd, 258943.567, 140
Trd, 258943.617, 140
Trd, 258943.800, 127
Trd, 258944.300, 124
Trd, 258944.933, 132
Trd, 258945.017, 138
Trd, 258945.250, 133
Trd, 258945.283, 132
Trd, 258945.917, 134
Trd, 258945.983, 131
Trd, 258946.083, 115
Trd, 258946.150, 108
Trd, 258946.350, 107
Trd, 258946.533, 135
Trd, 258946.600, 130
Trd, 258946.650, 136
Trd, 258946.783, 108
Trd, 258947.017, 108
Trd, 258947.100, 107
Trd, 258947.250, 106
Trd, 258947.383, 104
Trd, 258947.450, 92
Trd, 258947.917, 107
Trd, 258948.033, 107
Trd, 258948.100, 111
Trd, 258948.400, 140
Trd, 258948.483, 100
Trd, 258948.833, 89
Trd, 258948.867, 88
Trd, 258948.883, 83
Trd, 258949.633, 125
Trd, 258950.083, 139
Trd, 258950.167, 130
Trd, 258950.233, 129
Trd, 258950.400, 123
Trd, 258950.433, 122
Trd, 258950.633, 103
Trd, 258951.400, 140
Trd, 258952.883, 140
Trd, 258953.467, 140
Trd, 258953.567, 140
Trd, 258953.800, 140
Trd, 258954.150, 140
Trd, 258954.450, 140
Trd, 258954.967, 140
Trd, 258955.000, 140
Trd, 258955.100, 140
Trd, 258955.167, 140
Trd, 258955.267, 139
Trd, 258955.283, 140
Trd, 258955.300, 139
Trd, 258955.367, 136
Trd, 258956.333, 140
Trd, 258956.967, 140
Trd, 258957.250, 140
Trd, 258957.600, 140
Trd, 258957.750, 140
Trd, 258958.000, 140
Trd, 258958.567, 140
Trd, 258958.583, 140
Trd, 258958.933, 140
Trd, 258959.233, 140
Trd, 258959.250, 140
Trd, 258959.417, 136
Trd, 258959.433, 133
Trd, 258959.583, 131
Trd, 258959.783, 140
Trd, 258959.800, 117
Trd, 258959.983, 129
Trd, 258960.133, 120
Trd, 258960.583, 140
Trd, 258960.917, 140
Trd, 258961.717, 140
Trd, 258962.033, 140
Trd, 258962.583, 140
Trd, 258963.150, 140
Trd, 258963.183, 140
Trd, 258963.400, 140
Trd, 258963.850, 140
Trd, 258964.017, 140
Trd, 258964.150, 140
Trd, 258964.267, 140
Trd, 258964.467, 140
Trd, 258964.600, 139
Trd, 258964.800, 133
Trd, 258964.867, 133
Trd, 258965.200, 129
Trd, 258965.300, 123
Trd, 258965.967, 108
Trd, 258966.050, 107
Trd, 258966.333, 115
Trd, 258966.450, 117
Trd, 258966.467, 108
Trd, 258966.550, 111
Trd, 258966.800, 104
Trd, 258966.867, 113
Trd, 258967.067, 112
Trd, 258967.267, 104
Trd, 258967.500, 103
Trd, 258967.933, 102
Trd, 258967.983, 97
Trd, 258968.350, 133
Trd, 258968.383, 106
Trd, 258968.583, 140
Trd, 258969.217, 137
Trd, 258969.450, 120
Trd, 258969.933, 118
Trd, 258969.983, 103
Trd, 258970.200, 102
Trd, 258970.383, 136
Trd, 258970.500, 105
Trd, 258970.700, 104
Trd, 258970.900, 112
Trd, 258970.967, 110
Trd, 258970.983, 138
Trd, 258971.100, 106
Trd, 258971.133, 117
Trd, 258971.183, 140
Trd, 258971.617, 101
Trd, 258971.800, 134
Trd, 258971.900, 107
Trd, 258972.650, 104
Trd, 258972.867, 106
Trd, 258973.167, 105
Trd, 258973.483, 140
Trd, 258973.633, 105
Trd, 258973.783, 104
Trd, 258973.883, 116
Trd, 258973.950, 107
Trd, 258974.183, 105
Trd, 258974.617, 140
Trd, 258974.667, 103
Trd, 258975.067, 120
Trd, 258975.433, 104
Trd, 258975.633, 103
Trd, 258975.767, 118
Trd, 258976.233, 115
Trd, 258976.500, 112
Trd, 258976.683, 118
Trd, 258976.733, 111
Trd, 258976.933, 119
Trd, 258977.150, 110
Trd, 258977.200, 119
Trd, 258977.333, 116
Trd, 258977.500, 110
Trd, 258977.650, 120
Trd, 258978.150, 118
Trd, 258978.350, 117
Trd, 258978.467, 107
Trd, 258978.617, 103
Trd, 258978.683, 102
Trd, 258978.967, 139
Trd, 258979.183, 94
Trd, 258979.500, 119
Trd, 258979.517, 95
Trd, 258979.650, 96
Trd, 258979.717, 94
Trd, 258979.883, 96
Trd, 258981.450, 140
Trd, 258982.033, 140
Trd, 258982.333, 140
Trd, 258982.550, 140
Trd, 258982.783, 140
Trd, 258982.833, 140
Trd, 258982.967, 140
Trd, 258983.250, 140
Trd, 258983.267, 139
Trd, 258983.333, 139
Trd, 258983.883, 140
Trd, 258984.083, 139
Trd, 258984.200, 138
Trd, 258984.400, 135
Trd, 258984.417, 131
Trd, 258984.717, 127
Trd, 258984.800, 126
Trd, 258985.183, 139
Trd, 258985.200, 138
Trd, 258985.683, 139
Trd, 258985.833, 135
Trd, 258985.917, 122
Trd, 258985.950, 136
Trd, 258986.050, 121
Trd, 258986.117, 118
Trd, 258987.167, 115
Trd, 258987.283, 106
Trd, 258987.433, 118
Trd, 258987.517, 114
Trd, 258987.617, 112
Trd, 258988.467, 140
Trd, 258988.817, 140
Trd, 258988.867, 140
Trd, 258989.100, 140
Trd, 258989.767, 140
Trd, 258989.950, 140
Trd, 258990.000, 140
Trd, 258990.133, 140
Trd, 258990.267, 140
Trd, 258990.667, 140
Trd, 258990.833, 140
Trd, 258990.850, 140
Trd, 258991.700, 140
Trd, 258991.850, 140
Trd, 258992.283, 140
Trd, 258992.350, 140
Trd, 258992.400, 140
Trd, 258992.450, 140
Trd, 258992.567, 140
Trd, 258992.983, 130
Trd, 258993.233, 139
Trd, 258993.267, 138
Trd, 258993.367, 130
Trd, 258993.450, 121
Trd, 258993.600, 118
Trd, 258993.800, 112
Trd, 258994.367, 136
Trd, 258994.583, 110
Trd, 258994.700, 109
Trd, 258994.800, 112
Trd, 258995.017, 137
Trd, 258995.500, 109
Trd, 258995.567, 108
Trd, 258995.783, 98
Trd, 258996.200, 118
Trd, 258996.483, 113
Trd, 258997.133, 118
Trd, 258997.350, 100
Trd, 258997.383, 91
Trd, 258997.483, 110
Trd, 258998.050, 110
Trd, 258998.200, 110
Trd, 258998.350, 114
Trd, 258998.383, 119
Trd, 258998.433, 105
Trd, 258998.667, 78
Trd, 258998.883, 107
Trd, 258999.033, 75
Trd, 258999.267, 84
Trd, 259000.117, 97
Trd, 259000.283, 90
Trd, 259000.317, 88
Trd, 259000.617, 85
Trd, 259000.700, 72
Trd, 259000.783, 106
Trd, 259001.067, 93
Trd, 259001.083, 101
Trd, 259001.100, 71
Trd, 259001.183, 66
Trd, 259001.767, 71
Trd, 259001.900, 104
Trd, 259002.067, 92
Trd, 259002.350, 110
Trd, 259002.533, 126
Trd, 259002.717, 94
Trd, 259003.467, 126
Trd, 259003.533, 116
Trd, 259003.667, 115
Trd, 259004.000, 122
Trd, 259004.150, 122
Trd, 259004.167, 115
Trd, 259004.317, 116
Trd, 259004.367, 135
Trd, 259004.400, 114
Trd, 259004.417, 112
Trd, 259004.500, 111
Trd, 259005.100, 125
Trd, 259005.383, 126
Trd, 259005.650, 140
Trd, 259005.967, 136
Trd, 259006.067, 116
Trd, 259006.300, 137
Trd, 259006.683, 117
Trd, 259006.917, 116
Trd, 259007.150, 115
Trd, 259007.350, 134
Trd, 259007.383, 112
Trd, 259007.417, 107
Trd, 259007.750, 97
Trd, 259007.800, 89
Trd, 259008.400, 119
Trd, 259008.500, 133
Trd, 259008.633, 119
Trd, 259008.867, 136
Trd, 259008.917, 119
Trd, 259009.733, 140
Trd, 259009.850, 139
Trd, 259010.200, 139
Trd, 259010.250, 138
Trd, 259010.367, 135
Trd, 259010.483, 117
Trd, 259011.133, 140
Trd, 259011.300, 140
Trd, 259011.717, 140
Trd, 259011.950, 134
Trd, 259011.983, 134
Trd, 259012.267, 133
Trd, 259012.467, 122
Trd, 259012.667, 114
Trd, 259013.300, 110
Trd, 259013.783, 135
Trd, 259014.633, 140
Trd, 259014.700, 130
Trd, 259015.250, 130
Trd, 259015.317, 129
Trd, 259015.467, 128
Trd, 259015.550, 114
Trd, 259015.633, 113
Trd, 259016.033, 136
Trd, 259016.100, 115
Trd, 259016.367, 124
Trd, 259016.533, 115
Trd, 259017.217, 120
Trd, 259017.367, 119
Trd, 259017.783, 130
Trd, 259017.900, 115
Trd, 259018.217, 112
Trd, 259018.350, 129
Trd, 259018.550, 140
Trd, 259018.800, 124
Trd, 259018.867, 140
Trd, 259019.067, 127
Trd, 259019.517, 128
Trd, 259019.567, 127
Trd, 259019.733, 129
Trd, 259020.150, 133
Trd, 259020.383, 134
Trd, 259020.783, 139
Trd, 259021.117, 137
Trd, 259021.283, 138
Trd, 259021.383, 137
Trd, 259021.400, 136
Trd, 259021.433, 132
Trd, 259021.967, 140
Trd, 259022.117, 138
Trd, 259022.333, 128
Trd, 259022.383, 124
Trd, 259022.800, 125
Trd, 259022.817, 124
Trd, 259023.233, 140
Trd, 259023.383, 140
Trd, 259023.417, 139
Trd, 259023.450, 138
Trd, 259024.217, 134
Trd, 259024.600, 134
Trd, 259024.683, 131
Trd, 259024.850, 116
Trd, 259025.117, 107
Trd, 259025.233, 111
Trd, 259025.383, 132
Trd, 259025.450, 134
Trd, 259025.967, 140
Trd, 259026.167, 140
Trd, 259026.300, 140
Trd, 259026.900, 139
Trd, 259027.900, 140
Trd, 259027.950, 140
Trd, 259028.033, 140
Trd, 259028.383, 133
Trd, 259028.500, 128
Trd, 259028.900, 128
Trd, 259028.967, 127
Trd, 259029.417, 119
Trd, 259029.433, 117
Trd, 259029.850, 118
Trd, 259030.033, 117
Trd, 259030.333, 116
Trd, 259030.367, 138
Trd, 259030.500, 114
Trd, 259030.867, 109
Trd, 259031.067, 109
Trd, 259031.083, 136
Trd, 259031.750, 139
Trd, 259031.767, 115
Trd, 259031.967, 115
Trd, 259032.250, 114
Trd, 259032.317, 108
Trd, 259033.083, 102
Trd, 259033.200, 102
Trd, 259033.600, 118
Trd, 259033.700, 117
Trd, 259034.017, 140
Trd, 259034.250, 140
Trd, 259034.333, 126
Trd, 259034.617, 139
Trd, 259034.717, 120
Trd, 259035.383, 135
Trd, 259035.400, 134
Trd, 259035.617, 135
Trd, 259035.983, 138
Trd, 259036.050, 139
Trd, 259036.867, 140
Trd, 259036.883, 139
Trd, 259037.267, 139
Trd, 259037.333, 136
Trd, 259037.367, 133
Trd, 259037.800, 139
Trd, 259037.900, 139
Trd, 259037.967, 137
Trd, 259037.983, 131
Trd, 259038.517, 139
Trd, 259038.750, 138
Trd, 259039.000, 133
Trd, 259039.017, 132
Trd, 259039.200, 126
Trd, 259039.400, 113
Trd, 259039.567, 130
Trd, 259040.233, 136
Trd, 259040.467, 117
Trd, 259040.717, 117
Trd, 259041.250, 138
Trd, 259041.483, 140
Trd, 259041.567, 138
Trd, 259041.783, 135
Trd, 259042.183, 130
Trd, 259042.267, 129
Trd, 259042.300, 126
Trd, 259042.350, 125
Trd, 259042.700, 122
Trd, 259042.767, 126
Trd, 259043.383, 139
Trd, 259043.467, 138
Trd, 259043.717, 123
Trd, 259043.967, 133
Trd, 259044.033, 123
Trd, 259044.117, 122
Trd, 259044.567, 122
Trd, 259045.167, 121
Trd, 259045.333, 120
Trd, 259045.417, 118
Trd, 259045.983, 120
Trd, 259046.350, 122
Trd, 259046.417, 120
Trd, 259046.950, 140
Trd, 259047.050, 128
Trd, 259047.083, 127
Trd, 259047.283, 118
Trd, 259048.100, 127
Trd, 259048.200, 120
Trd, 259048.517, 110
Trd, 259048.700, 110
Trd, 259049.217, 113
Trd, 259049.417, 112
Trd, 259049.767, 130
Trd, 259050.300, 137
Trd, 259050.317, 134
Trd, 259050.500, 140
Trd, 259050.833, 140
Trd, 259051.300, 140
Trd, 259051.383, 140
Trd, 259051.467, 140
Trd, 259051.633, 140
Trd, 259051.667, 140
Trd, 259051.900, 140
Trd, 259052.083, 139
Trd, 259052.667, 136
Trd, 259053.217, 140
Trd, 259053.250, 132
Trd, 259053.500, 128
Trd, 259053.883, 140
Trd, 259053.950, 140
Trd, 259054.133, 127
Trd, 259054.217, 107
Trd, 259054.383, 140
Trd, 259054.450, 116
Trd, 259054.467, 105
Trd, 259055.600, 124
Trd, 259055.767, 126
Trd, 259055.850, 127
Trd, 259055.883, 128
Trd, 259056.083, 127
Trd, 259056.100, 126
Trd, 259056.350, 124
Trd, 259056.767, 138
Trd, 259056.800, 123
Trd, 259056.817, 122
Trd, 259057.417, 140
Trd, 259057.467, 135
Trd, 259057.617, 121
Trd, 259057.733, 118
Trd, 259057.833, 131
Trd, 259058.067, 113
Trd, 259059.033, 140
Trd, 259059.067, 136
Trd, 259059.667, 140
Trd, 259059.850, 140
Trd, 259060.267, 140
Trd, 259061.017, 140
Trd, 259061.167, 140
Trd, 259061.300, 140
Trd, 259062.100, 140
Trd, 259062.367, 140
Trd, 259062.683, 140
Trd, 259062.750, 140
Trd, 259062.867, 140
Trd, 259063.000, 134
Trd, 259063.100, 127
Trd, 259063.133, 127
Trd, 259063.450, 128
Trd, 259063.467, 127
Trd, 259063.583, 127
Trd, 259063.767, 122
Trd, 259064.000, 121
Trd, 259064.167, 120
Trd, 259064.383, 118
Trd, 259064.583, 130
Trd, 259065.000, 130
Trd, 259065.200, 132
Trd, 259065.283, 129
Trd, 259065.467, 126
Trd, 259065.583, 125
Trd, 259066.067, 140
Trd, 259066.283, 139
Trd, 259066.367, 133
Trd, 259067.000, 121
Trd, 259067.300, 120
Trd, 259067.450, 139
Trd, 259067.967, 137
Trd, 259068.000, 136
Trd, 259068.067, 136
Trd, 259068.233, 135
Trd, 259068.517, 104
Trd, 259068.783, 100
Trd, 259069.100, 98
Trd, 259069.817, 139
Trd, 259069.833, 100
Trd, 259070.267, 97
Trd, 259070.417, 137
Trd, 259070.550, 138
Trd, 259070.633, 110
Trd, 259070.650, 104
Trd, 259070.850, 99
Trd, 259070.950, 99
Trd, 259071.150, 122
Trd, 259071.217, 100
Trd, 259071.450, 133
Trd, 259071.550, 132
Trd, 259071.817, 98
Trd, 259071.833, 98
Trd, 259072.383, 98
Trd, 259072.683, 116
Trd, 259072.783, 110
Trd, 259072.800, 97
Trd, 259072.817, 84
Trd, 259073.100, 131
Trd, 259073.533, 140
Trd, 259074.283, 138
Trd, 259074.450, 132
Trd, 259074.583, 124
Trd, 259074.600, 123
Trd, 259075.400, 140
Trd, 259075.583, 140
Trd, 259076.067, 140
Trd, 259076.283, 140
Trd, 259076.317, 140
Trd, 259076.400, 140
Trd, 259076.767, 136
Trd, 259076.800, 135
Trd, 259076.817, 133
Trd, 259077.050, 137
Trd, 259077.400, 126
Trd, 259077.417, 125
Trd, 259077.533, 119
Trd, 259077.567, 119
Trd, 259077.617, 108
Trd, 259077.833, 111
Trd, 259078.317, 131
Trd, 259078.567, 116
Trd, 259078.733, 114
Trd, 259078.883, 106
Trd, 259079.100, 95
Trd, 259079.200, 117
Trd, 259079.467, 133
Trd, 259079.633, 119
Trd, 259079.767, 117
Trd, 259080.750, 140
Trd, 259081.400, 140
Trd, 259081.650, 140
Trd, 259081.917, 140
Trd, 259082.417, 140
Trd, 259082.517, 140
Trd, 259083.217, 140
Trd, 259083.267, 136
Trd, 259083.633, 117
Trd, 259083.667, 113
Trd, 259084.833, 135
Trd, 259084.900, 134
Trd, 259084.983, 139
Trd, 259085.133, 135
Trd, 259085.383, 136
Trd, 259085.967, 138
Trd, 259086.083, 138
Trd, 259086.133, 140
Trd, 259086.300, 140
Trd, 259086.333, 139
Trd, 259086.467, 140
Trd, 259086.583, 137
Trd, 259087.283, 140
Trd, 259087.483, 138
Trd, 259087.733, 137
Trd, 259087.750, 136
Trd, 259087.850, 139
Trd, 259087.933, 125
Trd, 259087.950, 109
Trd, 259088.583, 138
Trd, 259088.683, 127
Trd, 259089.017, 104
Trd, 259089.133, 101
Trd, 259089.233, 109
Trd, 259089.433, 120
Trd, 259089.500, 109
Trd, 259089.633, 128
Trd, 259089.717, 138
Trd, 259090.000, 136
Trd, 259091.350, 132
Trd, 259091.583, 132
Trd, 259091.600, 131
Trd, 259091.783, 118
Trd, 259092.183, 105
Trd, 259092.400, 104
Trd, 259092.450, 96
Trd, 259092.533, 137
Trd, 259092.617, 89
Trd, 259092.783, 117
Trd, 259092.917, 99
Trd, 259093.133, 90
Trd, 259093.333, 116
Trd, 259093.383, 119
Trd, 259093.717, 98
Trd, 259093.850, 128
Trd, 259094.033, 98
Trd, 259094.083, 97
Trd, 259094.850, 140
Trd, 259095.267, 140
Trd, 259095.300, 140
Trd, 259095.767, 140
Trd, 259096.283, 140
Trd, 259096.417, 140
Trd, 259096.867, 140
Trd, 259096.883, 140
Trd, 259097.267, 140
Trd, 259097.633, 140
Trd, 259097.833, 140
Trd, 259098.533, 140
Trd, 259098.633, 140
Trd, 259098.650, 138
Trd, 259099.033, 136
Trd, 259099.183, 134
Trd, 259099.667, 139
Trd, 259099.700, 134
Trd, 259099.733, 134
Trd, 259099.767, 133
Trd, 259100.000, 139
Trd, 259100.200, 140
Trd, 259100.667, 140
Trd, 259100.783, 140
Trd, 259100.800, 140
Trd, 259100.983, 140
Trd, 259101.350, 140
Trd, 259101.383, 140
Trd, 259101.600, 140
Trd, 259102.183, 138
Trd, 259102.233, 135
Trd, 259102.350, 140
Trd, 259102.517, 135
Trd, 259102.700, 132
Trd, 259102.783, 129
Trd, 259103.000, 131
Trd, 259103.067, 126
Trd, 259103.550, 117
Trd, 259104.000, 88
Trd, 259104.167, 87
Trd, 259104.500, 92
Trd, 259104.617, 85
Trd, 259104.900, 105
Trd, 259105.050, 86
Trd, 259105.117, 98
Trd, 259105.600, 139
Trd, 259105.683, 138
Trd, 259106.067, 107
Trd, 259106.367, 91
Trd, 259106.467, 90
Trd, 259106.517, 89
Trd, 259106.600, 88
Trd, 259106.833, 115
Trd, 259106.867, 115
Trd, 259107.033, 114
Trd, 259107.467, 140
Trd, 259107.900, 139
Trd, 259108.217, 138
Trd, 259108.367, 136
Trd, 259108.417, 135
Trd, 259108.433, 114
Trd, 259108.467, 108
Trd, 259109.567, 134
Trd, 259109.767, 133
Trd, 259110.533, 140
Trd, 259110.700, 140
Trd, 259111.333, 140
Trd, 259111.400, 140
Trd, 259111.783, 140
Trd, 259111.850, 140
Trd, 259111.933, 140
Trd, 259112.133, 138
Trd, 259112.167, 133
Trd, 259112.350, 132
Trd, 259112.650, 124
Trd, 259113.233, 118
Trd, 259113.767, 139
Trd, 259114.050, 140
Trd, 259114.183, 139
Trd, 259114.317, 139
Trd, 259114.667, 139
Trd, 259114.783, 140
Trd, 259115.217, 138
Trd, 259115.383, 138
Trd, 259115.417, 137
Trd, 259115.833, 139
Trd, 259116.433, 140
Trd, 259116.667, 140
Trd, 259116.767, 139
Trd, 259117.083, 139
Trd, 259117.117, 137
Trd, 259117.167, 135
Trd, 259117.433, 139
Trd, 259117.750, 140
Trd, 259118.033, 123
Trd, 259118.250, 129
Trd, 259118.500, 120
Trd, 259118.817, 113
Trd, 259119.217, 140
Trd, 259119.617, 140
Trd, 259119.650, 139
Trd, 259120.083, 133
Trd, 259120.467, 140
Trd, 259120.667, 118
Trd, 259121.400, 118
Trd, 259121.433, 113
Trd, 259121.533, 112
Trd, 259121.750, 113
Trd, 259121.833, 113
Trd, 259121.967, 111
Trd, 259122.250, 135
Trd, 259122.367, 110
Trd, 259122.667, 109
Trd, 259122.950, 105
Trd, 259122.967, 85
Trd, 259123.250, 140
Trd, 259123.400, 139
Trd, 259123.517, 114
Trd, 259123.667, 107
Trd, 259123.917, 95
Trd, 259124.117, 138
Trd, 259124.400, 96
Trd, 259124.467, 138
Trd, 259124.500, 86
Trd, 259125.350, 114
Trd, 259125.417, 91
Trd, 259125.433, 88
Trd, 259126.400, 140
Trd, 259126.483, 140
Trd, 259126.583, 140
Trd, 259126.733, 140
Trd, 259126.800, 140
Trd, 259126.917, 139
Trd, 259127.383, 127
Trd, 259127.400, 127
Trd, 259127.433, 126
Trd, 259128.450, 140
Trd, 259128.583, 140
Trd, 259128.850, 140
Trd, 259129.183, 140
Trd, 259129.383, 140
Trd, 259129.400, 140
Trd, 259129.500, 137
Trd, 259129.850, 140
Trd, 259129.983, 136
Trd, 259130.000, 133
Trd, 259130.967, 140
Trd, 259131.133, 140
Trd, 259131.217, 140
Trd, 259131.300, 130
Trd, 259131.633, 137
Trd, 259132.017, 135
Trd, 259132.433, 135
Trd, 259132.617, 134
Trd, 259132.667, 128
Trd, 259132.750, 128
Trd, 259132.933, 125
Trd, 259134.117, 126
Trd, 259134.183, 125
Trd, 259134.617, 127
Trd, 259134.817, 125
Trd, 259135.000, 140
Trd, 259135.150, 140
Trd, 259135.783, 140
Trd, 259136.017, 140
Trd, 259136.133, 140
Trd, 259136.400, 140
Trd, 259136.483, 140
Trd, 259136.500, 140
Trd, 259137.000, 140
Trd, 259137.017, 140
Trd, 259137.133, 140
Trd, 259137.717, 137
Trd, 259137.750, 134
Trd, 259137.900, 130
Trd, 259138.317, 112
Trd, 259138.967, 106
Trd, 259139.450, 105
Trd, 259139.517, 104
Trd, 259139.900, 102
Trd, 259140.067, 102
Trd, 259140.300, 118
Trd, 259140.850, 139
Trd, 259140.867, 138
Trd, 259140.983, 136
Trd, 259141.100, 136
Trd, 259141.317, 136
Trd, 259141.500, 132
Trd, 259141.517, 116
Trd, 259141.783, 140
Trd, 259141.833, 101
Trd, 259142.000, 134
Trd, 259142.267, 124
Trd, 259142.417, 105
Trd, 259142.767, 137
Trd, 259142.850, 120
Trd, 259142.983, 105
Trd, 259143.417, 106
Trd, 259143.517, 105
Trd, 259143.917, 138
Trd, 259144.000, 126
Trd, 259144.383, 107
Trd, 259144.400, 140
Trd, 259144.717, 111
Trd, 259144.783, 105
Trd, 259144.917, 125
Trd, 259145.250, 114
Trd, 259145.700, 135
Trd, 259146.017, 135
Trd, 259146.033, 126
Trd, 259146.117, 124
Trd, 259146.167, 123
Trd, 259146.333, 137
Trd, 259146.567, 139
Trd, 259146.717, 133
Trd, 259147.150, 121
Trd, 259147.533, 121
Trd, 259147.683, 140
Trd, 259147.750, 109
Trd, 259147.817, 109
Trd, 259147.900, 109
Trd, 259148.000, 101
Trd, 259148.317, 109
Trd, 259148.700, 95
Trd, 259149.483, 135
Trd, 259150.083, 139
Trd, 259150.567, 132
Trd, 259150.633, 130
Trd, 259150.683, 129
Trd, 259151.117, 124
Trd, 259151.150, 122
Trd, 259151.433, 140
Trd, 259151.567, 113
Trd, 259151.883, 139
Trd, 259152.567, 140
Trd, 259152.650, 140
Trd, 259152.667, 140
Trd, 259152.833, 139
Trd, 259153.167, 138
Trd, 259153.300, 137
Trd, 259153.550, 138
Trd, 259154.283, 140
Trd, 259154.683, 140
Trd, 259154.733, 136
Trd, 259154.900, 130
Trd, 259156.083, 140
Trd, 259156.300, 140
Trd, 259156.400, 140
Trd, 259156.550, 138
Trd, 259156.583, 138
Trd, 259156.717, 133
Trd, 259156.833, 130
Trd, 259156.867, 129
Trd, 259157.033, 119
Trd, 259157.483, 108
Trd, 259157.900, 121
Trd, 259157.933, 106
Trd, 259158.233, 109
Trd, 259158.567, 137
Trd, 259158.767, 140
Trd, 259158.783, 137
Trd, 259159.483, 113
Trd, 259159.600, 112
Trd, 259160.050, 110
Trd, 259160.283, 140
Trd, 259160.783, 138
Trd, 259161.083, 114
Trd, 259161.233, 113
Trd, 259161.517, 130
Trd, 259161.533, 131
Trd, 259162.867, 140
Trd, 259163.117, 140
Trd, 259163.250, 140
Trd, 259163.350, 139
Trd, 259163.683, 138
Trd, 259163.783, 135
Trd, 259164.367, 127
Trd, 259164.783, 140
Trd, 259164.817, 140
Trd, 259164.933, 140
Trd, 259164.967, 140
Trd, 259164.983, 108
Trd, 259165.100, 108
Trd, 259165.283, 107
Trd, 259166.583, 137
Trd, 259166.683, 138
Trd, 259166.950, 136
Trd, 259167.000, 136
Trd, 259167.017, 134
Trd, 259167.150, 134
Trd, 259167.300, 133
Trd, 259167.583, 133
Trd, 259167.617, 132
Trd, 259167.850, 125
Trd, 259167.950, 121
Trd, 259168.167, 108
Trd, 259169.167, 140
Trd, 259169.333, 140
Trd, 259169.683, 140
Trd, 259169.900, 140
Trd, 259169.933, 140
Trd, 259170.017, 140
Trd, 259171.100, 140
Trd, 259171.350, 140
Trd, 259171.383, 140
Trd, 259171.433, 140
Trd, 259171.950, 140
Trd, 259171.967, 134
Trd, 259172.967, 138
Trd, 259173.000, 137
Trd, 259173.067, 135
Trd, 259173.650, 140
Trd, 259173.783, 140
Trd, 259174.133, 139
Trd, 259174.450, 135
Trd, 259174.567, 134
Trd, 259174.600, 133
Trd, 259174.717, 118
Trd, 259174.833, 114
Trd, 259174.950, 109
Trd, 259175.050, 97
Trd, 259175.183, 94
Trd, 259175.233, 93
Trd, 259175.333, 86
Trd, 259175.533, 106
Trd, 259175.750, 88
Trd, 259175.850, 86
Trd, 259175.917, 108
Trd, 259176.133, 110
Trd, 259176.350, 124
Trd, 259177.050, 138
Trd, 259177.367, 133
Trd, 259177.383, 132
Trd, 259177.617, 111
Trd, 259177.750, 137
Trd, 259178.767, 140
Trd, 259179.183, 140
Trd, 259179.333, 140
Trd, 259179.400, 139
Trd, 259179.450, 140
Trd, 259179.517, 111
Trd, 259179.717, 121
Trd, 259179.767, 134
Trd, 259179.950, 110
Trd, 259180.150, 111
Trd, 259180.317, 131
Trd, 259180.650, 111
Trd, 259180.733, 112
Trd, 259180.783, 110
Trd, 259181.200, 139
Trd, 259181.850, 139
Trd, 259182.067, 140
Trd, 259182.100, 139
Trd, 259182.200, 105
Trd, 259182.550, 134
Trd, 259182.600, 133
Trd, 259182.717, 130
Trd, 259183.750, 106
Trd, 259184.067, 109
Trd, 259184.750, 140
Trd, 259185.067, 140
Trd, 259185.200, 133
Trd, 259185.483, 134
Trd, 259185.500, 133
Trd, 259185.583, 133
Trd, 259186.050, 133
Trd, 259186.583, 139
Trd, 259186.600, 136
Trd, 259186.817, 132
Trd, 259187.217, 131
Trd, 259187.400, 140
Trd, 259187.683, 132
Trd, 259187.867, 132
Trd, 259187.883, 133
Trd, 259188.467, 131
Trd, 259188.567, 129
Trd, 259188.667, 128
Trd, 259189.100, 122
Trd, 259189.167, 135
Trd, 259190.133, 138
Trd, 259190.217, 126
Trd, 259190.300, 122
Trd, 259190.500, 123
Trd, 259190.817, 127
Trd, 259191.167, 128
Trd, 259191.267, 139
Trd, 259191.417, 139
Trd, 259191.633, 132
Trd, 259192.100, 133
Trd, 259192.217, 140
Trd, 259192.983, 137
Trd, 259193.133, 136
Trd, 259193.867, 140
Trd, 259194.100, 140
Trd, 259194.167, 137
Trd, 259194.433, 133
Trd, 259194.917, 122
Trd, 259194.983, 117
Trd, 259195.117, 112
Trd, 259195.533, 113
Trd, 259196.033, 114
Trd, 259196.267, 114
Trd, 259196.283, 125
Trd, 259196.633, 113
Trd, 259196.783, 113
Trd, 259196.867, 111
Trd, 259197.033, 103
Trd, 259197.050, 101
Trd, 259197.067, 124
Trd, 259197.783, 140
Trd, 259198.733, 140
Trd, 259198.850, 140
Trd, 259199.017, 140
Trd, 259199.100, 139
Trd, 259199.267, 138
Trd, 259199.533, 134
Trd, 259199.950, 136
