Trd, 258577.567, 114
Trd, 258577.650, 130
Trd, 258577.683, 113
Trd, 258578.133, 124
Trd, 258578.900, 140
Trd, 258579.200, 140
Trd, 258579.433, 139
Trd, 258579.867, 140
Trd, 258580.250, 140
Trd, 258580.450, 123
Trd, 258580.817, 140
Trd, 258581.067, 140
Trd, 258581.300, 135
Trd, 258581.333, 118
Trd, 258581.533, 123
Trd, 258581.783, 115
Trd, 258581.967, 112
Trd, 258582.183, 109
Trd, 258582.217, 108
Trd, 258582.667, 110
Trd, 258582.750, 108
Trd, 258583.017, 128
Trd, 258583.050, 127
Trd, 258583.367, 139
Trd, 258583.583, 113
Trd, 258583.900, 126
Trd, 258584.183, 112
Trd, 258584.267, 125
Trd, 258584.300, 124
Trd, 258584.517, 134
Trd, 258584.733, 113
Trd, 258584.750, 111
Trd, 258584.767, 109
Trd, 258585.067, 124
Trd, 258585.200, 114
Trd, 258585.417, 109
Trd, 258585.650, 127
Trd, 258585.883, 100
Trd, 258586.483, 114
Trd, 258587.317, 94
Trd, 258587.517, 92
Trd, 258587.600, 117
Trd, 258588.083, 83
Trd, 258588.183, 87
Trd, 258588.200, 94
Trd, 258588.600, 99
Trd, 258588.633, 101
Trd, 258588.800, 100
Trd, 258589.000, 121
Trd, 258589.517, 140
Trd, 258590.150, 140
Trd, 258590.567, 121
Trd, 258591.000, 112
Trd, 258591.550, 111
Trd, 258591.583, 107
Trd, 258591.650, 124
Trd, 258591.767, 99
Trd, 258591.883, 103
Trd, 258592.033, 94
Trd, 258592.083, 108
Trd, 258592.283, 140
Trd, 258592.517, 129
Trd, 258592.817, 126
Trd, 258592.967, 122
Trd, 258593.133, 119
Trd, 258593.633, 107
Trd, 258593.950, 124
Trd, 258594.300, 120
Trd, 258594.750, 106
Trd, 258595.033, 125
Trd, 258595.733, 139
Trd, 258596.167, 132
Trd, 258596.583, 131
Trd, 258596.850, 126
Trd, 258596.917, 122
Trd, 258597.133, 140
Trd, 258597.433, 115
Trd, 258597.683, 113
Trd, 258597.717, 108
Trd, 258597.983, 102
Trd, 258598.000, 124
Trd, 258598.033, 126
Trd, 258598.150, 134
Trd, 258598.467, 140
Trd, 258598.650, 140
Trd, 258598.700, 140
Trd, 258598.717, 123
Trd, 258599.200, 98
Trd, 258599.883, 138
Trd, 258599.983, 122
Trd, 258600.000, 122
Trd, 258600.350, 120
Trd, 258600.583, 140
Trd, 258600.750, 118
Trd, 258600.917, 118
Trd, 258601.117, 132
Trd, 258601.233, 113
Trd, 258602.067, 139
Trd, 258602.317, 126
Trd, 258602.433, 114
Trd, 258602.567, 136
Trd, 258602.633, 108
Trd, 258603.033, 140
Trd, 258603.400, 124
Trd, 258603.683, 130
Trd, 258604.150, 140
Trd, 258604.283, 139
Trd, 258604.533, 138
Trd, 258605.000, 122
Trd, 258605.100, 121
Trd, 258605.133, 114
Trd, 258605.233, 112
Trd, 258605.517, 123
Trd, 258605.917, 135
Trd, 258606.233, 122
Trd, 258606.467, 135
Trd, 258606.600, 116
Trd, 258606.717, 111
Trd, 258607.117, 106
Trd, 258607.550, 136
Trd, 258608.067, 134
Trd, 258608.417, 132
Trd, 258608.633, 115
Trd, 258609.167, 122
Trd, 258609.533, 123
Trd, 258609.550, 117
Trd, 258609.700, 124
Trd, 258609.733, 117
Trd, 258609.767, 110
Trd, 258610.150, 135
Trd, 258610.250, 137
Trd, 258610.700, 140
Trd, 258611.317, 121
Trd, 258611.367, 120
Trd, 258611.400, 108
Trd, 258612.150, 130
Trd, 258612.233, 129
Trd, 258612.267, 128
Trd, 258612.417, 136
Trd, 258612.533, 127
Trd, 258612.617, 126
Trd, 258612.800, 97
Trd, 258612.900, 104
Trd, 258613.250, 139
Trd, 258613.300, 131
Trd, 258613.367, 118
Trd, 258613.383, 115
Trd, 258614.017, 112
Trd, 258614.350, 139
Trd, 258614.867, 132
Trd, 258614.967, 128
Trd, 258615.433, 121
Trd, 258615.600, 117
Trd, 258615.733, 115
Trd, 258616.217, 113
Trd, 258616.467, 140
Trd, 258616.583, 140
Trd, 258617.117, 135
Trd, 258617.583, 113
Trd, 258617.600, 109
Trd, 258617.717, 116
Trd, 258618.350, 136
Trd, 258618.533, 134
Trd, 258618.717, 132
Trd, 258618.833, 120
Trd, 258619.183, 126
Trd, 258619.200, 118
Trd, 258619.283, 101
Trd, 258619.367, 99
Trd, 258619.800, 135
Trd, 258619.900, 110
Trd, 258620.167, 84
Trd, 258620.533, 126
Trd, 258620.833, 131
Trd, 258620.883, 102
Trd, 258620.950, 121
Trd, 258621.067, 83
Trd, 258621.083, 75
Trd, 258621.200, 83
Trd, 258621.567, 79
Trd, 258621.667, 70
Trd, 258621.783, 80
Trd, 258621.900, 81
Trd, 258622.267, 99
Trd, 258622.500, 98
Trd, 258623.267, 114
Trd, 258623.333, 117
Trd, 258623.533, 138
Trd, 258623.867, 140
Trd, 258624.333, 140
Trd, 258624.383, 130
Trd, 258624.517, 110
Trd, 258625.500, 125
Trd, 258625.900, 128
Trd, 258626.167, 124
Trd, 258626.200, 122
Trd, 258626.517, 139
Trd, 258626.583, 128
Trd, 258626.833, 105
Trd, 258626.917, 118
Trd, 258627.517, 133
Trd, 258627.717, 118
Trd, 258627.750, 116
Trd, 258628.233, 135
Trd, 258628.483, 106
Trd, 258628.617, 135
Trd, 258628.633, 105
Trd, 258628.683, 126
Trd, 258629.433, 140
Trd, 258629.567, 139
Trd, 258629.900, 120
Trd, 258630.067, 114
Trd, 258630.233, 140
Trd, 258630.817, 138
Trd, 258630.883, 137
Trd, 258631.000, 129
Trd, 258631.417, 123
Trd, 258631.500, 107
Trd, 258631.533, 106
Trd, 258631.933, 114
Trd, 258631.983, 98
Trd, 258632.000, 98
Trd, 258632.017, 132
Trd, 258632.283, 107
Trd, 258632.483, 137
Trd, 258633.450, 140
Trd, 258633.783, 131
Trd, 258633.833, 124
Trd, 258634.000, 106
Trd, 258634.367, 140
Trd, 258634.517, 123
Trd, 258634.667, 122
Trd, 258634.717, 120
Trd, 258634.733, 113
Trd, 258634.833, 139
Trd, 258634.983, 106
Trd, 258635.283, 125
Trd, 258635.433, 121
Trd, 258635.733, 125
Trd, 258636.000, 122
Trd, 258636.150, 127
Trd, 258636.733, 131
Trd, 258637.150, 132
Trd, 258637.433, 131
Trd, 258637.483, 118
Trd, 258637.650, 102
Trd, 258638.067, 111
Trd, 258638.200, 101
Trd, 258638.333, 106
Trd, 258638.617, 102
Trd, 258638.850, 129
Trd, 258638.950, 109
Trd, 258638.967, 101
Trd, 258639.417, 123
Trd, 258639.500, 140
Trd, 258639.733, 111
Trd, 258640.117, 125
Trd, 258640.750, 130
Trd, 258640.817, 99
Trd, 258640.883, 97
Trd, 258641.100, 94
Trd, 258641.350, 86
Trd, 258641.433, 84
Trd, 258641.517, 76
Trd, 258641.633, 115
Trd, 258641.933, 130
Trd, 258642.183, 131
Trd, 258642.267, 129
Trd, 258642.433, 112
Trd, 258642.633, 85
Trd, 258642.883, 94
Trd, 258643.300, 94
Trd, 258643.367, 78
Trd, 258643.683, 103
Trd, 258644.467, 140
Trd, 258644.500, 140
Trd, 258644.533, 139
Trd, 258644.583, 129
Trd, 258645.200, 124
Trd, 258645.417, 123
Trd, 258645.633, 115
Trd, 258645.950, 116
Trd, 258646.417, 112
Trd, 258646.533, 108
Trd, 258646.800, 92
Trd, 258646.950, 94
Trd, 258647.150, 100
Trd, 258647.400, 113
Trd, 258647.633, 107
Trd, 258647.933, 105
Trd, 258648.150, 132
Trd, 258648.267, 101
Trd, 258649.033, 139
Trd, 258649.050, 138
Trd, 258649.517, 139
Trd, 258649.567, 131
Trd, 258649.767, 117
Trd, 258649.817, 112
Trd, 258650.250, 101
Trd, 258650.267, 100
Trd, 258650.383, 90
Trd, 258650.517, 93
Trd, 258650.650, 101
Trd, 258650.683, 87
Trd, 258651.167, 119
Trd, 258651.883, 140
Trd, 258651.917, 99
Trd, 258651.967, 97
Trd, 258652.133, 140
Trd, 258652.317, 126
Trd, 258652.967, 140
Trd, 258652.983, 139
Trd, 258653.150, 115
Trd, 258653.217, 107
Trd, 258653.800, 130
Trd, 258654.300, 134
Trd, 258654.317, 130
Trd, 258655.500, 140
Trd, 258655.550, 139
Trd, 258655.700, 123
Trd, 258656.417, 115
Trd, 258656.600, 124
Trd, 258656.800, 135
Trd, 258656.900, 139
Trd, 258657.050, 137
Trd, 258657.067, 115
Trd, 258657.083, 114
Trd, 258657.233, 109
Trd, 258657.367, 107
Trd, 258657.467, 118
Trd, 258657.733, 108
Trd, 258658.233, 108
Trd, 258658.517, 106
Trd, 258658.533, 122
Trd, 258659.050, 111
Trd, 258659.150, 111
Trd, 258659.300, 119
Trd, 258659.400, 108
Trd, 258659.433, 90
Trd, 258659.700, 126
Trd, 258659.867, 114
Trd, 258659.883, 109
Trd, 258660.683, 111
Trd, 258661.183, 111
Trd, 258661.600, 124
Trd, 258662.000, 107
Trd, 258662.033, 94
Trd, 258662.283, 91
Trd, 258662.467, 127
Trd, 258662.567, 87
Trd, 258662.667, 83
Trd, 258662.750, 121
Trd, 258663.933, 135
Trd, 258663.967, 131
Trd, 258664.217, 131
Trd, 258665.550, 140
Trd, 258665.667, 137
Trd, 258665.833, 132
Trd, 258665.950, 131
Trd, 258666.033, 109
Trd, 258666.367, 123
Trd, 258666.450, 110
Trd, 258666.783, 111
Trd, 258667.317, 107
Trd, 258667.383, 116
Trd, 258667.450, 107
Trd, 258667.517, 114
Trd, 258667.783, 106
Trd, 258667.967, 112
Trd, 258668.417, 111
Trd, 258669.133, 124
Trd, 258670.150, 140
Trd, 258670.617, 140
Trd, 258670.767, 140
Trd, 258670.800, 132
Trd, 258671.117, 138
Trd, 258671.200, 139
Trd, 258671.533, 139
Trd, 258671.850, 135
Trd, 258672.000, 117
Trd, 258672.217, 135
Trd, 258672.333, 125
Trd, 258672.867, 138
Trd, 258673.133, 140
Trd, 258673.567, 139
Trd, 258673.683, 123
Trd, 258673.700, 119
Trd, 258674.233, 120
Trd, 258674.667, 128
Trd, 258674.683, 118
Trd, 258674.917, 116
Trd, 258675.550, 131
Trd, 258675.633, 137
Trd, 258675.667, 129
Trd, 258675.917, 114
Trd, 258676.150, 114
Trd, 258676.567, 122
Trd, 258676.867, 117
Trd, 258677.050, 112
Trd, 258677.433, 140
Trd, 258677.600, 140
Trd, 258677.700, 123
Trd, 258678.300, 108
Trd, 258678.367, 103
Trd, 258678.417, 98
Trd, 258678.750, 140
Trd, 258679.417, 135
Trd, 258679.700, 139
Trd, 258680.067, 124
Trd, 258680.150, 136
Trd, 258680.250, 124
Trd, 258680.450, 108
Trd, 258680.650, 108
Trd, 258681.233, 140
Trd, 258681.400, 97
Trd, 258681.833, 134
Trd, 258681.917, 132
Trd, 258681.950, 129
Trd, 258682.400, 114
Trd, 258682.500, 105
Trd, 258682.783, 102
Trd, 258682.833, 100
Trd, 258683.383, 120
Trd, 258683.467, 119
Trd, 258683.483, 111
Trd, 258683.517, 139
Trd, 258683.550, 103
Trd, 258683.800, 86
Trd, 258683.900, 92
Trd, 258684.150, 86
Trd, 258684.333, 138
Trd, 258684.517, 134
Trd, 258684.767, 109
Trd, 258685.633, 104
Trd, 258685.683, 102
Trd, 258685.833, 97
Trd, 258685.967, 96
Trd, 258686.350, 93
Trd, 258686.467, 90
Trd, 258686.617, 114
Trd, 258686.783, 117
Trd, 258686.950, 133
Trd, 258687.167, 138
Trd, 258687.483, 139
Trd, 258687.817, 139
Trd, 258688.317, 140
Trd, 258688.550, 132
Trd, 258688.733, 138
Trd, 258689.050, 117
Trd, 258690.067, 134
Trd, 258690.133, 98
Trd, 258690.433, 94
Trd, 258690.750, 100
Trd, 258690.883, 88
Trd, 258691.067, 84
Trd, 258691.133, 109
Trd, 258691.333, 140
Trd, 258691.833, 132
Trd, 258692.217, 137
Trd, 258692.700, 130
Trd, 258692.850, 124
Trd, 258692.883, 122
Trd, 258692.967, 116
Trd, 258693.017, 106
Trd, 258693.183, 104
Trd, 258693.483, 111
Trd, 258693.650, 103
Trd, 258693.683, 112
Trd, 258693.750, 116
Trd, 258693.900, 93
Trd, 258694.033, 92
Trd, 258694.167, 91
Trd, 258694.283, 87
Trd, 258694.400, 107
Trd, 258694.583, 104
Trd, 258694.650, 85
Trd, 258694.783, 113
Trd, 258694.833, 84
Trd, 258694.917, 84
Trd, 258695.083, 116
Trd, 258695.450, 114
Trd, 258695.550, 81
Trd, 258696.150, 129
Trd, 258696.433, 139
Trd, 258696.700, 127
Trd, 258696.750, 109
Trd, 258697.067, 100
Trd, 258697.333, 126
Trd, 258697.500, 121
Trd, 258697.967, 116
Trd, 258698.250, 106
Trd, 258698.267, 81
Trd, 258698.833, 140
Trd, 258699.300, 138
Trd, 258699.667, 140
Trd, 258699.983, 140
Trd, 258700.583, 140
Trd, 258700.633, 140
Trd, 258700.650, 123
Trd, 258700.833, 139
Trd, 258700.967, 124
Trd, 258701.117, 123
Trd, 258701.567, 114
Trd, 258701.683, 136
Trd, 258701.883, 130
Trd, 258702.017, 140
Trd, 258702.867, 137
Trd, 258702.900, 132
Trd, 258703.600, 112
Trd, 258703.683, 140
Trd, 258704.267, 118
Trd, 258704.283, 103
Trd, 258704.450, 91
Trd, 258704.783, 97
Trd, 258705.067, 110
Trd, 258705.100, 119
Trd, 258705.383, 130
Trd, 258705.967, 140
Trd, 258706.017, 139
Trd, 258706.517, 140
Trd, 258706.650, 140
Trd, 258706.883, 140
Trd, 258707.083, 139
Trd, 258707.250, 139
Trd, 258707.567, 129
Trd, 258707.600, 112
Trd, 258707.633, 109
Trd, 258707.850, 107
Trd, 258708.067, 136
Trd, 258708.150, 132
Trd, 258708.317, 124
Trd, 258708.550, 129
Trd, 258708.900, 126
Trd, 258708.933, 132
Trd, 258709.017, 140
Trd, 258709.033, 140
Trd, 258709.083, 114
Trd, 258709.400, 108
Trd, 258709.633, 103
Trd, 258709.917, 98
Trd, 258710.133, 122
Trd, 258710.283, 90
Trd, 258710.333, 80
Trd, 258710.483, 107
Trd, 258710.533, 71
Trd, 258710.733, 122
Trd, 258711.150, 89
Trd, 258711.267, 94
Trd, 258711.367, 75
Trd, 258711.533, 138
Trd, 258711.767, 73
Trd, 258711.933, 115
Trd, 258712.167, 105
Trd, 258712.483, 102
Trd, 258712.667, 117
Trd, 258712.967, 115
Trd, 258713.050, 118
Trd, 258713.400, 115
Trd, 258713.883, 111
Trd, 258713.967, 111
Trd, 258714.633, 92
Trd, 258714.800, 78
Trd, 258715.000, 98
Trd, 258715.883, 97
Trd, 258715.983, 104
Trd, 258716.150, 90
Trd, 258716.283, 83
Trd, 258716.600, 81
Trd, 258716.650, 74
Trd, 258716.883, 81
Trd, 258717.517, 119
Trd, 258717.667, 85
Trd, 258717.767, 101
Trd, 258718.083, 125
Trd, 258718.233, 96
Trd, 258718.383, 139
Trd, 258718.650, 124
Trd, 258718.783, 88
Trd, 258718.817, 84
Trd, 258719.567, 124
Trd, 258719.900, 131
Trd, 258720.000, 115
Trd, 258720.100, 83
Trd, 258720.217, 79
Trd, 258720.350, 93
Trd, 258720.667, 136
Trd, 258721.050, 140
Trd, 258721.200, 127
Trd, 258721.717, 129
Trd, 258721.850, 126
Trd, 258722.133, 124
Trd, 258722.150, 116
Trd, 258722.383, 131
Trd, 258722.450, 98
Trd, 258722.467, 91
Trd, 258722.483, 90
Trd, 258723.017, 115
Trd, 258723.267, 110
Trd, 258723.317, 99
Trd, 258723.350, 95
Trd, 258723.733, 89
Trd, 258723.817, 121
Trd, 258724.217, 110
Trd, 258724.683, 96
Trd, 258725.000, 97
Trd, 258725.400, 100
Trd, 258725.617, 109
Trd, 258726.733, 132
Trd, 258726.933, 133
Trd, 258727.050, 131
Trd, 258727.250, 137
Trd, 258727.333, 128
Trd, 258727.350, 127
Trd, 258727.933, 138
Trd, 258728.083, 125
Trd, 258728.167, 122
Trd, 258728.483, 105
Trd, 258728.650, 117
Trd, 258728.850, 115
Trd, 258728.967, 139
Trd, 258729.317, 126
Trd, 258729.800, 140
Trd, 258729.817, 140
Trd, 258729.967, 125
Trd, 258730.200, 135
Trd, 258730.267, 140
Trd, 258730.533, 140
Trd, 258730.600, 119
Trd, 258730.733, 110
Trd, 258730.750, 102
Trd, 258730.900, 97
Trd, 258731.383, 91
Trd, 258731.667, 118
Trd, 258731.950, 87
Trd, 258732.067, 72
Trd, 258732.283, 104
Trd, 258732.350, 110
Trd, 258732.483, 120
Trd, 258733.233, 114
Trd, 258733.450, 120
Trd, 258733.767, 102
Trd, 258733.967, 98
Trd, 258734.000, 100
Trd, 258734.033, 96
Trd, 258734.067, 113
Trd, 258734.333, 93
Trd, 258734.367, 120
Trd, 258735.450, 118
Trd, 258735.633, 113
Trd, 258735.733, 127
Trd, 258735.783, 110
Trd, 258735.950, 107
Trd, 258735.983, 96
Trd, 258736.267, 82
Trd, 258736.433, 94
Trd, 258736.817, 118
Trd, 258736.850, 106
Trd, 258737.083, 127
Trd, 258737.200, 122
Trd, 258737.950, 115
Trd, 258738.200, 140
Trd, 258738.467, 133
Trd, 258738.517, 113
Trd, 258738.817, 140
Trd, 258739.117, 125
Trd, 258739.250, 103
Trd, 258739.417, 107
Trd, 258740.250, 114
Trd, 258740.483, 129
Trd, 258740.883, 132
Trd, 258741.217, 120
Trd, 258741.283, 112
Trd, 258741.300, 110
Trd, 258741.500, 134
Trd, 258742.083, 113
Trd, 258742.383, 140
Trd, 258743.017, 122
Trd, 258743.150, 119
Trd, 258743.183, 110
Trd, 258743.583, 116
Trd, 258743.783, 134
Trd, 258743.817, 107
Trd, 258743.983, 135
Trd, 258744.250, 133
Trd, 258744.283, 104
Trd, 258744.300, 104
Trd, 258744.450, 101
Trd, 258744.717, 138
Trd, 258744.850, 139
Trd, 258745.150, 124
Trd, 258745.233, 100
Trd, 258745.250, 97
Trd, 258745.267, 94
Trd, 258745.567, 93
Trd, 258745.883, 100
Trd, 258746.100, 92
Trd, 258746.700, 85
Trd, 258746.950, 88
Trd, 258747.317, 110
Trd, 258747.500, 114
Trd, 258747.567, 112
Trd, 258747.767, 115
Trd, 258747.817, 136
Trd, 258747.917, 134
Trd, 258748.300, 138
Trd, 258748.317, 136
Trd, 258748.400, 117
Trd, 258748.517, 106
Trd, 258748.717, 113
Trd, 258748.800, 114
Trd, 258748.883, 117
Trd, 258749.817, 140
Trd, 258749.967, 98
Trd, 258750.033, 111
Trd, 258750.433, 123
Trd, 258750.533, 125
Trd, 258751.167, 118
Trd, 258751.283, 118
Trd, 258751.633, 140
Trd, 258751.750, 114
Trd, 258751.983, 115
Trd, 258752.017, 118
Trd, 258752.383, 123
Trd, 258752.450, 121
Trd, 258752.683, 114
Trd, 258753.050, 109
Trd, 258753.183, 99
Trd, 258753.267, 107
Trd, 258754.117, 139
Trd, 258754.217, 123
Trd, 258754.250, 122
Trd, 258754.850, 105
Trd, 258754.950, 134
Trd, 258755.200, 113
Trd, 258755.233, 70
Trd, 258755.450, 100
Trd, 258755.700, 99
Trd, 258755.850, 125
Trd, 258756.217, 125
Trd, 258756.450, 134
Trd, 258756.667, 119
Trd, 258757.517, 140
Trd, 258758.100, 139
Trd, 258758.250, 124
Trd, 258758.350, 132
Trd, 258758.900, 117
Trd, 258758.967, 126
Trd, 258759.017, 116
Trd, 258759.100, 139
Trd, 258759.183, 122
Trd, 258759.250, 116
Trd, 258759.400, 104
Trd, 258759.500, 101
Trd, 258759.633, 96
Trd, 258760.183, 113
Trd, 258760.950, 113
Trd, 258760.983, 94
Trd, 258761.483, 135
Trd, 258761.500, 134
Trd, 258761.633, 132
Trd, 258761.933, 132
Trd, 258762.833, 140
Trd, 258762.933, 122
Trd, 258763.333, 122
Trd, 258763.417, 123
Trd, 258763.483, 121
Trd, 258763.517, 114
Trd, 258763.583, 109
Trd, 258764.117, 102
Trd, 258764.300, 96
Trd, 258764.317, 116
Trd, 258764.400, 130
Trd, 258764.750, 91
Trd, 258764.867, 92
Trd, 258765.617, 140
Trd, 258765.633, 137
Trd, 258765.867, 132
Trd, 258766.033, 112
Trd, 258766.083, 96
Trd, 258766.267, 94
Trd, 258766.650, 92
Trd, 258767.067, 101
Trd, 258767.333, 90
Trd, 258767.467, 77
Trd, 258767.650, 118
Trd, 258767.967, 137
Trd, 258768.567, 140
Trd, 258768.617, 120
Trd, 258769.617, 132
Trd, 258770.033, 134
Trd, 258770.150, 124
Trd, 258770.350, 122
Trd, 258770.633, 122
Trd, 258770.833, 115
Trd, 258770.983, 119
Trd, 258771.000, 112
Trd, 258771.550, 107
Trd, 258771.750, 106
Trd, 258771.783, 100
Trd, 258771.950, 91
Trd, 258772.300, 140
Trd, 258772.333, 91
Trd, 258772.550, 140
Trd, 258772.850, 139
Trd, 258772.867, 134
Trd, 258773.000, 131
Trd, 258773.633, 114
Trd, 258774.117, 121
Trd, 258774.483, 124
Trd, 258774.600, 120
Trd, 258774.833, 90
Trd, 258774.850, 83
Trd, 258774.883, 124
Trd, 258775.033, 130
Trd, 258775.133, 81
Trd, 258775.383, 138
Trd, 258775.650, 120
Trd, 258775.667, 90
Trd, 258776.333, 105
Trd, 258776.367, 101
Trd, 258776.517, 109
Trd, 258776.633, 131
Trd, 258776.700, 137
Trd, 258777.117, 86
Trd, 258777.817, 105
Trd, 258778.050, 118
Trd, 258778.383, 138
Trd, 258778.450, 137
Trd, 258778.650, 124
Trd, 258778.883, 137
Trd, 258779.417, 111
Trd, 258779.467, 105
Trd, 258779.550, 97
Trd, 258779.750, 140
Trd, 258779.900, 94
Trd, 258780.317, 125
Trd, 258780.650, 131
Trd, 258780.883, 133
Trd, 258781.250, 135
Trd, 258781.717, 131
Trd, 258781.767, 114
Trd, 258781.783, 113
Trd, 258781.933, 123
Trd, 258783.217, 125
Trd, 258783.233, 123
Trd, 258783.417, 121
Trd, 258783.500, 121
Trd, 258783.683, 118
Trd, 258783.800, 103
Trd, 258784.783, 102
Trd, 258784.917, 108
Trd, 258784.967, 99
Trd, 258785.133, 79
Trd, 258785.283, 104
Trd, 258785.467, 113
Trd, 258785.517, 67
Trd, 258785.800, 133
Trd, 258785.950, 79
Trd, 258786.000, 93
Trd, 258786.500, 90
Trd, 258786.517, 85
Trd, 258787.033, 112
Trd, 258787.050, 95
Trd, 258787.450, 139
Trd, 258787.467, 122
Trd, 258787.817, 140
Trd, 258788.083, 140
Trd, 258788.183, 121
Trd, 258788.450, 107
Trd, 258788.767, 132
Trd, 258788.833, 134
Trd, 258788.900, 120
Trd, 258789.283, 116
Trd, 258789.400, 140
Trd, 258789.467, 140
Trd, 258789.667, 115
Trd, 258789.817, 131
Trd, 258789.933, 104
Trd, 258790.000, 97
Trd, 258791.750, 130
Trd, 258791.933, 125
Trd, 258792.033, 121
Trd, 258792.083, 107
Trd, 258792.217, 108
Trd, 258792.700, 90
Trd, 258792.783, 113
Trd, 258793.000, 106
Trd, 258793.033, 91
Trd, 258793.600, 97
Trd, 258793.733, 131
Trd, 258793.767, 112
Trd, 258794.067, 96
Trd, 258794.283, 115
Trd, 258795.100, 140
Trd, 258795.233, 140
Trd, 258796.183, 140
Trd, 258796.383, 140
Trd, 258796.517, 140
Trd, 258796.717, 129
Trd, 258797.150, 131
Trd, 258797.183, 124
Trd, 258797.417, 110
Trd, 258797.433, 106
Trd, 258797.567, 137
Trd, 258797.817, 131
Trd, 258797.850, 100
Trd, 258798.600, 120
Trd, 258798.633, 119
Trd, 258799.567, 126
Trd, 258799.867, 139
Trd, 258800.433, 136
Trd, 258800.450, 131
Trd, 258800.667, 139
Trd, 258800.683, 116
Trd, 258800.850, 112
Trd, 258801.133, 140
Trd, 258801.167, 133
Trd, 258801.700, 140
Trd, 258801.800, 138
Trd, 258801.883, 125
Trd, 258801.950, 111
Trd, 258802.117, 105
Trd, 258802.183, 98
Trd, 258802.950, 101
Trd, 258803.017, 112
Trd, 258803.150, 91
Trd, 258803.633, 119
Trd, 258803.667, 99
Trd, 258803.733, 130
Trd, 258804.100, 129
Trd, 258804.167, 91
Trd, 258804.417, 129
Trd, 258804.950, 118
Trd, 258805.017, 121
Trd, 258805.183, 131
Trd, 258805.367, 115
Trd, 258805.683, 101
Trd, 258805.717, 99
Trd, 258806.017, 124
Trd, 258806.317, 125
Trd, 258806.500, 103
Trd, 258806.550, 84
Trd, 258806.783, 80
Trd, 258806.833, 76
Trd, 258807.083, 106
Trd, 258807.433, 122
Trd, 258807.950, 139
Trd, 258808.450, 131
Trd, 258808.600, 129
Trd, 258808.717, 140
Trd, 258809.250, 119
Trd, 258809.600, 123
Trd, 258810.333, 138
Trd, 258810.550, 140
Trd, 258810.650, 138
Trd, 258810.750, 114
Trd, 258810.850, 132
Trd, 258811.317, 127
Trd, 258811.350, 121
Trd, 258811.400, 139
Trd, 258811.417, 121
Trd, 258811.733, 128
Trd, 258811.900, 125
Trd, 258812.100, 121
Trd, 258812.117, 116
Trd, 258812.500, 114
Trd, 258812.600, 111
Trd, 258812.767, 89
Trd, 258812.883, 140
Trd, 258813.283, 122
Trd, 258813.450, 114
Trd, 258813.750, 105
Trd, 258814.550, 124
Trd, 258814.883, 121
Trd, 258815.417, 136
Trd, 258815.517, 109
Trd, 258815.600, 100
Trd, 258815.750, 116
Trd, 258816.033, 109
Trd, 258816.250, 140
Trd, 258816.333, 122
Trd, 258816.950, 135
Trd, 258817.317, 126
Trd, 258817.350, 124
Trd, 258817.367, 122
Trd, 258817.633, 118
Trd, 258818.083, 120
Trd, 258818.283, 121
Trd, 258818.350, 126
Trd, 258818.700, 127
Trd, 258818.783, 119
Trd, 258818.800, 113
Trd, 258818.883, 122
Trd, 258818.967, 104
Trd, 258818.983, 137
Trd, 258819.233, 96
Trd, 258819.383, 95
Trd, 258819.417, 94
Trd, 258819.567, 100
Trd, 258819.750, 110
Trd, 258820.883, 112
Trd, 258820.933, 111
Trd, 258821.033, 140
Trd, 258821.300, 126
Trd, 258821.383, 108
Trd, 258821.433, 107
Trd, 258821.667, 105
Trd, 258821.700, 97
Trd, 258821.717, 106
Trd, 258822.167, 121
Trd, 258822.517, 135
Trd, 258822.750, 139
Trd, 258822.783, 138
Trd, 258822.967, 132
Trd, 258823.533, 126
Trd, 258823.817, 124
Trd, 258824.033, 120
Trd, 258824.133, 118
Trd, 258824.150, 107
Trd, 258824.867, 116
Trd, 258825.133, 134
Trd, 258825.367, 123
Trd, 258825.483, 121
Trd, 258825.650, 109
Trd, 258825.850, 138
Trd, 258826.017, 78
Trd, 258826.067, 97
Trd, 258826.083, 75
Trd, 258826.567, 76
Trd, 258826.633, 112
Trd, 258826.917, 98
Trd, 258827.317, 98
Trd, 258827.517, 134
Trd, 258827.617, 119
Trd, 258828.233, 137
Trd, 258828.333, 117
Trd, 258829.217, 133
Trd, 258829.283, 124
Trd, 258829.533, 136
Trd, 258830.133, 121
Trd, 258830.300, 115
Trd, 258830.433, 140
Trd, 258831.383, 139
Trd, 258831.550, 139
Trd, 258831.633, 136
Trd, 258831.667, 122
Trd, 258831.700, 114
Trd, 258831.733, 107
Trd, 258831.750, 105
Trd, 258832.083, 135
Trd, 258832.300, 129
Trd, 258833.150, 140
Trd, 258833.167, 140
Trd, 258833.667, 119
Trd, 258833.950, 136
Trd, 258834.233, 137
Trd, 258834.350, 135
Trd, 258835.000, 132
Trd, 258835.083, 123
Trd, 258835.117, 116
Trd, 258835.617, 140
Trd, 258835.817, 130
Trd, 258836.417, 140
Trd, 258836.483, 140
Trd, 258836.550, 124
Trd, 258836.683, 122
Trd, 258836.700, 112
Trd, 258836.800, 103
Trd, 258836.917, 101
Trd, 258837.217, 128
Trd, 258837.383, 98
Trd, 258837.583, 140
Trd, 258837.850, 110
Trd, 258838.050, 129
Trd, 258838.383, 104
Trd, 258838.783, 137
Trd, 258839.117, 139
Trd, 258839.433, 127
Trd, 258839.467, 117
Trd, 258839.500, 107
Trd, 258839.733, 107
Trd, 258839.750, 130
Trd, 258840.083, 128
Trd, 258840.400, 118
Trd, 258840.633, 100
Trd, 258840.783, 98
Trd, 258841.417, 129
Trd, 258841.483, 118
Trd, 258841.583, 107
Trd, 258841.783, 118
Trd, 258842.600, 136
Trd, 258842.817, 136
Trd, 258843.017, 129
Trd, 258843.517, 136
Trd, 258843.633, 128
Trd, 258843.750, 124
Trd, 258843.950, 124
Trd, 258844.083, 123
Trd, 258844.233, 140
Trd, 258844.617, 112
Trd, 258844.700, 92
Trd, 258844.950, 140
Trd, 258846.100, 130
Trd, 258846.150, 129
Trd, 258846.633, 117
Trd, 258846.667, 115
Trd, 258846.767, 108
Trd, 258847.050, 127
Trd, 258847.333, 122
Trd, 258847.517, 106
Trd, 258847.700, 116
Trd, 258848.383, 102
Trd, 258848.567, 99
Trd, 258848.750, 96
Trd, 258848.967, 111
Trd, 258848.983, 126
Trd, 258849.250, 119
Trd, 258849.600, 140
Trd, 258850.200, 133
Trd, 258850.300, 132
Trd, 258850.350, 124
Trd, 258850.733, 137
Trd, 258851.217, 140
Trd, 258851.250, 124
Trd, 258851.650, 127
Trd, 258851.700, 116
Trd, 258851.850, 125
Trd, 258851.867, 116
Trd, 258851.967, 110
Trd, 258852.067, 107
Trd, 258852.367, 106
Trd, 258852.400, 133
Trd, 258852.750, 130
Trd, 258852.783, 129
Trd, 258852.900, 96
Trd, 258853.050, 93
Trd, 258853.283, 102
Trd, 258853.900, 136
Trd, 258854.267, 129
Trd, 258854.467, 131
Trd, 258854.500, 112
Trd, 258855.150, 102
Trd, 258855.433, 101
Trd, 258856.017, 131
Trd, 258856.217, 123
Trd, 258856.317, 121
Trd, 258856.967, 120
Trd, 258857.167, 121
Trd, 258857.267, 119
Trd, 258857.467, 134
Trd, 258857.733, 139
Trd, 258857.950, 119
Trd, 258858.117, 118
Trd, 258858.317, 128
Trd, 258858.350, 117
Trd, 258859.417, 140
Trd, 258859.550, 140
Trd, 258859.750, 117
Trd, 258859.783, 101
Trd, 258859.850, 101
Trd, 258860.517, 140
Trd, 258861.200, 136
Trd, 258861.350, 132
Trd, 258861.883, 131
Trd, 258861.950, 130
Trd, 258862.900, 112
Trd, 258862.933, 111
Trd, 258863.267, 130
Trd, 258863.483, 118
Trd, 258863.667, 109
Trd, 258863.783, 119
Trd, 258864.067, 106
Trd, 258864.167, 107
Trd, 258864.350, 106
Trd, 258864.550, 115
Trd, 258864.600, 91
Trd, 258864.783, 90
Trd, 258864.917, 112
Trd, 258865.017, 75
Trd, 258865.233, 100
Trd, 258865.533, 120
Trd, 258865.583, 115
Trd, 258865.900, 122
Trd, 258865.933, 95
Trd, 258866.117, 92
Trd, 258866.450, 115
Trd, 258866.550, 86
Trd, 258866.983, 111
Trd, 258867.200, 120
Trd, 258867.767, 111
Trd, 258867.800, 113
Trd, 258867.900, 110
Trd, 258868.067, 115
Trd, 258868.233, 117
Trd, 258868.350, 101
Trd, 258868.450, 116
Trd, 258868.633, 99
Trd, 258868.733, 139
Trd, 258869.500, 93
Trd, 258869.667, 140
Trd, 258869.833, 118
Trd, 258870.150, 113
Trd, 258870.683, 140
Trd, 258870.733, 140
Trd, 258870.783, 113
Trd, 258871.283, 136
Trd, 258871.767, 116
Trd, 258872.017, 113
Trd, 258872.333, 110
Trd, 258872.383, 109
Trd, 258872.533, 96
Trd, 258872.683, 94
Trd, 258873.200, 108
Trd, 258873.217, 114
Trd, 258873.667, 96
Trd, 258873.850, 110
Trd, 258874.100, 97
Trd, 258874.417, 116
Trd, 258874.433, 118
Trd, 258874.567, 122
Trd, 258874.933, 119
Trd, 258875.067, 139
Trd, 258876.133, 140
Trd, 258876.200, 140
Trd, 258876.250, 130
Trd, 258876.850, 124
Trd, 258877.033, 127
Trd, 258877.217, 123
Trd, 258877.350, 121
Trd, 258877.367, 120
Trd, 258877.767, 125
Trd, 258877.783, 117
Trd, 258877.917, 127
Trd, 258878.000, 113
Trd, 258878.500, 139
Trd, 258879.017, 128
Trd, 258879.117, 114
Trd, 258879.150, 105
Trd, 258879.383, 102
Trd, 258880.150, 108
Trd, 258880.317, 109
Trd, 258880.483, 108
Trd, 258880.500, 120
Trd, 258880.667, 120
Trd, 258881.100, 106
Trd, 258881.233, 98
Trd, 258881.583, 95
Trd, 258881.667, 104
Trd, 258881.767, 92
Trd, 258881.783, 91
Trd, 258881.900, 100
Trd, 258882.083, 120
Trd, 258882.250, 121
Trd, 258882.450, 111
Trd, 258882.500, 96
Trd, 258882.550, 94
Trd, 258882.650, 108
Trd, 258882.700, 129
Trd, 258882.850, 99
Trd, 258883.917, 140
Trd, 258884.017, 140
Trd, 258884.950, 138
Trd, 258885.100, 123
Trd, 258885.250, 114
Trd, 258885.867, 115
Trd, 258886.217, 136
Trd, 258886.450, 139
Trd, 258886.533, 138
Trd, 258886.617, 133
Trd, 258886.650, 133
Trd, 258887.600, 122
Trd, 258887.633, 121
Trd, 258888.100, 140
Trd, 258888.417, 125
Trd, 258888.550, 107
Trd, 258888.650, 107
Trd, 258889.017, 110
Trd, 258889.250, 108
Trd, 258889.483, 98
Trd, 258889.717, 111
Trd, 258890.133, 133
Trd, 258890.183, 114
Trd, 258890.467, 102
Trd, 258890.550, 140
Trd, 258890.667, 140
Trd, 258891.000, 92
Trd, 258891.067, 83
Trd, 258891.683, 76
Trd, 258891.817, 86
Trd, 258892.050, 121
Trd, 258892.150, 61
Trd, 258892.567, 112
Trd, 258892.767, 140
Trd, 258892.967, 117
Trd, 258894.250, 114
Trd, 258894.800, 126
Trd, 258894.950, 116
Trd, 258895.033, 114
Trd, 258895.150, 109
Trd, 258895.400, 101
Trd, 258895.433, 100
Trd, 258895.850, 96
Trd, 258896.183, 87
Trd, 258896.217, 85
Trd, 258896.383, 85
Trd, 258896.717, 106
Trd, 258896.783, 85
Trd, 258896.833, 82
Trd, 258896.900, 110
Trd, 258896.983, 119
Trd, 258897.300, 134
Trd, 258897.383, 121
Trd, 258897.783, 134
Trd, 258897.817, 133
Trd, 258898.600, 133
Trd, 258898.633, 130
Trd, 258898.850, 131
Trd, 258899.633, 130
Trd, 258899.733, 125
Trd, 258900.050, 105
Trd, 258900.317, 106
Trd, 258900.400, 104
Trd, 258901.033, 128
Trd, 258901.383, 87
Trd, 258901.450, 76
Trd, 258901.983, 116
Trd, 258902.167, 120
Trd, 258902.300, 109
Trd, 258902.383, 110
Trd, 258902.850, 108
Trd, 258902.917, 87
Trd, 258903.300, 140
Trd, 258903.350, 138
Trd, 258903.633, 120
Trd, 258903.883, 104
Trd, 258903.900, 103
Trd, 258904.000, 91
Trd, 258904.517, 96
Trd, 258905.133, 140
Trd, 258905.433, 137
Trd, 258905.467, 134
Trd, 258905.750, 126
Trd, 258906.033, 127
Trd, 258906.150, 125
Trd, 258906.300, 127
Trd, 258906.517, 116
Trd, 258907.333, 122
Trd, 258907.383, 121
Trd, 258907.683, 100
Trd, 258907.750, 113
Trd, 258907.867, 132
Trd, 258908.167, 115
Trd, 258908.733, 139
Trd, 258908.900, 112
Trd, 258909.017, 106
Trd, 258909.033, 94
Trd, 258909.200, 94
Trd, 258909.550, 122
Trd, 258909.583, 121
Trd, 258909.900, 96
Trd, 258909.950, 123
Trd, 258910.050, 137
Trd, 258910.350, 126
Trd, 258910.467, 116
Trd, 258910.550, 114
Trd, 258910.667, 85
Trd, 258911.117, 107
Trd, 258911.217, 99
Trd, 258911.283, 83
Trd, 258911.717, 122
Trd, 258911.733, 116
Trd, 258911.867, 119
Trd, 258911.917, 94
Trd, 258912.450, 109
Trd, 258913.200, 140
Trd, 258913.383, 140
Trd, 258913.417, 136
Trd, 258913.483, 136
Trd, 258913.700, 115
Trd, 258913.883, 112
Trd, 258914.483, 89
Trd, 258914.633, 109
Trd, 258915.133, 104
Trd, 258915.217, 88
Trd, 258915.767, 95
Trd, 258915.983, 89
Trd, 258916.233, 98
Trd, 258916.267, 88
Trd, 258916.317, 87
Trd, 258916.683, 102
Trd, 258916.717, 83
Trd, 258916.750, 76
Trd, 258917.383, 64
Trd, 258917.533, 64
Trd, 258917.550, 65
Trd, 258917.717, 66
Trd, 258917.867, 69
Trd, 258918.667, 120
Trd, 258918.883, 106
Trd, 258919.200, 107
Trd, 258919.250, 125
Trd, 258919.717, 138
Trd, 258919.750, 117
Trd, 258920.200, 139
Trd, 258920.283, 102
Trd, 258920.883, 110
Trd, 258921.033, 101
Trd, 258921.050, 135
Trd, 258921.233, 135
Trd, 258921.417, 140
Trd, 258921.467, 101
Trd, 258921.550, 97
Trd, 258921.867, 108
Trd, 258921.950, 103
Trd, 258922.817, 123
Trd, 258922.917, 134
Trd, 258923.133, 119
Trd, 258923.533, 124
Trd, 258923.800, 117
Trd, 258924.550, 137
Trd, 258924.950, 134
Trd, 258925.083, 124
Trd, 258925.333, 112
Trd, 258925.550, 124
Trd, 258925.600, 123
Trd, 258925.650, 110
Trd, 258925.817, 114
Trd, 258926.017, 120
Trd, 258926.367, 117
Trd, 258926.433, 118
Trd, 258926.517, 113
Trd, 258926.567, 109
Trd, 258926.650, 123
Trd, 258926.817, 135
Trd, 258926.917, 97
Trd, 258927.217, 139
Trd, 258927.333, 114
Trd, 258927.533, 106
Trd, 258927.850, 99
Trd, 258927.933, 139
Trd, 258928.183, 98
Trd, 258928.300, 122
Trd, 258928.700, 126
Trd, 258929.517, 120
Trd, 258929.600, 140
Trd, 258930.117, 132
Trd, 258931.017, 118
Trd, 258931.050, 116
Trd, 258931.517, 136
Trd, 258931.917, 129
Trd, 258932.183, 129
Trd, 258932.283, 106
Trd, 258932.400, 93
Trd, 258932.467, 138
Trd, 258932.533, 104
Trd, 258932.700, 129
Trd, 258933.350, 118
Trd, 258933.433, 117
Trd, 258933.867, 140
Trd, 258933.950, 140
Trd, 258934.117, 140
Trd, 258934.433, 119
Trd, 258934.517, 118
Trd, 258934.833, 127
Trd, 258935.167, 109
Trd, 258935.333, 101
Trd, 258935.500, 95
Trd, 258935.583, 85
Trd, 258935.600, 85
Trd, 258935.700, 83
Trd, 258935.933, 122
Trd, 258936.350, 103
Trd, 258936.367, 102
Trd, 258936.567, 101
Trd, 258936.783, 109
Trd, 258937.067, 99
Trd, 258937.983, 140
Trd, 258938.017, 139
Trd, 258938.483, 140
Trd, 258938.650, 140
Trd, 258938.767, 140
Trd, 258938.967, 133
Trd, 258939.133, 114
Trd, 258939.467, 97
Trd, 258940.267, 139
Trd, 258940.483, 126
Trd, 258940.600, 119
Trd, 258940.650, 131
Trd, 258940.833, 125
Trd, 258940.950, 118
Trd, 258941.117, 104
Trd, 258941.300, 115
Trd, 258941.600, 125
Trd, 258942.083, 140
Trd, 258942.250, 138
Trd, 258942.400, 94
Trd, 258942.633, 127
Trd, 258942.733, 125
Trd, 258943.450, 117
Trd, 258943.583, 100
Trd, 258943.817, 94
Trd, 258943.950, 133
Trd, 258944.250, 140
Trd, 258944.483, 96
Trd, 258944.533, 91
Trd, 258944.600, 102
Trd, 258944.933, 103
Trd, 258945.633, 112
Trd, 258946.100, 97
Trd, 258946.617, 130
Trd, 258946.750, 115
Trd, 258947.350, 117
Trd, 258947.483, 127
Trd, 258947.500, 116
Trd, 258947.617, 114
Trd, 258947.900, 116
Trd, 258947.917, 113
Trd, 258947.950, 103
Trd, 258947.967, 122
Trd, 258948.367, 140
Trd, 258948.517, 131
Trd, 258949.500, 140
Trd, 258949.583, 140
Trd, 258949.617, 117
Trd, 258949.900, 128
Trd, 258949.983, 115
Trd, 258950.083, 101
Trd, 258950.150, 81
Trd, 258950.367, 130
Trd, 258950.567, 139
Trd, 258950.983, 134
Trd, 258951.033, 130
Trd, 258951.217, 134
Trd, 258951.583, 128
Trd, 258951.667, 140
Trd, 258951.750, 127
Trd, 258951.950, 133
Trd, 258952.017, 109
Trd, 258952.383, 91
Trd, 258952.567, 103
Trd, 258952.800, 112
Trd, 258953.250, 96
Trd, 258953.467, 82
Trd, 258953.500, 79
Trd, 258953.600, 84
Trd, 258953.750, 85
Trd, 258954.017, 88
Trd, 258954.300, 107
Trd, 258954.400, 106
Trd, 258954.933, 133
Trd, 258955.067, 123
Trd, 258955.133, 116
Trd, 258955.517, 120
Trd, 258956.667, 117
Trd, 258956.700, 112
Trd, 258956.717, 109
Trd, 258957.017, 139
Trd, 258957.633, 101
Trd, 258958.383, 132
Trd, 258958.433, 137
Trd, 258958.717, 101
Trd, 258959.433, 119
Trd, 258959.917, 140
Trd, 258959.983, 140
Trd, 258960.733, 138
Trd, 258961.333, 134
Trd, 258961.633, 138
Trd, 258961.833, 137
Trd, 258961.867, 134
Trd, 258961.917, 129
Trd, 258962.567, 137
Trd, 258962.717, 114
Trd, 258962.817, 131
Trd, 258962.917, 113
Trd, 258963.083, 107
Trd, 258963.450, 107
Trd, 258963.950, 138
Trd, 258963.967, 115
Trd, 258964.017, 111
Trd, 258964.067, 98
Trd, 258964.350, 140
Trd, 258965.367, 139
Trd, 258965.517, 132
Trd, 258965.617, 131
Trd, 258965.733, 140
Trd, 258965.750, 137
Trd, 258966.133, 122
Trd, 258966.433, 118
Trd, 258966.950, 133
Trd, 258966.983, 132
Trd, 258967.033, 103
Trd, 258967.400, 133
Trd, 258967.933, 139
Trd, 258968.433, 132
Trd, 258968.450, 124
Trd, 258968.483, 117
Trd, 258968.500, 114
Trd, 258968.717, 112
Trd, 258968.917, 104
Trd, 258969.100, 96
Trd, 258969.517, 127
Trd, 258970.500, 139
Trd, 258970.533, 125
Trd, 258970.550, 124
Trd, 258970.583, 116
Trd, 258971.017, 114
Trd, 258971.083, 113
Trd, 258971.183, 111
Trd, 258971.300, 111
Trd, 258971.433, 120
Trd, 258972.000, 139
Trd, 258972.183, 112
Trd, 258972.250, 102
Trd, 258973.383, 140
Trd, 258973.483, 140
Trd, 258973.933, 134
Trd, 258974.433, 140
Trd, 258974.783, 134
Trd, 258975.217, 134
Trd, 258975.267, 135
Trd, 258975.367, 133
Trd, 258975.550, 130
Trd, 258975.567, 130
Trd, 258975.900, 114
Trd, 258976.400, 107
Trd, 258976.500, 105
Trd, 258976.750, 138
Trd, 258976.800, 127
Trd, 258977.450, 134
Trd, 258977.650, 124
Trd, 258978.033, 123
Trd, 258978.783, 120
Trd, 258978.850, 118
Trd, 258978.933, 127
Trd, 258979.050, 104
Trd, 258979.300, 122
Trd, 258979.383, 140
Trd, 258979.417, 112
Trd, 258979.550, 100
Trd, 258979.617, 93
Trd, 258979.667, 130
Trd, 258979.700, 92
Trd, 258980.133, 94
Trd, 258980.367, 140
Trd, 258980.700, 136
Trd, 258980.983, 113
Trd, 258981.200, 105
Trd, 258982.250, 111
Trd, 258982.733, 93
Trd, 258982.933, 118
Trd, 258983.150, 78
Trd, 258983.233, 75
Trd, 258983.267, 85
Trd, 258983.450, 75
Trd, 258983.717, 140
Trd, 258983.733, 114
Trd, 258983.950, 101
Trd, 258984.150, 108
Trd, 258984.283, 106
Trd, 258984.550, 111
Trd, 258984.567, 100
Trd, 258984.767, 125
Trd, 258984.867, 103
Trd, 258984.917, 118
Trd, 258985.067, 102
Trd, 258985.700, 133
Trd, 258986.383, 111
Trd, 258986.417, 110
Trd, 258986.450, 108
Trd, 258986.867, 140
Trd, 258987.050, 118
Trd, 258987.217, 105
Trd, 258987.850, 119
Trd, 258988.367, 114
Trd, 258988.467, 129
Trd, 258988.600, 132
Trd, 258988.750, 139
Trd, 258989.100, 104
Trd, 258989.250, 139
Trd, 258989.517, 131
Trd, 258989.633, 105
Trd, 258989.717, 98
Trd, 258989.867, 124
Trd, 258990.133, 139
Trd, 258990.533, 109
Trd, 258990.683, 99
Trd, 258990.883, 133
Trd, 258990.967, 138
Trd, 258991.167, 132
Trd, 258991.533, 137
Trd, 258992.150, 129
Trd, 258992.517, 114
Trd, 258992.767, 112
Trd, 258993.350, 137
Trd, 258993.533, 114
Trd, 258993.583, 112
Trd, 258993.667, 98
Trd, 258994.050, 133
Trd, 258994.400, 111
Trd, 258994.433, 98
Trd, 258994.600, 98
Trd, 258994.767, 110
Trd, 258994.817, 92
Trd, 258995.800, 125
Trd, 258995.900, 100
Trd, 258995.950, 100
Trd, 258996.000, 126
Trd, 258996.283, 112
Trd, 258996.383, 92
Trd, 258996.500, 90
Trd, 258997.183, 94
Trd, 258997.283, 83
Trd, 258997.467, 87
Trd, 258997.483, 81
Trd, 258997.633, 109
Trd, 258998.383, 112
Trd, 258998.600, 99
Trd, 258999.000, 137
Trd, 258999.150, 110
Trd, 258999.317, 96
Trd, 258999.550, 94
Trd, 258999.617, 88
Trd, 258999.983, 140
Trd, 259000.000, 127
Trd, 259000.750, 127
Trd, 259000.867, 119
Trd, 259001.200, 140
Trd, 259001.467, 122
Trd, 259001.617, 132
Trd, 259002.300, 106
Trd, 259002.383, 100
Trd, 259002.400, 95
Trd, 259002.550, 93
Trd, 259002.917, 103
Trd, 259003.167, 130
Trd, 259003.300, 114
Trd, 259003.500, 133
Trd, 259003.967, 129
Trd, 259004.050, 113
Trd, 259004.483, 115
Trd, 259004.917, 117
Trd, 259005.283, 130
Trd, 259005.417, 125
Trd, 259005.550, 120
Trd, 259005.767, 140
Trd, 259005.867, 106
Trd, 259006.217, 99
Trd, 259006.483, 124
Trd, 259006.667, 92
Trd, 259006.750, 90
Trd, 259006.867, 105
Trd, 259007.367, 106
Trd, 259007.517, 105
Trd, 259007.833, 106
Trd, 259007.950, 100
Trd, 259008.683, 103
Trd, 259008.700, 84
Trd, 259008.950, 107
Trd, 259009.183, 106
Trd, 259009.300, 125
Trd, 259009.317, 99
Trd, 259009.533, 140
Trd, 259010.217, 116
Trd, 259010.300, 90
Trd, 259010.400, 115
Trd, 259010.500, 122
Trd, 259010.533, 81
Trd, 259010.850, 98
Trd, 259011.433, 129
Trd, 259011.917, 130
Trd, 259012.233, 139
Trd, 259012.483, 140
Trd, 259012.667, 133
Trd, 259012.833, 128
Trd, 259013.183, 118
Trd, 259013.350, 94
Trd, 259013.500, 94
Trd, 259013.867, 92
Trd, 259013.967, 106
Trd, 259014.133, 118
Trd, 259014.400, 114
Trd, 259014.767, 124
Trd, 259014.867, 116
Trd, 259015.017, 128
Trd, 259015.033, 116
Trd, 259015.133, 116
Trd, 259015.217, 135
Trd, 259015.233, 115
Trd, 259015.267, 114
Trd, 259015.450, 105
Trd, 259015.667, 88
Trd, 259016.083, 84
Trd, 259016.600, 91
Trd, 259016.667, 88
Trd, 259016.900, 124
Trd, 259017.133, 106
Trd, 259017.333, 122
Trd, 259017.533, 87
Trd, 259018.033, 77
Trd, 259018.067, 75
Trd, 259018.133, 69
Trd, 259018.150, 126
Trd, 259018.417, 74
Trd, 259018.433, 78
Trd, 259019.417, 91
Trd, 259019.433, 96
Trd, 259019.533, 112
Trd, 259020.100, 83
Trd, 259020.383, 127
Trd, 259020.667, 75
Trd, 259020.900, 88
Trd, 259020.983, 69
Trd, 259021.067, 97
Trd, 259021.133, 113
Trd, 259021.400, 140
Trd, 259021.433, 104
Trd, 259021.583, 113
Trd, 259021.683, 112
Trd, 259021.950, 89
Trd, 259022.117, 128
Trd, 259022.617, 89
Trd, 259022.883, 88
Trd, 259023.133, 140
Trd, 259023.317, 95
Trd, 259023.650, 103
Trd, 259023.817, 89
Trd, 259024.383, 138
Trd, 259024.617, 137
Trd, 259024.850, 131
Trd, 259025.017, 135
Trd, 259025.033, 103
Trd, 259025.250, 134
Trd, 259025.300, 112
Trd, 259025.767, 140
Trd, 259025.850, 140
Trd, 259025.917, 118
Trd, 259026.750, 138
Trd, 259026.767, 123
Trd, 259027.167, 117
Trd, 259027.183, 103
Trd, 259027.650, 109
Trd, 259027.950, 99
Trd, 259028.117, 113
Trd, 259028.150, 132
Trd, 259028.317, 100
Trd, 259028.400, 101
Trd, 259028.567, 99
Trd, 259028.950, 106
Trd, 259028.983, 130
Trd, 259029.267, 103
Trd, 259029.300, 101
Trd, 259030.383, 129
Trd, 259030.400, 122
Trd, 259030.833, 138
Trd, 259030.933, 137
Trd, 259031.083, 139
Trd, 259031.250, 106
Trd, 259031.350, 105
Trd, 259031.467, 131
Trd, 259031.800, 93
Trd, 259031.817, 80
Trd, 259032.117, 94
Trd, 259032.200, 92
Trd, 259032.300, 129
Trd, 259032.433, 112
Trd, 259032.533, 104
Trd, 259032.817, 105
Trd, 259033.100, 119
Trd, 259033.767, 110
Trd, 259033.883, 111
Trd, 259033.983, 93
Trd, 259034.350, 91
Trd, 259034.500, 88
Trd, 259034.567, 82
Trd, 259034.717, 75
Trd, 259035.483, 101
Trd, 259035.900, 89
Trd, 259036.283, 81
Trd, 259036.300, 107
Trd, 259036.400, 115
Trd, 259036.433, 131
Trd, 259036.833, 118
Trd, 259037.250, 122
Trd, 259037.267, 118
Trd, 259037.433, 117
Trd, 259037.667, 119
Trd, 259037.783, 106
Trd, 259037.883, 92
Trd, 259038.117, 105
Trd, 259038.267, 121
Trd, 259038.917, 110
Trd, 259039.167, 140
Trd, 259039.317, 98
Trd, 259039.400, 94
Trd, 259039.583, 130
Trd, 259039.700, 91
Trd, 259039.917, 85
Trd, 259040.100, 85
Trd, 259040.450, 86
Trd, 259040.600, 89
Trd, 259041.217, 138
Trd, 259041.450, 140
Trd, 259041.583, 135
Trd, 259041.750, 88
Trd, 259041.933, 95
Trd, 259041.967, 83
Trd, 259042.250, 82
Trd, 259042.317, 67
Trd, 259042.433, 105
Trd, 259043.350, 96
Trd, 259043.433, 98
Trd, 259043.683, 95
Trd, 259043.717, 94
Trd, 259043.750, 84
Trd, 259043.917, 101
Trd, 259043.967, 109
Trd, 259044.000, 82
Trd, 259044.050, 117
Trd, 259044.617, 79
Trd, 259045.500, 109
Trd, 259045.550, 113
Trd, 259045.733, 82
Trd, 259045.950, 109
Trd, 259046.067, 92
Trd, 259046.083, 94
Trd, 259046.300, 130
Trd, 259046.550, 135
Trd, 259046.817, 127
Trd, 259047.050, 126
Trd, 259047.067, 112
Trd, 259047.833, 138
Trd, 259048.000, 126
Trd, 259048.033, 120
Trd, 259048.250, 124
Trd, 259048.633, 139
Trd, 259049.117, 97
Trd, 259049.300, 111
Trd, 259049.317, 93
Trd, 259049.500, 112
Trd, 259049.517, 109
Trd, 259049.983, 103
Trd, 259050.400, 138
Trd, 259050.500, 127
Trd, 259050.600, 140
Trd, 259050.683, 126
Trd, 259050.983, 101
Trd, 259051.033, 89
Trd, 259051.200, 110
Trd, 259051.317, 75
Trd, 259051.383, 68
Trd, 259051.467, 90
Trd, 259051.817, 69
Trd, 259052.317, 89
Trd, 259052.783, 139
Trd, 259053.050, 109
Trd, 259053.117, 105
Trd, 259053.867, 140
Trd, 259054.067, 139
Trd, 259054.450, 140
Trd, 259054.550, 122
Trd, 259054.600, 112
Trd, 259054.700, 111
Trd, 259055.217, 125
Trd, 259055.550, 120
Trd, 259055.933, 119
Trd, 259056.183, 100
Trd, 259056.200, 96
Trd, 259056.383, 93
Trd, 259056.417, 87
Trd, 259056.450, 91
Trd, 259056.617, 104
Trd, 259056.750, 118
Trd, 259056.783, 97
Trd, 259057.333, 118
Trd, 259057.650, 121
Trd, 259057.800, 140
Trd, 259058.067, 120
Trd, 259059.283, 122
Trd, 259059.317, 106
Trd, 259059.333, 98
Trd, 259059.567, 128
Trd, 259059.650, 135
Trd, 259059.950, 132
Trd, 259060.083, 136
Trd, 259060.367, 124
Trd, 259060.583, 137
Trd, 259060.600, 123
Trd, 259061.117, 112
Trd, 259061.483, 125
Trd, 259061.750, 140
Trd, 259062.200, 129
Trd, 259062.250, 122
Trd, 259062.333, 114
Trd, 259062.700, 89
Trd, 259062.883, 113
Trd, 259063.267, 128
Trd, 259063.300, 126
Trd, 259063.817, 139
Trd, 259064.100, 139
Trd, 259064.183, 132
Trd, 259064.367, 128
Trd, 259064.800, 135
Trd, 259065.083, 134
Trd, 259065.267, 139
Trd, 259065.300, 127
Trd, 259065.667, 120
Trd, 259065.817, 118
Trd, 259065.983, 112
Trd, 259066.217, 100
Trd, 259066.933, 94
Trd, 259067.183, 118
Trd, 259067.200, 115
Trd, 259067.233, 88
Trd, 259067.283, 87
Trd, 259068.183, 114
Trd, 259068.200, 112
Trd, 259068.350, 106
Trd, 259068.467, 133
Trd, 259068.500, 104
Trd, 259068.767, 140
Trd, 259068.883, 137
Trd, 259069.250, 121
Trd, 259069.267, 105
Trd, 259069.683, 139
Trd, 259069.700, 138
Trd, 259069.967, 112
Trd, 259070.233, 98
Trd, 259070.300, 127
Trd, 259070.400, 128
Trd, 259070.967, 134
Trd, 259071.200, 126
Trd, 259071.333, 132
Trd, 259071.567, 139
Trd, 259071.733, 132
Trd, 259072.417, 140
Trd, 259072.467, 139
Trd, 259072.750, 140
Trd, 259073.067, 134
Trd, 259073.750, 120
Trd, 259073.917, 129
Trd, 259074.050, 118
Trd, 259074.950, 122
Trd, 259075.100, 126
Trd, 259075.267, 99
Trd, 259075.283, 110
Trd, 259075.383, 97
Trd, 259075.533, 125
Trd, 259075.683, 131
Trd, 259075.900, 136
Trd, 259075.967, 89
Trd, 259076.050, 122
Trd, 259076.517, 124
Trd, 259076.550, 114
Trd, 259076.750, 104
Trd, 259076.867, 84
Trd, 259076.967, 91
Trd, 259077.050, 90
Trd, 259077.233, 83
Trd, 259077.250, 80
Trd, 259077.417, 98
Trd, 259077.700, 139
Trd, 259077.833, 79
Trd, 259078.333, 106
Trd, 259078.417, 95
Trd, 259078.550, 100
Trd, 259078.850, 137
Trd, 259079.283, 140
Trd, 259079.517, 139
Trd, 259079.717, 133
Trd, 259080.000, 132
Trd, 259080.350, 131
Trd, 259080.833, 93
Trd, 259080.950, 95
Trd, 259080.967, 93
Trd, 259081.133, 111
Trd, 259081.617, 135
Trd, 259082.000, 131
Trd, 259082.050, 130
Trd, 259082.100, 125
Trd, 259082.533, 140
Trd, 259082.583, 140
Trd, 259083.050, 139
Trd, 259084.050, 122
Trd, 259084.217, 120
Trd, 259084.867, 118
Trd, 259084.917, 117
Trd, 259085.267, 122
Trd, 259085.717, 117
Trd, 259085.783, 108
Trd, 259085.850, 108
Trd, 259085.983, 124
Trd, 259086.000, 105
Trd, 259086.267, 136
Trd, 259086.317, 135
Trd, 259086.467, 101
Trd, 259086.500, 98
Trd, 259086.550, 126
Trd, 259086.633, 138
Trd, 259086.967, 140
Trd, 259087.000, 114
Trd, 259087.100, 86
Trd, 259087.150, 78
Trd, 259087.617, 100
Trd, 259087.750, 104
Trd, 259087.950, 96
Trd, 259087.967, 92
Trd, 259088.417, 140
Trd, 259089.133, 119
Trd, 259089.167, 122
Trd, 259089.183, 118
Trd, 259089.333, 111
Trd, 259089.617, 109
Trd, 259090.117, 134
Trd, 259090.183, 133
Trd, 259090.317, 124
Trd, 259090.400, 110
Trd, 259090.850, 139
Trd, 259091.467, 113
Trd, 259091.733, 139
Trd, 259091.900, 107
Trd, 259092.517, 128
Trd, 259092.567, 134
Trd, 259092.900, 132
Trd, 259093.067, 117
Trd, 259093.850, 117
Trd, 259094.400, 120
Trd, 259094.417, 136
Trd, 259094.883, 120
Trd, 259094.967, 119
Trd, 259095.150, 106
Trd, 259095.200, 101
Trd, 259095.217, 100
Trd, 259095.417, 126
Trd, 259095.467, 86
Trd, 259095.583, 112
Trd, 259095.617, 83
Trd, 259095.667, 82
Trd, 259095.717, 76
Trd, 259095.800, 95
Trd, 259096.217, 65
Trd, 259096.267, 69
Trd, 259096.617, 97
Trd, 259097.100, 94
Trd, 259097.117, 87
Trd, 259097.433, 101
Trd, 259097.583, 69
Trd, 259098.083, 106
Trd, 259098.267, 113
Trd, 259098.450, 92
Trd, 259098.950, 140
Trd, 259099.383, 140
Trd, 259099.467, 137
Trd, 259099.883, 127
Trd, 259100.033, 126
Trd, 259100.367, 125
Trd, 259100.433, 139
Trd, 259100.550, 103
Trd, 259100.850, 106
Trd, 259101.067, 111
Trd, 259101.283, 109
Trd, 259101.850, 103
Trd, 259102.333, 139
Trd, 259102.550, 114
Trd, 259102.783, 124
Trd, 259103.050, 123
Trd, 259103.067, 125
Trd, 259103.117, 113
Trd, 259103.617, 137
Trd, 259103.717, 124
Trd, 259103.783, 122
Trd, 259104.017, 116
Trd, 259104.550, 138
Trd, 259104.600, 132
Trd, 259104.667, 120
Trd, 259104.717, 112
Trd, 259104.767, 112
Trd, 259104.933, 112
Trd, 259105.300, 133
Trd, 259105.500, 110
Trd, 259105.783, 117
Trd, 259106.083, 128
Trd, 259106.183, 110
Trd, 259106.533, 138
Trd, 259107.050, 109
Trd, 259107.600, 122
Trd, 259107.850, 140
Trd, 259108.367, 140
Trd, 259108.617, 136
Trd, 259108.717, 113
Trd, 259108.733, 112
Trd, 259109.017, 126
Trd, 259109.050, 100
Trd, 259109.333, 102
Trd, 259109.433, 125
Trd, 259109.750, 115
Trd, 259109.883, 109
Trd, 259110.450, 135
Trd, 259110.483, 133
Trd, 259110.583, 129
Trd, 259111.167, 138
Trd, 259111.233, 110
Trd, 259111.300, 109
Trd, 259111.450, 105
Trd, 259111.900, 136
Trd, 259112.100, 137
Trd, 259112.133, 129
Trd, 259112.367, 106
Trd, 259112.800, 112
Trd, 259113.250, 138
Trd, 259113.750, 125
Trd, 259114.450, 140
Trd, 259114.983, 140
Trd, 259115.267, 140
Trd, 259115.300, 129
Trd, 259115.317, 121
Trd, 259115.667, 138
Trd, 259115.750, 112
Trd, 259115.850, 97
Trd, 259115.950, 100
Trd, 259116.200, 96
Trd, 259116.383, 120
Trd, 259116.433, 113
Trd, 259116.750, 95
Trd, 259116.867, 117
Trd, 259117.017, 140
Trd, 259117.733, 134
Trd, 259117.917, 136
Trd, 259118.117, 133
Trd, 259118.433, 118
Trd, 259118.850, 138
Trd, 259118.867, 137
Trd, 259118.917, 114
Trd, 259118.933, 109
Trd, 259118.983, 107
Trd, 259119.200, 140
Trd, 259119.333, 127
Trd, 259119.383, 101
Trd, 259119.850, 129
Trd, 259120.167, 115
Trd, 259120.367, 112
Trd, 259120.633, 111
Trd, 259120.783, 112
Trd, 259121.683, 118
Trd, 259121.983, 117
Trd, 259122.017, 112
Trd, 259122.033, 111
Trd, 259122.700, 137
Trd, 259123.133, 119
Trd, 259123.750, 117
Trd, 259123.900, 108
Trd, 259123.917, 97
Trd, 259124.217, 114
Trd, 259124.267, 91
Trd, 259124.700, 94
Trd, 259125.117, 140
Trd, 259125.233, 140
Trd, 259125.583, 132
Trd, 259125.917, 134
Trd, 259125.983, 120
Trd, 259126.350, 140
Trd, 259126.550, 132
Trd, 259126.883, 116
Trd, 259127.533, 122
Trd, 259127.817, 136
Trd, 259128.183, 138
Trd, 259128.400, 121
Trd, 259128.600, 117
Trd, 259128.617, 106
Trd, 259128.650, 105
Trd, 259129.100, 133
Trd, 259129.233, 129
Trd, 259129.400, 128
Trd, 259129.600, 128
Trd, 259129.733, 127
Trd, 259130.000, 109
Trd, 259130.517, 139
Trd, 259130.800, 137
Trd, 259130.850, 140
Trd, 259131.017, 134
Trd, 259131.033, 106
Trd, 259131.383, 139
Trd, 259131.500, 104
Trd, 259131.633, 139
Trd, 259132.733, 131
Trd, 259132.767, 128
Trd, 259133.033, 115
Trd, 259133.400, 131
Trd, 259133.767, 140
Trd, 259134.000, 140
Trd, 259134.050, 140
Trd, 259134.250, 133
Trd, 259134.717, 139
Trd, 259134.750, 130
Trd, 259134.767, 124
Trd, 259134.817, 117
Trd, 259134.917, 116
Trd, 259135.300, 118
Trd, 259135.617, 137
Trd, 259135.817, 124
Trd, 259135.867, 117
Trd, 259136.267, 137
Trd, 259136.400, 114
Trd, 259136.583, 110
Trd, 259136.733, 112
Trd, 259136.800, 126
Trd, 259137.200, 118
Trd, 259137.567, 131
Trd, 259137.600, 130
Trd, 259137.683, 130
Trd, 259137.750, 104
Trd, 259137.900, 94
Trd, 259137.950, 115
Trd, 259138.333, 100
Trd, 259138.517, 90
Trd, 259138.533, 87
Trd, 259138.700, 136
Trd, 259139.233, 140
Trd, 259140.000, 113
Trd, 259140.050, 113
Trd, 259140.083, 109
Trd, 259140.767, 114
Trd, 259140.917, 98
Trd, 259141.667, 99
Trd, 259141.800, 98
Trd, 259141.983, 88
Trd, 259142.300, 110
Trd, 259142.933, 136
Trd, 259143.283, 140
Trd, 259143.483, 133
Trd, 259143.683, 123
Trd, 259143.933, 122
Trd, 259144.167, 134
Trd, 259144.383, 140
Trd, 259144.733, 140
Trd, 259145.417, 119
Trd, 259145.633, 124
Trd, 259145.650, 120
Trd, 259145.867, 125
Trd, 259145.900, 124
Trd, 259145.950, 112
Trd, 259146.117, 140
Trd, 259146.583, 129
Trd, 259146.767, 113
Trd, 259147.067, 130
Trd, 259147.250, 130
Trd, 259147.567, 129
Trd, 259148.067, 121
Trd, 259148.517, 126
Trd, 259148.850, 119
Trd, 259149.150, 135
Trd, 259149.217, 115
Trd, 259149.650, 135
Trd, 259149.683, 122
Trd, 259149.850, 102
Trd, 259149.867, 102
Trd, 259150.167, 140
Trd, 259150.283, 112
Trd, 259150.433, 137
Trd, 259150.483, 104
Trd, 259150.617, 128
Trd, 259150.667, 102
Trd, 259150.683, 101
Trd, 259151.250, 107
Trd, 259151.483, 116
Trd, 259151.583, 92
Trd, 259151.867, 140
Trd, 259152.250, 68
Trd, 259152.600, 68
Trd, 259153.700, 136
Trd, 259153.883, 132
Trd, 259154.067, 140
Trd, 259154.450, 138
Trd, 259154.567, 108
Trd, 259155.400, 139
Trd, 259155.500, 137
Trd, 259155.533, 134
Trd, 259155.850, 132
Trd, 259156.000, 127
Trd, 259156.050, 126
Trd, 259156.233, 130
Trd, 259156.367, 103
Trd, 259156.550, 102
Trd, 259156.717, 96
Trd, 259157.167, 102
Trd, 259157.233, 108
Trd, 259157.300, 113
Trd, 259157.483, 140
Trd, 259157.500, 92
Trd, 259157.817, 84
Trd, 259158.400, 135
Trd, 259158.467, 132
Trd, 259158.483, 126
Trd, 259158.667, 122
Trd, 259158.767, 121
Trd, 259159.600, 127
Trd, 259159.833, 126
Trd, 259160.317, 132
Trd, 259160.717, 108
Trd, 259160.800, 108
Trd, 259160.917, 108
Trd, 259161.050, 97
Trd, 259161.233, 96
Trd, 259161.550, 106
Trd, 259161.683, 100
Trd, 259162.083, 116
Trd, 259162.400, 140
Trd, 259162.450, 114
Trd, 259162.767, 140
Trd, 259162.950, 139
Trd, 259163.133, 100
Trd, 259163.683, 107
Trd, 259164.000, 95
Trd, 259164.200, 88
Trd, 259164.300, 87
Trd, 259164.367, 120
Trd, 259164.600, 110
Trd, 259164.633, 118
Trd, 259164.717, 112
Trd, 259164.917, 90
Trd, 259165.017, 84
Trd, 259165.233, 128
Trd, 259165.450, 95
Trd, 259166.050, 110
Trd, 259166.317, 138
Trd, 259166.383, 138
Trd, 259166.683, 100
Trd, 259167.033, 114
Trd, 259167.100, 108
Trd, 259167.383, 118
Trd, 259167.900, 126
Trd, 259168.183, 123
Trd, 259168.233, 127
Trd, 259168.267, 112
Trd, 259168.400, 112
Trd, 259168.833, 130
Trd, 259169.067, 118
Trd, 259169.583, 129
Trd, 259169.667, 128
Trd, 259169.783, 132
Trd, 259169.883, 101
Trd, 259169.950, 95
Trd, 259169.967, 94
Trd, 259170.233, 133
Trd, 259170.400, 103
Trd, 259170.500, 88
Trd, 259170.650, 91
Trd, 259170.817, 89
Trd, 259172.383, 140
Trd, 259172.883, 140
Trd, 259172.967, 130
Trd, 259172.983, 122
Trd, 259173.033, 122
Trd, 259173.067, 113
Trd, 259173.217, 116
Trd, 259173.383, 130
Trd, 259173.950, 116
Trd, 259174.317, 112
Trd, 259174.567, 125
Trd, 259174.700, 139
Trd, 259174.783, 122
Trd, 259175.567, 118
Trd, 259175.633, 112
Trd, 259176.000, 112
Trd, 259176.117, 111
Trd, 259176.133, 104
Trd, 259176.150, 125
Trd, 259176.217, 100
Trd, 259176.683, 121
Trd, 259176.900, 100
Trd, 259177.067, 89
Trd, 259177.133, 102
Trd, 259177.300, 123
Trd, 259177.550, 130
Trd, 259177.700, 87
Trd, 259177.717, 106
Trd, 259178.000, 74
Trd, 259178.067, 116
Trd, 259178.250, 73
Trd, 259178.550, 139
Trd, 259178.883, 123
Trd, 259179.233, 104
Trd, 259179.667, 127
Trd, 259180.050, 137
Trd, 259180.283, 129
Trd, 259180.550, 140
Trd, 259180.817, 140
Trd, 259181.133, 130
Trd, 259181.150, 129
Trd, 259181.333, 126
Trd, 259181.383, 114
Trd, 259181.817, 111
Trd, 259182.283, 140
Trd, 259182.400, 103
Trd, 259182.550, 139
Trd, 259183.033, 91
Trd, 259183.133, 89
Trd, 259183.400, 107
Trd, 259183.483, 95
Trd, 259183.633, 90
Trd, 259183.950, 129
Trd, 259183.967, 111
Trd, 259184.100, 101
Trd, 259184.350, 106
Trd, 259184.583, 88
Trd, 259184.650, 115
Trd, 259184.767, 88
Trd, 259185.050, 127
Trd, 259185.200, 121
Trd, 259185.350, 140
Trd, 259185.567, 130
Trd, 259185.833, 138
Trd, 259186.067, 131
Trd, 259186.600, 96
Trd, 259186.750, 96
Trd, 259186.867, 100
Trd, 259186.883, 88
Trd, 259187.133, 108
Trd, 259187.600, 118
Trd, 259188.317, 122
Trd, 259188.333, 111
Trd, 259188.467, 97
Trd, 259188.717, 95
Trd, 259188.983, 118
Trd, 259189.567, 140
Trd, 259189.600, 127
Trd, 259189.767, 131
Trd, 259190.050, 122
Trd, 259190.067, 121
Trd, 259190.283, 111
Trd, 259190.583, 102
Trd, 259190.933, 107
Trd, 259191.533, 118
Trd, 259192.167, 138
Trd, 259192.267, 138
Trd, 259192.367, 132
Trd, 259193.000, 116
Trd, 259193.050, 110
Trd, 259193.750, 104
Trd, 259193.917, 103
Trd, 259194.067, 104
Trd, 259194.200, 115
Trd, 259194.300, 102
Trd, 259194.383, 99
Trd, 259194.433, 124
Trd, 259194.817, 120
Trd, 259194.983, 137
Trd, 259195.050, 127
Trd, 259195.333, 137
Trd, 259195.367, 133
Trd, 259195.450, 117
Trd, 259195.467, 101
Trd, 259195.883, 107
Trd, 259195.967, 126
Trd, 259195.983, 96
Trd, 259196.033, 95
Trd, 259196.200, 92
Trd, 259196.400, 84
Trd, 259196.483, 109
Trd, 259196.583, 108
Trd, 259196.867, 113
Trd, 259196.967, 115
Trd, 259197.200, 79
Trd, 259197.217, 136
Trd, 259197.417, 138
Trd, 259198.100, 67
Trd, 259198.117, 76
Trd, 259198.200, 79
Trd, 259198.250, 63
Trd, 259198.350, 91
Trd, 259199.633, 131
