Trd, 430622.017, 100
Trd, 430623.433, 116
Trd, 430623.817, 106
Trd, 430624.083, 103
Trd, 430625.667, 98
Trd, 430627.300, 112
Trd, 430627.433, 115
Trd, 430629.200, 111
Trd, 430629.250, 109
Trd, 430629.317, 121
Trd, 430631.183, 105
Trd, 430632.883, 104
Trd, 430633.550, 120
Trd, 430633.783, 102
Trd, 430633.833, 99
Trd, 430636.333, 101
Trd, 430637.050, 111
Trd, 430637.633, 115
Trd, 430637.950, 114
Trd, 430638.183, 111
Trd, 430639.217, 108
Trd, 430639.650, 104
Trd, 430641.317, 106
Trd, 430641.683, 101
Trd, 430643.067, 94
Trd, 430643.183, 109
Trd, 430643.900, 97
Trd, 430645.050, 93
Trd, 430645.800, 93
Trd, 430646.683, 116
Trd, 430648.000, 99
Trd, 430648.483, 105
Trd, 430649.267, 109
Trd, 430651.117, 106
Trd, 430652.133, 100
Trd, 430652.617, 105
Trd, 430653.367, 100
Trd, 430653.533, 115
Trd, 430654.033, 87
Trd, 430654.567, 90
Trd, 430655.017, 89
Trd, 430656.767, 111
Trd, 430657.467, 109
Trd, 430657.533, 109
Trd, 430658.117, 87
Trd, 430658.383, 109
Trd, 430660.400, 107
Trd, 430661.267, 119
Trd, 430661.317, 115
Trd, 430661.517, 106
Trd, 430662.667, 97
Trd, 430662.933, 96
Trd, 430663.450, 86
Trd, 430664.700, 94
Trd, 430665.133, 109
Trd, 430666.967, 85
Trd, 430667.100, 84
Trd, 430668.400, 115
Trd, 430669.650, 98
Trd, 430669.750, 93
Trd, 430670.383, 91
Trd, 430670.517, 101
Trd, 430671.817, 103
Trd, 430672.050, 104
Trd, 430673.100, 93
Trd, 430673.800, 100
Trd, 430673.883, 98
Trd, 430674.617, 86
Trd, 430675.933, 102
Trd, 430677.100, 90
Trd, 430677.650, 109
Trd, 430678.567, 108
Trd, 430678.883, 116
Trd, 430679.167, 101
Trd, 430679.833, 103
Trd, 430679.950, 93
Trd, 430681.017, 105
Trd, 430683.217, 96
Trd, 430684.083, 110
Trd, 430684.167, 106
Trd, 430685.883, 107
Trd, 430687.667, 109
Trd, 430688.017, 108
Trd, 430689.000, 119
Trd, 430689.717, 112
Trd, 430689.750, 104
Trd, 430690.167, 99
Trd, 430691.017, 97
Trd, 430694.000, 108
Trd, 430694.683, 109
Trd, 430695.217, 94
Trd, 430696.033, 96
Trd, 430697.350, 93
Trd, 430697.567, 96
Trd, 430698.317, 106
Trd, 430698.567, 93
Trd, 430700.083, 111
Trd, 430701.717, 98
Trd, 430702.083, 99
Trd, 430702.733, 95
Trd, 430704.483, 109
Trd, 430705.250, 102
Trd, 430707.050, 101
Trd, 430707.333, 104
Trd, 430707.417, 106
Trd, 430707.483, 98
Trd, 430708.783, 94
Trd, 430708.850, 93
Trd, 430709.817, 96
Trd, 430709.983, 89
Trd, 430710.350, 87
Trd, 430712.483, 105
Trd, 430712.967, 104
Trd, 430713.667, 106
Trd, 430714.083, 89
Trd, 430714.217, 105
Trd, 430714.617, 82
Trd, 430715.883, 105
Trd, 430716.783, 96
Trd, 430717.433, 104
Trd, 430717.917, 118
Trd, 430718.550, 107
Trd, 430719.433, 97
Trd, 430719.600, 93
Trd, 430719.700, 108
Trd, 430721.167, 88
Trd, 430721.717, 109
Trd, 430722.917, 116
Trd, 430723.267, 104
Trd, 430723.800, 107
Trd, 430725.950, 109
Trd, 430726.800, 107
Trd, 430727.350, 107
Trd, 430727.467, 106
Trd, 430727.717, 100
Trd, 430727.850, 94
Trd, 430727.983, 116
Trd, 430728.700, 117
Trd, 430729.417, 90
Trd, 430733.650, 99
Trd, 430735.267, 93
Trd, 430735.933, 105
Trd, 430737.550, 95
Trd, 430738.433, 109
Trd, 430738.450, 92
Trd, 430738.600, 90
Trd, 430739.717, 104
Trd, 430740.983, 102
Trd, 430741.583, 115
Trd, 430741.817, 113
Trd, 430741.950, 102
Trd, 430743.400, 114
Trd, 430743.433, 108
Trd, 430745.200, 108
Trd, 430745.850, 107
Trd, 430745.967, 106
Trd, 430747.583, 110
Trd, 430748.533, 110
Trd, 430750.333, 109
Trd, 430750.567, 109
Trd, 430751.450, 104
Trd, 430751.467, 112
Trd, 430751.517, 100
Trd, 430752.633, 100
Trd, 430753.283, 112
Trd, 430753.683, 97
Trd, 430754.017, 93
Trd, 430755.050, 91
Trd, 430755.817, 87
Trd, 430756.983, 113
Trd, 430757.100, 91
Trd, 430758.150, 93
Trd, 430759.250, 103
Trd, 430759.933, 104
Trd, 430761.083, 96
Trd, 430762.300, 109
Trd, 430764.050, 120
Trd, 430764.317, 108
Trd, 430765.567, 102
Trd, 430766.083, 103
Trd, 430766.567, 115
Trd, 430769.417, 105
Trd, 430769.650, 103
Trd, 430769.667, 98
Trd, 430770.367, 107
Trd, 430770.500, 104
Trd, 430770.817, 96
Trd, 430771.750, 93
Trd, 430772.483, 105
Trd, 430774.883, 103
Trd, 430775.400, 109
Trd, 430775.733, 92
Trd, 430775.867, 112
Trd, 430778.933, 107
Trd, 430779.317, 110
Trd, 430780.667, 107
Trd, 430780.917, 113
Trd, 430781.167, 107
Trd, 430781.367, 104
Trd, 430781.400, 93
Trd, 430782.250, 103
Trd, 430782.850, 101
Trd, 430785.017, 89
Trd, 430785.483, 93
Trd, 430786.517, 94
Trd, 430786.533, 101
Trd, 430786.550, 93
Trd, 430786.967, 104
Trd, 430787.317, 109
Trd, 430788.083, 99
Trd, 430788.200, 92
Trd, 430789.250, 89
Trd, 430790.367, 115
Trd, 430793.017, 118
Trd, 430795.167, 97
Trd, 430797.583, 109
Trd, 430797.883, 111
Trd, 430798.500, 117
Trd, 430799.417, 99
Trd, 430799.617, 93
Trd, 430799.767, 94
Trd, 430800.033, 88
Trd, 430800.650, 109
Trd, 430801.400, 104
Trd, 430802.383, 99
Trd, 430804.100, 96
Trd, 430804.850, 95
Trd, 430805.017, 87
Trd, 430805.333, 84
Trd, 430805.667, 88
Trd, 430806.783, 98
Trd, 430809.400, 111
Trd, 430809.800, 108
Trd, 430810.033, 106
Trd, 430810.783, 107
Trd, 430812.067, 107
Trd, 430812.233, 104
Trd, 430812.817, 95
Trd, 430814.050, 106
Trd, 430814.467, 106
Trd, 430814.950, 96
Trd, 430816.033, 90
Trd, 430817.067, 109
Trd, 430817.783, 90
Trd, 430817.933, 114
Trd, 430818.733, 88
Trd, 430819.250, 90
Trd, 430819.633, 93
Trd, 430820.433, 92
Trd, 430821.667, 95
Trd, 430822.200, 108
Trd, 430822.983, 103
Trd, 430823.817, 106
Trd, 430825.100, 118
Trd, 430825.700, 87
Trd, 430828.550, 107
Trd, 430828.583, 105
Trd, 430829.617, 115
Trd, 430829.817, 105
Trd, 430830.917, 110
Trd, 430831.100, 95
Trd, 430832.367, 94
Trd, 430832.400, 93
Trd, 430833.217, 114
Trd, 430833.867, 98
Trd, 430834.850, 94
Trd, 430835.900, 94
Trd, 430836.050, 106
Trd, 430836.267, 93
Trd, 430836.450, 114
Trd, 430836.767, 106
Trd, 430837.233, 112
Trd, 430838.767, 103
Trd, 430841.733, 105
Trd, 430842.233, 100
Trd, 430842.250, 99
Trd, 430843.767, 94
Trd, 430844.600, 107
Trd, 430844.767, 104
Trd, 430846.967, 93
Trd, 430848.617, 84
Trd, 430848.667, 82
Trd, 430849.767, 104
Trd, 430850.500, 100
Trd, 430851.633, 102
Trd, 430852.050, 92
Trd, 430852.167, 103
Trd, 430852.683, 109
Trd, 430853.267, 108
Trd, 430853.833, 118
Trd, 430855.000, 105
Trd, 430855.517, 107
Trd, 430856.067, 108
Trd, 430856.300, 105
Trd, 430857.383, 104
Trd, 430857.433, 93
Trd, 430858.483, 94
Trd, 430858.583, 92
Trd, 430858.783, 88
Trd, 430862.300, 104
Trd, 430863.367, 97
Trd, 430864.217, 100
Trd, 430865.383, 113
Trd, 430866.050, 108
Trd, 430866.083, 82
Trd, 430867.417, 93
Trd, 430869.467, 114
Trd, 430869.800, 102
Trd, 430870.833, 98
Trd, 430872.467, 98
Trd, 430873.033, 115
Trd, 430873.850, 103
Trd, 430874.267, 113
Trd, 430875.167, 103
Trd, 430875.650, 109
Trd, 430876.367, 106
Trd, 430877.233, 104
Trd, 430877.400, 99
Trd, 430877.900, 93
Trd, 430878.317, 97
Trd, 430879.567, 107
Trd, 430879.983, 95
Trd, 430880.300, 95
Trd, 430880.967, 103
Trd, 430881.900, 108
Trd, 430881.967, 95
Trd, 430883.250, 111
Trd, 430883.933, 101
Trd, 430884.683, 93
Trd, 430885.050, 111
Trd, 430885.700, 91
Trd, 430886.483, 90
Trd, 430886.567, 104
Trd, 430886.850, 111
Trd, 430889.633, 89
Trd, 430890.667, 117
Trd, 430891.283, 125
Trd, 430891.583, 114
Trd, 430892.450, 116
Trd, 430892.717, 112
Trd, 430893.667, 111
Trd, 430893.717, 98
Trd, 430895.383, 102
Trd, 430895.650, 111
Trd, 430896.417, 93
Trd, 430899.683, 110
Trd, 430900.267, 109
Trd, 430901.150, 106
Trd, 430901.300, 104
Trd, 430901.567, 93
Trd, 430901.917, 93
Trd, 430902.800, 110
Trd, 430904.100, 113
Trd, 430905.233, 103
Trd, 430905.833, 117
Trd, 430908.950, 104
Trd, 430909.350, 93
Trd, 430909.833, 89
Trd, 430910.283, 102
Trd, 430911.917, 92
Trd, 430912.167, 96
Trd, 430912.817, 100
Trd, 430913.467, 104
Trd, 430915.250, 117
Trd, 430915.567, 110
Trd, 430916.017, 112
Trd, 430916.933, 110
Trd, 430917.917, 106
Trd, 430918.350, 106
Trd, 430918.383, 96
Trd, 430918.633, 91
Trd, 430919.050, 89
Trd, 430920.917, 106
Trd, 430921.067, 91
Trd, 430921.533, 111
Trd, 430924.233, 109
Trd, 430924.333, 110
Trd, 430925.133, 104
Trd, 430926.517, 110
Trd, 430929.817, 110
Trd, 430930.033, 107
Trd, 430930.300, 106
Trd, 430930.367, 105
Trd, 430930.850, 115
Trd, 430931.950, 88
Trd, 430932.950, 89
Trd, 430933.250, 106
Trd, 430934.317, 98
Trd, 430935.117, 84
Trd, 430935.150, 95
Trd, 430935.533, 109
Trd, 430936.783, 104
Trd, 430936.933, 104
Trd, 430937.633, 96
Trd, 430938.733, 108
Trd, 430939.983, 106
Trd, 430940.983, 105
Trd, 430941.200, 107
Trd, 430941.383, 109
Trd, 430943.050, 102
Trd, 430944.067, 89
Trd, 430944.150, 87
Trd, 430944.717, 104
Trd, 430945.250, 85
Trd, 430946.417, 111
Trd, 430946.867, 99
Trd, 430948.550, 104
Trd, 430948.833, 100
Trd, 430949.117, 95
Trd, 430949.500, 104
Trd, 430950.300, 104
Trd, 430951.383, 97
Trd, 430952.233, 104
Trd, 430954.200, 109
Trd, 430954.483, 116
Trd, 430954.800, 105
Trd, 430955.033, 105
Trd, 430955.900, 110
Trd, 430956.100, 103
Trd, 430956.883, 107
Trd, 430958.183, 107
Trd, 430959.767, 106
Trd, 430960.250, 99
Trd, 430960.550, 109
Trd, 430960.817, 104
Trd, 430962.450, 102
Trd, 430962.850, 108
Trd, 430964.033, 93
Trd, 430964.567, 102
Trd, 430965.100, 108
Trd, 430965.317, 105
Trd, 430967.333, 109
Trd, 430967.550, 115
Trd, 430968.150, 116
Trd, 430969.050, 93
Trd, 430969.717, 94
Trd, 430970.667, 117
Trd, 430971.500, 110
Trd, 430971.633, 109
Trd, 430972.417, 106
Trd, 430973.567, 104
Trd, 430973.900, 99
Trd, 430975.133, 94
Trd, 430975.983, 104
Trd, 430976.000, 107
Trd, 430976.883, 97
Trd, 430976.933, 98
Trd, 430977.150, 96
Trd, 430978.383, 109
Trd, 430980.367, 106
Trd, 430980.933, 93
Trd, 430981.167, 93
Trd, 430982.033, 96
Trd, 430983.817, 108
Trd, 430984.100, 93
Trd, 430984.483, 88
Trd, 430985.617, 90
Trd, 430987.317, 109
Trd, 430988.217, 87
Trd, 430989.200, 109
Trd, 430990.967, 105
Trd, 430991.167, 101
Trd, 430991.783, 109
Trd, 430992.900, 109
Trd, 430993.317, 105
Trd, 430994.067, 105
Trd, 430997.383, 109
Trd, 430998.483, 105
Trd, 430999.083, 114
Trd, 430999.167, 110
Trd, 430999.233, 114
Trd, 430999.350, 120
Trd, 430999.550, 108
Trd, 430999.983, 104
Trd, 431000.467, 98
Trd, 431004.000, 95
Trd, 431005.517, 93
Trd, 431006.333, 106
Trd, 431006.367, 100
Trd, 431006.717, 86
Trd, 431008.483, 109
Trd, 431009.767, 117
Trd, 431010.200, 104
Trd, 431011.017, 101
Trd, 431011.817, 101
Trd, 431012.400, 107
Trd, 431012.550, 106
Trd, 431012.683, 97
Trd, 431013.183, 93
Trd, 431013.767, 112
Trd, 431014.217, 116
Trd, 431016.400, 100
Trd, 431016.683, 114
Trd, 431017.750, 102
Trd, 431017.900, 97
Trd, 431018.267, 115
Trd, 431019.433, 91
Trd, 431021.100, 89
Trd, 431021.450, 92
Trd, 431022.833, 89
Trd, 431023.000, 92
Trd, 431023.433, 100
Trd, 431024.867, 97
Trd, 431025.867, 106
Trd, 431026.650, 105
Trd, 431028.933, 107
Trd, 431029.350, 105
Trd, 431029.700, 104
Trd, 431030.983, 107
Trd, 431031.183, 115
Trd, 431031.783, 110
Trd, 431033.050, 97
Trd, 431033.400, 101
Trd, 431033.650, 93
Trd, 431034.767, 106
Trd, 431035.300, 109
Trd, 431035.367, 110
Trd, 431036.883, 106
Trd, 431037.167, 105
Trd, 431038.200, 104
Trd, 431039.400, 105
Trd, 431041.200, 108
Trd, 431041.400, 105
Trd, 431042.683, 104
Trd, 431043.950, 98
Trd, 431044.867, 105
Trd, 431045.367, 99
Trd, 431046.617, 106
Trd, 431047.867, 109
Trd, 431048.283, 91
Trd, 431048.367, 90
Trd, 431049.533, 91
Trd, 431050.267, 95
Trd, 431051.100, 91
Trd, 431051.950, 103
Trd, 431052.850, 106
Trd, 431052.900, 109
Trd, 431053.533, 109
Trd, 431053.583, 106
Trd, 431054.650, 87
Trd, 431056.900, 113
Trd, 431059.383, 111
Trd, 431060.000, 115
Trd, 431060.300, 117
Trd, 431060.717, 93
Trd, 431061.317, 102
Trd, 431061.667, 102
Trd, 431062.117, 98
Trd, 431063.267, 106
Trd, 431064.033, 99
Trd, 431064.467, 100
Trd, 431064.483, 106
Trd, 431064.517, 96
Trd, 431066.183, 87
Trd, 431067.450, 90
Trd, 431067.467, 93
Trd, 431067.550, 89
Trd, 431070.917, 104
Trd, 431071.167, 107
Trd, 431071.800, 99
Trd, 431071.967, 104
Trd, 431072.383, 82
Trd, 431073.383, 105
Trd, 431073.700, 88
Trd, 431074.083, 109
Trd, 431075.250, 104
Trd, 431075.383, 117
Trd, 431075.933, 103
Trd, 431077.583, 96
Trd, 431078.400, 91
Trd, 431079.017, 116
Trd, 431080.067, 103
Trd, 431080.683, 102
Trd, 431081.017, 104
Trd, 431081.417, 102
Trd, 431082.050, 102
Trd, 431082.917, 101
Trd, 431083.617, 93
Trd, 431084.283, 106
Trd, 431085.833, 93
Trd, 431085.850, 98
Trd, 431088.650, 103
Trd, 431088.867, 111
Trd, 431089.850, 112
Trd, 431089.967, 111
Trd, 431090.333, 116
Trd, 431090.983, 104
Trd, 431091.950, 96
Trd, 431093.550, 115
Trd, 431093.900, 111
Trd, 431094.233, 109
Trd, 431094.300, 93
Trd, 431094.783, 115
Trd, 431095.067, 105
Trd, 431095.317, 93
Trd, 431096.083, 96
Trd, 431097.200, 106
Trd, 431098.000, 95
Trd, 431098.583, 112
Trd, 431098.600, 97
Trd, 431098.900, 111
Trd, 431099.233, 93
Trd, 431100.600, 104
Trd, 431101.617, 112
Trd, 431103.533, 106
Trd, 431103.883, 94
Trd, 431104.150, 87
Trd, 431105.033, 98
Trd, 431105.483, 87
Trd, 431108.017, 115
Trd, 431108.350, 113
Trd, 431110.883, 92
Trd, 431111.100, 91
Trd, 431111.300, 96
Trd, 431111.333, 111
Trd, 431112.100, 94
Trd, 431114.150, 92
Trd, 431114.200, 105
Trd, 431114.667, 106
Trd, 431114.933, 116
Trd, 431115.033, 99
Trd, 431115.267, 89
Trd, 431115.500, 87
Trd, 431116.100, 118
Trd, 431117.100, 121
Trd, 431118.900, 110
Trd, 431119.417, 109
Trd, 431119.883, 108
Trd, 431123.083, 109
Trd, 431123.767, 107
Trd, 431123.800, 106
Trd, 431124.117, 105
Trd, 431124.383, 99
Trd, 431124.850, 103
Trd, 431125.400, 102
Trd, 431126.617, 102
Trd, 431126.933, 108
Trd, 431128.883, 120
Trd, 431129.283, 95
Trd, 431132.000, 93
Trd, 431132.267, 92
Trd, 431132.950, 106
Trd, 431133.950, 94
Trd, 431133.983, 91
Trd, 431134.133, 109
Trd, 431135.083, 104
Trd, 431135.617, 103
Trd, 431135.733, 115
Trd, 431136.333, 96
Trd, 431136.917, 91
Trd, 431138.933, 89
Trd, 431141.367, 106
Trd, 431141.467, 106
Trd, 431142.217, 97
Trd, 431142.783, 87
Trd, 431145.050, 93
Trd, 431145.100, 105
Trd, 431145.867, 107
Trd, 431146.367, 109
Trd, 431147.000, 93
Trd, 431147.467, 91
Trd, 431148.167, 92
Trd, 431149.717, 104
Trd, 431150.383, 80
Trd, 431150.700, 104
Trd, 431152.600, 102
Trd, 431154.517, 101
Trd, 431155.283, 100
Trd, 431155.783, 105
Trd, 431156.083, 105
Trd, 431157.033, 113
Trd, 431157.250, 94
Trd, 431157.733, 93
Trd, 431157.800, 116
Trd, 431159.033, 110
Trd, 431159.100, 87
Trd, 431160.183, 117
Trd, 431161.217, 109
Trd, 431162.867, 99
Trd, 431162.883, 106
Trd, 431163.267, 117
Trd, 431163.567, 94
Trd, 431164.217, 94
Trd, 431165.217, 96
Trd, 431165.350, 93
Trd, 431165.383, 123
Trd, 431165.650, 87
Trd, 431166.067, 99
Trd, 431168.267, 93
Trd, 431169.267, 109
Trd, 431169.967, 107
Trd, 431171.150, 110
Trd, 431171.700, 94
Trd, 431172.267, 95
Trd, 431172.983, 106
Trd, 431174.133, 107
Trd, 431175.350, 108
Trd, 431179.283, 110
Trd, 431179.517, 107
Trd, 431179.733, 106
Trd, 431180.083, 110
Trd, 431180.217, 105
Trd, 431180.350, 104
Trd, 431180.783, 93
Trd, 431180.917, 93
Trd, 431183.683, 94
Trd, 431184.767, 103
Trd, 431185.000, 103
Trd, 431185.567, 106
Trd, 431185.667, 100
Trd, 431187.150, 95
Trd, 431189.100, 105
Trd, 431189.333, 93
Trd, 431189.667, 102
Trd, 431190.300, 93
Trd, 431191.167, 108
Trd, 431191.400, 93
Trd, 431193.233, 107
Trd, 431193.567, 106
Trd, 431193.767, 109
Trd, 431195.583, 96
Trd, 431196.000, 107
Trd, 431196.950, 93
Trd, 431198.933, 106
Trd, 431199.633, 98
Trd, 431200.233, 106
Trd, 431201.633, 106
Trd, 431203.067, 111
Trd, 431203.183, 103
Trd, 431203.200, 98
Trd, 431204.083, 99
Trd, 431204.567, 97
Trd, 431205.200, 106
Trd, 431205.967, 107
Trd, 431207.467, 108
Trd, 431208.000, 105
Trd, 431208.333, 96
Trd, 431208.467, 95
Trd, 431208.483, 88
Trd, 431211.250, 109
Trd, 431212.883, 110
Trd, 431213.000, 107
Trd, 431214.500, 113
Trd, 431215.033, 104
Trd, 431215.533, 95
Trd, 431216.100, 105
Trd, 431217.500, 94
Trd, 431218.633, 104
Trd, 431218.800, 94
Trd, 431219.050, 105
Trd, 431219.783, 93
Trd, 431220.017, 93
Trd, 431220.617, 91
Trd, 431221.833, 88
Trd, 431221.883, 95
Trd, 431223.717, 95
Trd, 431223.817, 103
Trd, 431225.017, 98
Trd, 431225.817, 90
Trd, 431226.533, 91
Trd, 431227.450, 106
Trd, 431228.033, 109
Trd, 431229.267, 88
Trd, 431230.100, 97
Trd, 431230.800, 104
Trd, 431230.817, 96
Trd, 431231.133, 97
Trd, 431231.433, 95
Trd, 431233.033, 93
Trd, 431233.883, 99
Trd, 431234.567, 112
Trd, 431235.567, 107
Trd, 431236.100, 98
Trd, 431236.917, 104
Trd, 431237.367, 97
Trd, 431239.200, 111
Trd, 431241.400, 106
Trd, 431241.967, 104
Trd, 431242.017, 103
Trd, 431242.433, 88
Trd, 431243.300, 118
Trd, 431243.667, 92
Trd, 431244.000, 114
Trd, 431245.350, 106
Trd, 431246.067, 105
Trd, 431248.200, 105
Trd, 431249.783, 108
Trd, 431249.967, 97
Trd, 431250.917, 97
Trd, 431251.267, 109
Trd, 431251.917, 108
Trd, 431253.000, 117
Trd, 431253.033, 118
Trd, 431253.267, 110
Trd, 431253.317, 108
Trd, 431253.433, 105
Trd, 431253.950, 116
Trd, 431254.633, 100
Trd, 431255.533, 109
Trd, 431256.633, 94
Trd, 431256.750, 95
Trd, 431257.367, 116
Trd, 431257.450, 117
Trd, 431259.067, 96
Trd, 431259.417, 93
Trd, 431260.267, 105
Trd, 431262.167, 104
Trd, 431262.933, 87
Trd, 431263.817, 97
Trd, 431264.617, 87
Trd, 431266.133, 91
Trd, 431267.200, 109
Trd, 431267.817, 105
Trd, 431268.467, 102
Trd, 431269.517, 106
Trd, 431269.717, 98
Trd, 431270.933, 120
Trd, 431271.217, 115
Trd, 431272.000, 101
Trd, 431272.400, 89
Trd, 431272.767, 87
Trd, 431273.217, 83
Trd, 431273.667, 109
Trd, 431273.683, 106
Trd, 431277.917, 117
Trd, 431278.650, 114
Trd, 431279.883, 108
Trd, 431281.783, 106
Trd, 431282.133, 110
Trd, 431283.000, 108
Trd, 431284.200, 104
Trd, 431284.767, 93
Trd, 431285.317, 94
Trd, 431285.900, 93
Trd, 431285.950, 90
Trd, 431286.367, 104
Trd, 431286.800, 103
Trd, 431287.333, 116
Trd, 431288.433, 106
Trd, 431290.317, 88
Trd, 431291.067, 82
Trd, 431292.167, 99
Trd, 431292.283, 83
Trd, 431293.383, 103
Trd, 431294.733, 102
Trd, 431295.017, 93
Trd, 431295.317, 104
Trd, 431295.417, 105
Trd, 431295.783, 92
Trd, 431295.800, 109
Trd, 431296.083, 89
Trd, 431296.650, 95
Trd, 431296.850, 117
Trd, 431301.100, 107
Trd, 431301.467, 105
Trd, 431301.867, 104
Trd, 431302.767, 108
Trd, 431302.950, 104
Trd, 431303.433, 97
Trd, 431304.000, 94
Trd, 431304.367, 93
Trd, 431305.400, 93
Trd, 431305.833, 86
Trd, 431305.950, 83
Trd, 431306.367, 84
Trd, 431308.150, 95
Trd, 431308.167, 107
Trd, 431310.333, 91
Trd, 431310.867, 103
Trd, 431311.667, 104
Trd, 431312.000, 92
Trd, 431314.317, 109
Trd, 431314.517, 110
Trd, 431316.317, 110
Trd, 431319.817, 111
Trd, 431320.050, 106
Trd, 431320.317, 114
Trd, 431320.617, 104
Trd, 431321.233, 94
Trd, 431322.800, 109
Trd, 431322.950, 104
Trd, 431323.400, 93
Trd, 431323.417, 89
Trd, 431323.583, 84
Trd, 431323.967, 94
Trd, 431324.150, 109
Trd, 431326.967, 106
Trd, 431328.350, 109
Trd, 431328.983, 105
Trd, 431330.267, 104
Trd, 431330.467, 99
Trd, 431332.000, 118
Trd, 431332.050, 112
Trd, 431332.933, 105
Trd, 431333.633, 93
Trd, 431333.717, 93
Trd, 431335.200, 95
Trd, 431335.533, 102
Trd, 431336.583, 106
Trd, 431337.283, 105
Trd, 431338.483, 95
Trd, 431338.900, 93
Trd, 431340.083, 89
Trd, 431340.183, 105
Trd, 431340.450, 108
Trd, 431341.183, 86
Trd, 431341.583, 107
Trd, 431341.717, 109
Trd, 431343.517, 93
Trd, 431343.767, 84
Trd, 431346.533, 94
Trd, 431347.000, 94
Trd, 431347.233, 96
Trd, 431347.583, 92
Trd, 431348.167, 110
Trd, 431349.633, 87
Trd, 431350.583, 84
Trd, 431350.850, 107
Trd, 431351.700, 87
Trd, 431352.233, 104
Trd, 431352.467, 82
Trd, 431353.450, 105
Trd, 431354.650, 104
Trd, 431354.700, 115
Trd, 431355.450, 106
Trd, 431356.367, 103
Trd, 431357.233, 109
Trd, 431357.467, 101
Trd, 431358.900, 89
Trd, 431359.700, 93
Trd, 431360.317, 97
Trd, 431360.533, 94
Trd, 431361.100, 93
Trd, 431361.333, 86
Trd, 431362.333, 105
Trd, 431363.050, 85
Trd, 431363.167, 84
Trd, 431365.067, 108
Trd, 431365.600, 109
Trd, 431366.117, 99
Trd, 431368.167, 113
Trd, 431369.850, 108
Trd, 431369.983, 106
Trd, 431370.583, 114
Trd, 431371.267, 104
Trd, 431371.350, 117
Trd, 431372.050, 103
Trd, 431372.133, 98
Trd, 431372.167, 93
Trd, 431372.717, 96
Trd, 431373.017, 101
Trd, 431374.467, 98
Trd, 431376.067, 104
Trd, 431378.283, 104
Trd, 431378.433, 96
Trd, 431378.450, 93
Trd, 431378.700, 93
Trd, 431379.267, 100
Trd, 431380.300, 109
Trd, 431381.267, 104
Trd, 431381.867, 108
Trd, 431382.283, 106
Trd, 431384.500, 92
Trd, 431386.783, 94
Trd, 431387.200, 96
Trd, 431387.783, 94
Trd, 431389.083, 99
Trd, 431390.367, 102
Trd, 431390.767, 98
Trd, 431390.817, 104
Trd, 431390.900, 109
Trd, 431391.750, 93
Trd, 431393.100, 87
Trd, 431394.250, 107
Trd, 431395.783, 109
Trd, 431396.533, 109
Trd, 431396.933, 106
Trd, 431396.967, 104
Trd, 431397.583, 92
Trd, 431397.700, 89
Trd, 431398.050, 87
Trd, 431399.450, 100
Trd, 431401.000, 103
Trd, 431401.117, 116
Trd, 431401.233, 89
Trd, 431401.983, 99
Trd, 431402.700, 104
Trd, 431402.817, 97
Trd, 431403.133, 125
Trd, 431403.183, 110
Trd, 431403.967, 111
Trd, 431405.517, 110
Trd, 431407.267, 107
Trd, 431409.667, 98
Trd, 431411.833, 95
Trd, 431412.233, 95
Trd, 431412.400, 96
Trd, 431412.533, 106
Trd, 431412.850, 95
Trd, 431413.617, 99
Trd, 431413.717, 93
Trd, 431416.417, 105
Trd, 431416.617, 105
Trd, 431416.800, 91
Trd, 431417.933, 104
Trd, 431419.317, 109
Trd, 431419.617, 107
Trd, 431419.950, 116
Trd, 431420.417, 112
Trd, 431420.900, 105
Trd, 431423.583, 105
Trd, 431424.433, 105
Trd, 431425.233, 104
Trd, 431425.667, 106
Trd, 431425.700, 91
Trd, 431426.433, 92
Trd, 431426.583, 98
Trd, 431426.683, 89
Trd, 431427.117, 91
Trd, 431427.133, 87
Trd, 431428.317, 104
Trd, 431428.967, 95
Trd, 431430.800, 95
Trd, 431431.167, 93
Trd, 431432.483, 106
Trd, 431432.533, 100
Trd, 431432.817, 109
Trd, 431434.300, 109
Trd, 431435.017, 104
Trd, 431435.450, 107
Trd, 431435.500, 114
Trd, 431436.417, 127
Trd, 431436.833, 98
Trd, 431438.283, 98
Trd, 431438.683, 107
Trd, 431438.733, 112
Trd, 431439.533, 106
Trd, 431440.400, 103
Trd, 431441.267, 94
Trd, 431443.300, 106
Trd, 431444.200, 103
Trd, 431444.350, 118
Trd, 431445.000, 104
Trd, 431446.483, 110
Trd, 431446.767, 113
Trd, 431447.267, 97
Trd, 431447.350, 115
Trd, 431448.367, 116
Trd, 431448.783, 121
Trd, 431449.767, 99
Trd, 431450.133, 117
Trd, 431450.350, 94
Trd, 431453.450, 99
Trd, 431453.600, 96
Trd, 431454.267, 105
Trd, 431454.933, 103
Trd, 431455.150, 102
Trd, 431456.550, 104
Trd, 431456.600, 102
Trd, 431457.233, 109
Trd, 431457.983, 99
Trd, 431459.700, 112
Trd, 431459.883, 111
Trd, 431460.733, 109
Trd, 431462.017, 95
Trd, 431462.317, 101
Trd, 431462.333, 89
Trd, 431462.917, 86
Trd, 431463.100, 83
Trd, 431466.283, 110
Trd, 431466.600, 106
Trd, 431466.883, 104
Trd, 431468.750, 108
Trd, 431469.467, 104
Trd, 431470.517, 98
Trd, 431471.883, 97
Trd, 431472.350, 109
Trd, 431472.567, 104
Trd, 431472.900, 109
Trd, 431474.017, 97
Trd, 431475.200, 114
Trd, 431476.083, 107
Trd, 431476.483, 105
Trd, 431476.633, 113
Trd, 431477.517, 104
Trd, 431478.150, 109
Trd, 431478.950, 105
Trd, 431480.283, 109
Trd, 431481.050, 106
Trd, 431481.650, 114
Trd, 431482.267, 115
Trd, 431482.350, 104
Trd, 431482.367, 93
Trd, 431483.367, 90
Trd, 431483.600, 87
Trd, 431483.700, 92
Trd, 431484.600, 106
Trd, 431485.383, 90
Trd, 431487.867, 106
Trd, 431488.633, 91
Trd, 431489.633, 99
Trd, 431490.550, 92
Trd, 431491.283, 105
Trd, 431491.933, 105
Trd, 431492.167, 97
Trd, 431493.017, 97
Trd, 431493.867, 109
Trd, 431494.733, 101
Trd, 431495.033, 114
Trd, 431497.583, 105
Trd, 431497.717, 97
Trd, 431499.667, 119
Trd, 431501.067, 93
Trd, 431502.017, 99
Trd, 431502.200, 91
Trd, 431502.433, 105
Trd, 431502.750, 107
Trd, 431502.800, 89
Trd, 431503.617, 96
Trd, 431503.667, 87
Trd, 431505.167, 108
Trd, 431505.617, 115
Trd, 431506.333, 108
Trd, 431508.167, 112
Trd, 431510.583, 104
Trd, 431510.600, 117
Trd, 431510.700, 103
Trd, 431510.950, 116
Trd, 431512.983, 112
Trd, 431513.033, 105
Trd, 431513.283, 99
Trd, 431514.667, 93
Trd, 431515.033, 105
Trd, 431515.400, 87
Trd, 431515.533, 97
Trd, 431515.867, 87
Trd, 431517.267, 95
Trd, 431517.333, 106
Trd, 431519.033, 90
Trd, 431519.933, 84
Trd, 431520.633, 95
Trd, 431521.350, 106
Trd, 431521.683, 105
Trd, 431523.050, 107
Trd, 431523.767, 105
Trd, 431524.600, 108
Trd, 431524.733, 109
Trd, 431524.817, 104
Trd, 431525.083, 104
Trd, 431525.917, 103
Trd, 431528.317, 100
Trd, 431528.350, 99
Trd, 431528.950, 109
Trd, 431530.000, 116
Trd, 431530.167, 104
Trd, 431532.133, 97
Trd, 431532.700, 106
Trd, 431533.900, 106
Trd, 431535.417, 95
Trd, 431535.533, 94
Trd, 431535.583, 93
Trd, 431536.700, 87
Trd, 431537.067, 112
Trd, 431537.883, 107
Trd, 431538.617, 94
Trd, 431538.767, 93
Trd, 431539.433, 96
Trd, 431540.383, 84
Trd, 431540.400, 93
Trd, 431540.733, 90
Trd, 431541.017, 108
Trd, 431541.050, 106
Trd, 431541.317, 82
Trd, 431546.250, 97
Trd, 431547.583, 105
Trd, 431549.083, 97
Trd, 431549.117, 87
Trd, 431550.217, 108
Trd, 431550.317, 113
Trd, 431551.350, 103
Trd, 431553.617, 98
Trd, 431554.133, 108
Trd, 431554.483, 109
Trd, 431554.583, 115
Trd, 431554.833, 93
Trd, 431555.933, 115
Trd, 431556.033, 114
Trd, 431556.117, 112
Trd, 431556.400, 99
Trd, 431557.467, 106
Trd, 431557.800, 98
Trd, 431559.183, 94
Trd, 431559.750, 122
Trd, 431561.717, 111
Trd, 431562.000, 95
Trd, 431563.967, 94
Trd, 431565.000, 93
Trd, 431565.150, 91
Trd, 431566.033, 109
Trd, 431566.683, 104
Trd, 431567.533, 105
Trd, 431568.433, 101
Trd, 431569.417, 88
Trd, 431569.500, 88
Trd, 431570.267, 104
Trd, 431571.067, 100
Trd, 431572.650, 95
Trd, 431573.067, 100
Trd, 431573.333, 91
Trd, 431573.950, 90
Trd, 431574.167, 107
Trd, 431575.783, 85
Trd, 431575.867, 101
Trd, 431577.500, 100
Trd, 431577.700, 89
Trd, 431579.317, 95
Trd, 431579.367, 93
Trd, 431579.433, 92
Trd, 431579.450, 89
Trd, 431581.083, 104
Trd, 431581.150, 93
Trd, 431583.433, 107
Trd, 431584.000, 107
Trd, 431584.067, 108
Trd, 431585.733, 109
Trd, 431585.817, 116
Trd, 431587.583, 106
Trd, 431589.033, 110
Trd, 431589.517, 107
Trd, 431590.283, 109
Trd, 431591.067, 104
Trd, 431593.550, 98
Trd, 431594.117, 94
Trd, 431594.383, 102
Trd, 431594.567, 93
Trd, 431595.150, 91
Trd, 431595.600, 108
Trd, 431596.083, 88
Trd, 431596.133, 97
Trd, 431597.750, 111
Trd, 431598.867, 87
Trd, 431598.883, 87
Trd, 431599.500, 110
Trd, 431601.233, 104
Trd, 431601.850, 105
Trd, 431602.367, 90
Trd, 431603.333, 96
Trd, 431603.367, 109
Trd, 431603.667, 94
Trd, 431605.867, 93
Trd, 431605.967, 116
Trd, 431608.300, 116
Trd, 431608.700, 103
Trd, 431609.350, 96
Trd, 431609.933, 104
Trd, 431611.733, 111
Trd, 431612.317, 95
Trd, 431612.400, 117
Trd, 431614.150, 98
Trd, 431614.217, 95
Trd, 431615.517, 95
Trd, 431615.600, 93
Trd, 431616.200, 98
Trd, 431617.117, 86
Trd, 431618.383, 107
Trd, 431618.683, 93
Trd, 431618.750, 93
Trd, 431619.917, 111
Trd, 431619.950, 120
Trd, 431621.417, 92
Trd, 431621.633, 112
Trd, 431623.933, 95
Trd, 431625.100, 93
Trd, 431626.867, 106
Trd, 431627.117, 105
Trd, 431627.750, 103
Trd, 431629.733, 100
Trd, 431630.633, 101
Trd, 431631.183, 100
Trd, 431631.700, 93
Trd, 431631.800, 109
Trd, 431632.717, 113
Trd, 431635.500, 118
Trd, 431635.600, 114
Trd, 431635.967, 109
Trd, 431636.533, 108
Trd, 431637.250, 106
Trd, 431637.350, 110
Trd, 431637.850, 104
Trd, 431638.250, 94
Trd, 431639.000, 116
Trd, 431639.083, 126
Trd, 431639.933, 97
Trd, 431640.000, 95
Trd, 431640.967, 111
Trd, 431641.500, 109
Trd, 431642.467, 101
Trd, 431642.850, 114
Trd, 431643.767, 106
Trd, 431643.833, 93
Trd, 431644.400, 114
Trd, 431645.850, 85
Trd, 431647.067, 111
Trd, 431647.300, 104
Trd, 431648.600, 92
Trd, 431648.683, 91
Trd, 431648.950, 90
Trd, 431651.550, 91
Trd, 431651.833, 94
Trd, 431652.600, 105
Trd, 431654.433, 105
Trd, 431654.583, 105
Trd, 431656.483, 106
Trd, 431657.917, 101
Trd, 431658.250, 109
Trd, 431659.150, 117
Trd, 431661.600, 115
Trd, 431661.933, 114
Trd, 431662.333, 98
Trd, 431662.967, 98
Trd, 431663.117, 93
Trd, 431665.183, 111
Trd, 431665.667, 112
Trd, 431666.950, 104
Trd, 431667.767, 96
Trd, 431667.783, 93
Trd, 431667.967, 87
Trd, 431667.983, 108
Trd, 431670.400, 99
Trd, 431671.050, 96
Trd, 431672.300, 100
Trd, 431672.733, 102
Trd, 431673.183, 100
Trd, 431673.917, 91
Trd, 431674.450, 106
Trd, 431675.200, 107
Trd, 431675.350, 103
Trd, 431676.000, 118
Trd, 431676.283, 116
Trd, 431676.317, 104
Trd, 431677.483, 87
Trd, 431677.600, 86
Trd, 431679.083, 94
Trd, 431681.817, 97
Trd, 431682.950, 97
Trd, 431683.217, 100
Trd, 431683.250, 108
Trd, 431683.300, 97
Trd, 431683.900, 109
Trd, 431684.800, 108
Trd, 431685.550, 116
Trd, 431686.417, 112
Trd, 431687.533, 107
Trd, 431688.017, 106
Trd, 431688.117, 97
Trd, 431689.050, 117
Trd, 431690.583, 111
Trd, 431691.683, 112
Trd, 431692.900, 112
Trd, 431693.050, 109
Trd, 431693.617, 104
Trd, 431693.733, 97
Trd, 431694.400, 110
Trd, 431694.850, 94
Trd, 431697.233, 94
Trd, 431698.117, 95
Trd, 431698.217, 95
Trd, 431700.083, 113
Trd, 431700.100, 108
Trd, 431700.533, 107
Trd, 431701.033, 107
Trd, 431701.183, 106
Trd, 431701.683, 113
Trd, 431701.750, 104
Trd, 431704.533, 94
Trd, 431704.733, 103
Trd, 431705.250, 96
Trd, 431706.183, 105
Trd, 431709.167, 104
Trd, 431709.300, 103
Trd, 431710.283, 102
Trd, 431710.883, 99
Trd, 431710.900, 93
Trd, 431713.017, 107
Trd, 431716.033, 109
Trd, 431716.250, 108
Trd, 431716.267, 101
Trd, 431717.817, 107
Trd, 431718.900, 105
Trd, 431719.217, 104
Trd, 431719.350, 109
Trd, 431721.033, 108
Trd, 431722.050, 93
Trd, 431722.167, 88
Trd, 431723.433, 113
Trd, 431723.450, 115
Trd, 431724.717, 109
Trd, 431725.050, 116
Trd, 431726.367, 100
Trd, 431726.933, 103
Trd, 431727.367, 113
Trd, 431727.450, 106
Trd, 431727.550, 106
Trd, 431727.633, 94
Trd, 431728.067, 93
Trd, 431729.100, 97
Trd, 431729.917, 105
Trd, 431730.500, 88
Trd, 431732.133, 111
Trd, 431732.233, 110
Trd, 431733.750, 108
Trd, 431734.633, 101
Trd, 431735.633, 94
Trd, 431737.000, 97
Trd, 431737.017, 98
Trd, 431738.750, 107
Trd, 431739.033, 101
Trd, 431740.600, 108
Trd, 431740.717, 100
Trd, 431741.017, 94
Trd, 431741.533, 109
Trd, 431741.683, 93
Trd, 431743.750, 109
Trd, 431745.633, 101
Trd, 431745.983, 100
Trd, 431747.217, 93
Trd, 431747.233, 105
Trd, 431747.650, 116
Trd, 431747.700, 101
Trd, 431748.250, 112
Trd, 431750.150, 113
Trd, 431751.050, 95
Trd, 431752.333, 102
Trd, 431752.700, 94
Trd, 431753.350, 94
Trd, 431753.700, 93
Trd, 431754.217, 93
Trd, 431754.833, 104
Trd, 431755.050, 108
Trd, 431755.467, 95
Trd, 431756.300, 109
Trd, 431757.167, 104
Trd, 431760.383, 108
Trd, 431760.617, 107
Trd, 431760.917, 109
Trd, 431761.450, 104
Trd, 431764.233, 92
Trd, 431764.250, 106
Trd, 431764.800, 109
Trd, 431765.217, 95
Trd, 431765.983, 90
Trd, 431767.150, 91
Trd, 431767.383, 95
Trd, 431767.667, 100
Trd, 431768.450, 112
Trd, 431768.567, 120
Trd, 431769.100, 101
Trd, 431769.117, 100
Trd, 431771.683, 101
Trd, 431773.267, 99
Trd, 431773.283, 104
Trd, 431774.300, 105
Trd, 431774.333, 103
Trd, 431775.883, 104
Trd, 431776.033, 117
Trd, 431777.000, 103
Trd, 431778.617, 94
Trd, 431781.983, 104
Trd, 431782.100, 93
Trd, 431783.050, 109
Trd, 431784.083, 105
Trd, 431784.217, 98
Trd, 431784.633, 94
Trd, 431785.350, 102
Trd, 431786.167, 97
Trd, 431786.200, 96
Trd, 431787.933, 101
Trd, 431788.967, 98
Trd, 431789.217, 111
Trd, 431790.833, 98
Trd, 431794.033, 104
Trd, 431794.117, 109
Trd, 431794.350, 104
Trd, 431795.450, 102
Trd, 431796.367, 111
Trd, 431796.817, 105
Trd, 431797.867, 101
Trd, 431798.350, 100
Trd, 431798.600, 111
Trd, 431799.450, 109
Trd, 431800.333, 93
Trd, 431800.383, 93
Trd, 431801.350, 114
Trd, 431802.367, 93
Trd, 431802.817, 97
Trd, 431803.333, 87
Trd, 431803.483, 102
Trd, 431804.750, 91
Trd, 431805.133, 93
Trd, 431805.967, 109
Trd, 431806.333, 107
Trd, 431807.150, 85
Trd, 431807.833, 108
Trd, 431808.083, 106
Trd, 431810.050, 114
Trd, 431811.300, 107
Trd, 431813.033, 116
Trd, 431813.600, 106
Trd, 431813.717, 120
Trd, 431814.033, 104
Trd, 431814.700, 93
Trd, 431814.817, 81
Trd, 431817.183, 96
Trd, 431818.117, 109
Trd, 431818.283, 104
Trd, 431819.050, 90
Trd, 431819.483, 87
Trd, 431819.867, 105
Trd, 431820.783, 105
Trd, 431820.983, 109
Trd, 431822.883, 109
Trd, 431824.067, 103
Trd, 431824.667, 94
Trd, 431825.167, 93
Trd, 431826.183, 92
Trd, 431826.383, 90
Trd, 431826.833, 86
Trd, 431827.267, 85
Trd, 431827.933, 102
Trd, 431830.050, 98
Trd, 431830.567, 108
Trd, 431830.667, 112
Trd, 431832.900, 104
Trd, 431834.283, 98
Trd, 431834.350, 105
Trd, 431834.683, 99
Trd, 431834.700, 109
Trd, 431835.233, 98
Trd, 431835.933, 93
Trd, 431836.367, 97
Trd, 431838.167, 104
Trd, 431839.750, 112
Trd, 431839.783, 109
Trd, 431839.933, 104
Trd, 431841.617, 93
Trd, 431842.117, 109
Trd, 431842.883, 116
Trd, 431843.200, 117
Trd, 431843.333, 108
Trd, 431843.750, 109
Trd, 431844.633, 103
Trd, 431845.600, 100
Trd, 431846.000, 98
Trd, 431846.050, 104
Trd, 431847.717, 109
Trd, 431849.583, 112
Trd, 431850.767, 117
Trd, 431850.917, 109
Trd, 431851.383, 104
Trd, 431854.000, 93
Trd, 431855.267, 94
Trd, 431855.917, 93
Trd, 431857.783, 94
Trd, 431857.817, 93
Trd, 431858.200, 88
Trd, 431859.717, 95
Trd, 431860.667, 105
Trd, 431861.267, 86
Trd, 431861.283, 84
Trd, 431861.533, 94
Trd, 431864.083, 87
Trd, 431864.133, 81
Trd, 431865.200, 109
Trd, 431865.283, 116
Trd, 431865.333, 106
Trd, 431865.650, 105
Trd, 431865.950, 118
Trd, 431866.733, 104
Trd, 431868.417, 101
Trd, 431868.933, 100
Trd, 431871.117, 107
Trd, 431871.383, 95
Trd, 431871.450, 93
Trd, 431872.933, 104
Trd, 431873.267, 92
Trd, 431873.717, 109
Trd, 431875.300, 101
Trd, 431875.333, 115
Trd, 431876.033, 115
Trd, 431877.067, 106
Trd, 431877.817, 104
Trd, 431878.033, 111
Trd, 431878.617, 99
Trd, 431879.900, 105
Trd, 431881.983, 106
Trd, 431882.333, 109
Trd, 431882.533, 105
Trd, 431882.950, 113
Trd, 431883.217, 106
Trd, 431883.500, 99
Trd, 431884.633, 95
Trd, 431885.217, 108
Trd, 431885.483, 93
Trd, 431885.900, 101
Trd, 431888.633, 106
Trd, 431889.167, 107
Trd, 431889.867, 104
Trd, 431890.433, 93
Trd, 431891.167, 105
Trd, 431891.800, 106
Trd, 431892.850, 109
Trd, 431893.733, 97
Trd, 431896.567, 106
Trd, 431897.467, 97
Trd, 431897.500, 98
Trd, 431898.117, 113
Trd, 431898.150, 103
Trd, 431898.333, 119
Trd, 431898.683, 102
Trd, 431899.617, 120
Trd, 431899.733, 106
Trd, 431899.850, 89
Trd, 431900.583, 89
Trd, 431901.767, 100
Trd, 431902.200, 108
Trd, 431903.300, 88
Trd, 431903.633, 94
Trd, 431903.667, 87
Trd, 431903.817, 96
Trd, 431905.733, 105
Trd, 431906.400, 108
Trd, 431907.167, 104
Trd, 431907.200, 93
Trd, 431907.483, 88
Trd, 431907.533, 109
Trd, 431908.000, 113
Trd, 431908.967, 101
Trd, 431909.533, 114
Trd, 431911.833, 116
Trd, 431912.050, 112
Trd, 431914.333, 115
Trd, 431914.400, 113
Trd, 431914.450, 112
Trd, 431915.033, 104
Trd, 431916.683, 105
Trd, 431917.100, 95
Trd, 431918.267, 95
Trd, 431919.800, 109
Trd, 431920.583, 93
Trd, 431922.483, 104
Trd, 431923.700, 111
Trd, 431923.967, 115
Trd, 431924.250, 98
Trd, 431924.450, 89
Trd, 431924.950, 96
Trd, 431926.650, 102
Trd, 431926.783, 95
Trd, 431929.383, 117
Trd, 431930.050, 111
Trd, 431930.183, 106
Trd, 431931.333, 104
Trd, 431934.233, 88
Trd, 431934.750, 87
Trd, 431935.817, 95
Trd, 431936.200, 97
Trd, 431936.500, 94
Trd, 431936.583, 91
Trd, 431936.817, 106
Trd, 431937.367, 90
Trd, 431939.217, 89
Trd, 431940.100, 88
Trd, 431940.250, 91
Trd, 431940.283, 87
Trd, 431940.933, 96
Trd, 431941.083, 103
Trd, 431941.417, 112
Trd, 431942.933, 83
Trd, 431943.183, 84
Trd, 431943.900, 85
Trd, 431945.250, 109
Trd, 431946.367, 106
Trd, 431947.383, 93
Trd, 431950.100, 102
Trd, 431950.117, 106
Trd, 431950.817, 108
Trd, 431951.967, 112
Trd, 431952.067, 104
Trd, 431952.350, 116
Trd, 431954.000, 109
Trd, 431955.050, 109
Trd, 431956.117, 107
Trd, 431956.167, 105
Trd, 431957.350, 102
Trd, 431957.850, 101
Trd, 431958.217, 109
Trd, 431958.617, 108
Trd, 431959.050, 95
Trd, 431959.817, 93
Trd, 431960.250, 89
Trd, 431960.317, 93
Trd, 431960.983, 100
Trd, 431962.750, 104
Trd, 431963.933, 109
Trd, 431964.250, 103
Trd, 431965.083, 104
Trd, 431967.333, 114
Trd, 431967.633, 96
Trd, 431967.917, 105
Trd, 431968.133, 104
Trd, 431969.017, 90
Trd, 431970.717, 99
Trd, 431970.783, 98
Trd, 431971.167, 107
Trd, 431973.083, 99
Trd, 431973.467, 109
Trd, 431977.100, 103
Trd, 431977.300, 104
Trd, 431977.400, 107
Trd, 431977.517, 109
Trd, 431978.633, 96
Trd, 431978.983, 107
Trd, 431979.850, 91
Trd, 431980.817, 90
Trd, 431981.650, 93
Trd, 431982.300, 87
Trd, 431982.567, 101
Trd, 431983.833, 96
Trd, 431984.967, 99
Trd, 431985.000, 101
Trd, 431985.050, 96
Trd, 431985.833, 109
Trd, 431987.700, 102
Trd, 431989.117, 103
Trd, 431990.083, 87
Trd, 431990.683, 88
Trd, 431990.717, 100
Trd, 431992.083, 107
Trd, 431992.850, 99
Trd, 431993.333, 107
Trd, 431993.900, 92
Trd, 431994.200, 109
Trd, 431994.467, 116
Trd, 431994.583, 102
Trd, 431996.083, 123
Trd, 431996.417, 106
Trd, 431998.033, 100
Trd, 431998.350, 106
Trd, 431999.267, 115
Trd, 431999.317, 112
