Trd, 430619.200, 91
Trd, 430620.283, 92
Trd, 430621.250, 91
Trd, 430621.683, 98
Trd, 430621.917, 100
Trd, 430622.633, 109
Trd, 430622.950, 115
Trd, 430623.250, 86
Trd, 430623.833, 93
Trd, 430625.533, 104
Trd, 430627.783, 109
Trd, 430628.683, 101
Trd, 430628.950, 101
Trd, 430629.450, 96
Trd, 430630.933, 93
Trd, 430631.967, 104
Trd, 430632.033, 106
Trd, 430632.900, 91
Trd, 430634.067, 92
Trd, 430635.633, 90
Trd, 430635.867, 97
Trd, 430636.183, 97
Trd, 430636.350, 99
Trd, 430636.633, 90
Trd, 430637.083, 103
Trd, 430637.500, 106
Trd, 430637.800, 97
Trd, 430639.333, 91
Trd, 430640.617, 87
Trd, 430642.500, 109
Trd, 430644.933, 109
Trd, 430647.750, 104
Trd, 430647.850, 112
Trd, 430649.300, 104
Trd, 430649.400, 108
Trd, 430649.533, 105
Trd, 430649.817, 101
Trd, 430650.950, 95
Trd, 430651.950, 114
Trd, 430653.117, 106
Trd, 430653.133, 106
Trd, 430654.083, 105
Trd, 430655.350, 107
Trd, 430655.600, 100
Trd, 430656.033, 98
Trd, 430656.083, 92
Trd, 430656.667, 86
Trd, 430656.800, 92
Trd, 430658.683, 105
Trd, 430661.333, 109
Trd, 430661.783, 100
Trd, 430662.283, 95
Trd, 430662.667, 106
Trd, 430663.083, 94
Trd, 430663.317, 87
Trd, 430663.917, 96
Trd, 430666.083, 108
Trd, 430666.383, 112
Trd, 430667.617, 115
Trd, 430669.117, 108
Trd, 430669.200, 101
Trd, 430669.833, 101
Trd, 430671.033, 102
Trd, 430672.017, 106
Trd, 430673.817, 95
Trd, 430674.383, 108
Trd, 430674.433, 102
Trd, 430677.617, 101
Trd, 430677.800, 106
Trd, 430678.200, 108
Trd, 430678.600, 104
Trd, 430678.750, 98
Trd, 430678.850, 93
Trd, 430679.500, 109
Trd, 430679.767, 115
Trd, 430680.733, 105
Trd, 430681.217, 97
Trd, 430681.600, 108
Trd, 430682.667, 97
Trd, 430682.767, 117
Trd, 430683.317, 116
Trd, 430684.167, 95
Trd, 430684.500, 104
Trd, 430687.717, 106
Trd, 430688.300, 101
Trd, 430689.150, 95
Trd, 430689.783, 93
Trd, 430691.100, 91
Trd, 430691.333, 106
Trd, 430691.750, 103
Trd, 430692.550, 96
Trd, 430692.900, 96
Trd, 430693.083, 92
Trd, 430694.033, 90
Trd, 430694.817, 99
Trd, 430695.200, 104
Trd, 430695.450, 114
Trd, 430697.367, 86
Trd, 430697.433, 85
Trd, 430698.500, 113
Trd, 430698.667, 99
Trd, 430699.100, 105
Trd, 430699.717, 115
Trd, 430700.667, 118
Trd, 430700.817, 125
Trd, 430701.500, 95
Trd, 430702.850, 109
Trd, 430703.733, 109
Trd, 430704.467, 108
Trd, 430706.200, 95
Trd, 430707.283, 103
Trd, 430707.717, 106
Trd, 430709.350, 101
Trd, 430710.833, 100
Trd, 430711.533, 109
Trd, 430713.083, 109
Trd, 430714.650, 112
Trd, 430715.200, 104
Trd, 430715.233, 101
Trd, 430716.033, 105
Trd, 430716.567, 113
Trd, 430718.150, 108
Trd, 430718.183, 110
Trd, 430718.500, 98
Trd, 430719.033, 95
Trd, 430719.950, 113
Trd, 430720.350, 105
Trd, 430721.650, 105
Trd, 430722.067, 93
Trd, 430723.033, 115
Trd, 430723.683, 101
Trd, 430723.900, 100
Trd, 430725.733, 117
Trd, 430726.083, 87
Trd, 430726.867, 103
Trd, 430727.233, 128
Trd, 430729.500, 105
Trd, 430729.567, 99
Trd, 430730.000, 122
Trd, 430730.483, 98
Trd, 430732.433, 101
Trd, 430733.967, 101
Trd, 430734.433, 97
Trd, 430736.250, 101
Trd, 430736.467, 97
Trd, 430737.467, 95
Trd, 430738.500, 105
Trd, 430738.683, 106
Trd, 430740.867, 111
Trd, 430741.517, 113
Trd, 430742.400, 104
Trd, 430743.467, 107
Trd, 430743.833, 101
Trd, 430744.417, 109
Trd, 430744.900, 115
Trd, 430744.917, 117
Trd, 430747.000, 105
Trd, 430747.283, 99
Trd, 430749.767, 119
Trd, 430749.850, 114
Trd, 430749.933, 109
Trd, 430752.783, 103
Trd, 430753.883, 96
Trd, 430755.150, 97
Trd, 430755.167, 111
Trd, 430755.917, 95
Trd, 430757.317, 94
Trd, 430757.450, 86
Trd, 430758.083, 95
Trd, 430758.367, 94
Trd, 430758.617, 105
Trd, 430759.700, 101
Trd, 430759.733, 100
Trd, 430760.100, 109
Trd, 430764.333, 104
Trd, 430765.800, 100
Trd, 430766.533, 110
Trd, 430768.117, 92
Trd, 430768.700, 90
Trd, 430769.217, 104
Trd, 430769.467, 106
Trd, 430770.017, 100
Trd, 430770.467, 119
Trd, 430770.483, 96
Trd, 430771.150, 119
Trd, 430771.933, 93
Trd, 430772.100, 91
Trd, 430772.283, 92
Trd, 430774.783, 109
Trd, 430776.067, 98
Trd, 430776.667, 109
Trd, 430776.933, 106
Trd, 430777.367, 106
Trd, 430777.667, 93
Trd, 430778.250, 95
Trd, 430779.917, 97
Trd, 430780.267, 97
Trd, 430780.517, 106
Trd, 430781.600, 95
Trd, 430783.983, 89
Trd, 430784.167, 87
Trd, 430784.850, 92
Trd, 430784.967, 110
Trd, 430785.600, 115
Trd, 430785.783, 120
Trd, 430786.850, 80
Trd, 430789.200, 93
Trd, 430790.283, 94
Trd, 430790.383, 106
Trd, 430790.467, 108
Trd, 430790.917, 111
Trd, 430791.083, 109
Trd, 430792.317, 108
Trd, 430792.633, 93
Trd, 430793.767, 104
Trd, 430794.050, 93
Trd, 430794.083, 113
Trd, 430794.933, 100
Trd, 430795.417, 109
Trd, 430795.450, 100
Trd, 430795.467, 92
Trd, 430797.933, 93
Trd, 430798.950, 110
Trd, 430800.800, 93
Trd, 430801.933, 110
Trd, 430803.917, 104
Trd, 430804.300, 101
Trd, 430804.533, 101
Trd, 430804.633, 105
Trd, 430806.367, 97
Trd, 430806.967, 95
Trd, 430807.600, 95
Trd, 430808.900, 115
Trd, 430808.983, 110
Trd, 430809.933, 101
Trd, 430811.300, 115
Trd, 430813.483, 104
Trd, 430814.867, 98
Trd, 430815.700, 95
Trd, 430816.383, 96
Trd, 430816.800, 95
Trd, 430818.083, 101
Trd, 430818.933, 107
Trd, 430820.017, 101
Trd, 430821.333, 109
Trd, 430822.167, 108
Trd, 430822.500, 95
Trd, 430822.667, 93
Trd, 430823.583, 87
Trd, 430823.750, 113
Trd, 430824.150, 115
Trd, 430824.167, 103
Trd, 430824.767, 109
Trd, 430826.183, 98
Trd, 430826.767, 110
Trd, 430827.567, 93
Trd, 430827.933, 87
Trd, 430828.317, 101
Trd, 430828.667, 88
Trd, 430830.117, 100
Trd, 430831.817, 102
Trd, 430832.333, 106
Trd, 430832.550, 101
Trd, 430832.800, 98
Trd, 430832.983, 104
Trd, 430835.400, 98
Trd, 430835.433, 116
Trd, 430837.400, 100
Trd, 430838.083, 100
Trd, 430838.900, 103
Trd, 430839.050, 95
Trd, 430839.067, 111
Trd, 430839.083, 118
Trd, 430840.550, 103
Trd, 430841.450, 93
Trd, 430841.617, 106
Trd, 430843.317, 106
Trd, 430843.433, 113
Trd, 430843.933, 105
Trd, 430845.350, 124
Trd, 430845.533, 100
Trd, 430845.917, 98
Trd, 430846.567, 98
Trd, 430847.500, 114
Trd, 430847.850, 100
Trd, 430848.050, 93
Trd, 430848.500, 95
Trd, 430848.767, 120
Trd, 430851.833, 114
Trd, 430851.883, 114
Trd, 430852.417, 117
Trd, 430853.083, 101
Trd, 430855.767, 109
Trd, 430857.200, 97
Trd, 430857.933, 97
Trd, 430858.333, 99
Trd, 430858.583, 101
Trd, 430859.300, 98
Trd, 430860.433, 97
Trd, 430861.617, 97
Trd, 430862.683, 101
Trd, 430862.717, 97
Trd, 430863.367, 108
Trd, 430864.033, 105
Trd, 430866.183, 111
Trd, 430867.483, 102
Trd, 430867.533, 111
Trd, 430868.833, 100
Trd, 430868.983, 106
Trd, 430869.783, 108
Trd, 430869.917, 95
Trd, 430871.233, 96
Trd, 430871.550, 92
Trd, 430873.683, 103
Trd, 430875.517, 98
Trd, 430875.967, 99
Trd, 430876.367, 97
Trd, 430877.200, 104
Trd, 430877.650, 107
Trd, 430877.750, 90
Trd, 430878.633, 87
Trd, 430880.583, 115
Trd, 430880.917, 91
Trd, 430882.517, 101
Trd, 430883.083, 105
Trd, 430883.267, 92
Trd, 430883.517, 106
Trd, 430884.050, 113
Trd, 430885.700, 112
Trd, 430886.300, 103
Trd, 430888.267, 109
Trd, 430888.617, 115
Trd, 430888.733, 115
Trd, 430889.400, 102
Trd, 430889.433, 99
Trd, 430889.700, 112
Trd, 430889.800, 92
Trd, 430892.983, 95
Trd, 430893.450, 95
Trd, 430893.500, 94
Trd, 430895.017, 106
Trd, 430895.533, 105
Trd, 430895.783, 101
Trd, 430896.417, 115
Trd, 430899.150, 101
Trd, 430899.400, 101
Trd, 430900.067, 112
Trd, 430900.750, 117
Trd, 430902.683, 101
Trd, 430903.317, 110
Trd, 430903.617, 110
Trd, 430903.850, 103
Trd, 430904.467, 106
Trd, 430904.700, 95
Trd, 430905.650, 106
Trd, 430906.367, 115
Trd, 430906.900, 103
Trd, 430907.283, 100
Trd, 430908.500, 101
Trd, 430909.100, 101
Trd, 430909.600, 98
Trd, 430909.850, 97
Trd, 430910.717, 95
Trd, 430910.767, 92
Trd, 430911.667, 94
Trd, 430914.567, 98
Trd, 430915.533, 111
Trd, 430915.633, 115
Trd, 430915.883, 117
Trd, 430919.400, 108
Trd, 430920.650, 114
Trd, 430921.033, 102
Trd, 430921.417, 102
Trd, 430921.683, 125
Trd, 430922.417, 107
Trd, 430922.517, 102
Trd, 430923.817, 101
Trd, 430923.933, 97
Trd, 430924.350, 101
Trd, 430925.767, 95
Trd, 430926.350, 95
Trd, 430926.883, 99
Trd, 430928.550, 96
Trd, 430928.667, 106
Trd, 430930.917, 96
Trd, 430931.233, 97
Trd, 430932.350, 97
Trd, 430932.667, 107
Trd, 430933.300, 93
Trd, 430934.033, 110
Trd, 430934.717, 109
Trd, 430935.417, 98
Trd, 430936.050, 104
Trd, 430936.133, 104
Trd, 430936.317, 96
Trd, 430937.300, 108
Trd, 430937.367, 110
Trd, 430938.167, 115
Trd, 430940.667, 99
Trd, 430940.683, 95
Trd, 430940.867, 93
Trd, 430941.317, 88
Trd, 430942.217, 101
Trd, 430943.383, 114
Trd, 430944.017, 98
Trd, 430945.550, 100
Trd, 430945.767, 110
Trd, 430945.900, 101
Trd, 430945.933, 98
Trd, 430947.400, 93
Trd, 430949.533, 95
Trd, 430950.117, 115
Trd, 430950.633, 117
Trd, 430950.733, 109
Trd, 430951.400, 97
Trd, 430951.683, 95
Trd, 430952.717, 109
Trd, 430955.050, 123
Trd, 430955.783, 111
Trd, 430956.017, 120
Trd, 430956.433, 101
Trd, 430956.617, 106
Trd, 430959.433, 101
Trd, 430961.400, 104
Trd, 430961.467, 99
Trd, 430961.950, 93
Trd, 430962.417, 97
Trd, 430962.633, 109
Trd, 430963.650, 87
Trd, 430964.150, 98
Trd, 430965.300, 112
Trd, 430965.517, 117
Trd, 430966.900, 102
Trd, 430968.317, 101
Trd, 430968.567, 115
Trd, 430969.067, 114
Trd, 430970.833, 94
Trd, 430971.150, 109
Trd, 430972.067, 96
Trd, 430972.933, 106
Trd, 430973.350, 98
Trd, 430973.500, 95
Trd, 430974.550, 105
Trd, 430975.683, 93
Trd, 430977.383, 100
Trd, 430977.617, 121
Trd, 430978.633, 93
Trd, 430978.667, 96
Trd, 430980.767, 118
Trd, 430981.083, 111
Trd, 430981.317, 93
Trd, 430981.767, 116
Trd, 430982.417, 98
Trd, 430983.783, 90
Trd, 430983.867, 109
Trd, 430985.117, 101
Trd, 430985.183, 105
Trd, 430987.583, 105
Trd, 430988.000, 106
Trd, 430989.500, 105
Trd, 430990.350, 96
Trd, 430990.433, 110
Trd, 430990.717, 98
Trd, 430991.400, 99
Trd, 430992.333, 107
Trd, 430992.867, 99
Trd, 430993.483, 98
Trd, 430993.900, 107
Trd, 430994.133, 100
Trd, 430994.333, 115
Trd, 430994.767, 96
Trd, 430997.317, 102
Trd, 430998.450, 101
Trd, 430998.550, 105
Trd, 430999.850, 95
Trd, 431000.583, 105
Trd, 431000.633, 93
Trd, 431000.933, 110
Trd, 431001.000, 115
Trd, 431003.567, 98
Trd, 431003.717, 98
Trd, 431004.867, 99
Trd, 431005.967, 95
Trd, 431006.433, 93
Trd, 431007.733, 95
Trd, 431008.183, 104
Trd, 431008.483, 106
Trd, 431009.067, 115
Trd, 431010.117, 106
Trd, 431010.283, 109
Trd, 431012.033, 105
Trd, 431012.283, 108
Trd, 431012.550, 92
Trd, 431014.033, 97
Trd, 431015.767, 115
Trd, 431017.450, 99
Trd, 431018.250, 107
Trd, 431018.783, 101
Trd, 431019.300, 105
Trd, 431020.683, 97
Trd, 431022.083, 111
Trd, 431022.633, 98
Trd, 431023.633, 101
Trd, 431023.683, 95
Trd, 431024.267, 101
Trd, 431024.567, 109
Trd, 431024.767, 115
Trd, 431027.700, 101
Trd, 431027.933, 109
Trd, 431028.783, 106
Trd, 431029.100, 110
Trd, 431029.283, 103
Trd, 431029.600, 101
Trd, 431031.800, 103
Trd, 431032.417, 101
Trd, 431033.100, 102
Trd, 431034.017, 100
Trd, 431034.717, 95
Trd, 431035.067, 106
Trd, 431036.117, 116
Trd, 431036.533, 96
Trd, 431037.583, 96
Trd, 431039.583, 94
Trd, 431039.717, 108
Trd, 431040.400, 117
Trd, 431040.767, 103
Trd, 431040.800, 93
Trd, 431041.350, 111
Trd, 431041.533, 96
Trd, 431042.667, 99
Trd, 431044.817, 101
Trd, 431044.983, 107
Trd, 431045.983, 97
Trd, 431048.000, 100
Trd, 431048.017, 100
Trd, 431050.033, 109
Trd, 431050.183, 111
Trd, 431050.683, 104
Trd, 431050.750, 95
Trd, 431051.217, 95
Trd, 431053.033, 97
Trd, 431054.883, 107
Trd, 431055.767, 101
Trd, 431055.983, 115
Trd, 431056.317, 99
Trd, 431056.933, 103
Trd, 431057.217, 95
Trd, 431058.367, 115
Trd, 431060.267, 101
Trd, 431060.400, 93
Trd, 431060.583, 102
Trd, 431061.133, 104
Trd, 431062.167, 108
Trd, 431062.583, 107
Trd, 431063.083, 102
Trd, 431063.933, 107
Trd, 431064.850, 98
Trd, 431065.400, 98
Trd, 431065.500, 95
Trd, 431070.200, 105
Trd, 431070.383, 98
Trd, 431070.567, 113
Trd, 431071.667, 111
Trd, 431072.283, 111
Trd, 431073.183, 95
Trd, 431074.517, 107
Trd, 431074.550, 109
Trd, 431074.600, 92
Trd, 431074.900, 108
Trd, 431075.167, 100
Trd, 431076.833, 110
Trd, 431077.683, 119
Trd, 431078.167, 119
Trd, 431078.633, 101
Trd, 431081.900, 95
Trd, 431083.017, 87
Trd, 431084.367, 104
Trd, 431084.667, 97
Trd, 431084.717, 94
Trd, 431086.383, 106
Trd, 431086.417, 109
Trd, 431086.900, 96
Trd, 431088.517, 122
Trd, 431088.550, 107
Trd, 431088.667, 101
Trd, 431089.717, 108
Trd, 431091.167, 117
Trd, 431091.283, 101
Trd, 431091.883, 108
Trd, 431091.917, 98
Trd, 431092.717, 95
Trd, 431093.483, 114
Trd, 431094.600, 106
Trd, 431095.317, 104
Trd, 431096.500, 115
Trd, 431097.683, 114
Trd, 431099.300, 115
Trd, 431099.700, 106
Trd, 431100.033, 99
Trd, 431100.133, 119
Trd, 431100.367, 96
Trd, 431100.533, 95
Trd, 431101.017, 93
Trd, 431101.850, 93
Trd, 431104.350, 96
Trd, 431104.700, 88
Trd, 431105.100, 98
Trd, 431105.583, 112
Trd, 431107.633, 101
Trd, 431107.933, 103
Trd, 431108.417, 118
Trd, 431109.400, 114
Trd, 431109.450, 114
Trd, 431110.383, 94
Trd, 431110.467, 117
Trd, 431110.867, 95
Trd, 431111.600, 92
Trd, 431112.217, 112
Trd, 431114.233, 100
Trd, 431115.517, 108
Trd, 431115.583, 115
Trd, 431115.950, 101
Trd, 431117.600, 136
Trd, 431118.467, 110
Trd, 431121.233, 101
Trd, 431121.933, 104
Trd, 431122.200, 95
Trd, 431123.433, 96
Trd, 431123.617, 98
Trd, 431123.817, 93
Trd, 431123.983, 109
Trd, 431124.033, 89
Trd, 431127.083, 113
Trd, 431127.500, 96
Trd, 431127.950, 106
Trd, 431129.133, 95
Trd, 431129.350, 105
Trd, 431130.783, 95
Trd, 431130.933, 104
Trd, 431131.250, 91
Trd, 431132.167, 109
Trd, 431133.150, 97
Trd, 431133.283, 98
Trd, 431134.250, 110
Trd, 431135.050, 102
Trd, 431137.633, 109
Trd, 431137.783, 101
Trd, 431138.617, 108
Trd, 431138.700, 109
Trd, 431139.367, 98
Trd, 431139.750, 95
Trd, 431140.617, 92
Trd, 431140.700, 95
Trd, 431141.750, 106
Trd, 431141.817, 95
Trd, 431142.933, 115
Trd, 431143.917, 109
Trd, 431145.617, 99
Trd, 431147.133, 91
Trd, 431148.467, 99
Trd, 431149.883, 105
Trd, 431150.250, 105
Trd, 431152.967, 109
Trd, 431153.383, 109
Trd, 431154.167, 110
Trd, 431154.483, 98
Trd, 431155.367, 95
Trd, 431156.133, 93
Trd, 431156.433, 92
Trd, 431156.567, 87
Trd, 431156.833, 103
Trd, 431157.083, 106
Trd, 431157.517, 100
Trd, 431158.633, 114
Trd, 431159.167, 100
Trd, 431160.067, 98
Trd, 431161.950, 100
Trd, 431163.150, 110
Trd, 431163.800, 96
Trd, 431166.483, 108
Trd, 431167.650, 102
Trd, 431168.467, 95
Trd, 431168.983, 115
Trd, 431169.100, 111
Trd, 431169.967, 108
Trd, 431170.233, 96
Trd, 431170.417, 94
Trd, 431171.217, 86
Trd, 431171.417, 95
Trd, 431172.333, 95
Trd, 431172.483, 113
Trd, 431173.117, 115
Trd, 431174.233, 93
Trd, 431175.017, 112
Trd, 431175.450, 101
Trd, 431175.617, 111
Trd, 431175.817, 105
Trd, 431176.983, 101
Trd, 431179.950, 95
Trd, 431180.200, 109
Trd, 431180.450, 101
Trd, 431180.717, 117
Trd, 431181.017, 100
Trd, 431181.100, 124
Trd, 431181.867, 110
Trd, 431182.417, 97
Trd, 431183.533, 114
Trd, 431184.867, 115
Trd, 431185.033, 104
Trd, 431187.767, 113
Trd, 431188.083, 101
Trd, 431188.317, 101
Trd, 431189.117, 97
Trd, 431189.617, 101
Trd, 431189.817, 115
Trd, 431190.367, 95
Trd, 431191.367, 105
Trd, 431192.017, 93
Trd, 431192.650, 115
Trd, 431193.567, 90
Trd, 431193.833, 88
Trd, 431194.667, 107
Trd, 431194.900, 93
Trd, 431196.117, 97
Trd, 431197.317, 91
Trd, 431197.633, 112
Trd, 431198.150, 120
Trd, 431199.617, 105
Trd, 431200.167, 106
Trd, 431201.950, 90
Trd, 431202.033, 97
Trd, 431203.183, 109
Trd, 431203.383, 97
Trd, 431204.550, 100
Trd, 431205.750, 109
Trd, 431206.933, 102
Trd, 431207.417, 97
Trd, 431207.783, 96
Trd, 431208.950, 95
Trd, 431209.033, 93
Trd, 431209.050, 87
Trd, 431209.900, 79
Trd, 431211.517, 96
Trd, 431213.033, 92
Trd, 431213.283, 104
Trd, 431213.900, 102
Trd, 431214.117, 107
Trd, 431214.567, 98
Trd, 431215.167, 110
Trd, 431215.267, 102
Trd, 431215.833, 115
Trd, 431217.350, 106
Trd, 431217.517, 101
Trd, 431219.467, 87
Trd, 431219.850, 86
Trd, 431220.083, 109
Trd, 431221.417, 108
Trd, 431221.783, 106
Trd, 431222.633, 103
Trd, 431223.550, 98
Trd, 431224.150, 103
Trd, 431224.567, 118
Trd, 431224.983, 101
Trd, 431225.417, 97
Trd, 431225.867, 100
Trd, 431228.167, 111
Trd, 431228.717, 112
Trd, 431230.283, 97
Trd, 431230.983, 110
Trd, 431231.083, 101
Trd, 431231.133, 95
Trd, 431231.617, 95
Trd, 431231.683, 95
Trd, 431232.150, 121
Trd, 431232.733, 100
Trd, 431234.067, 94
Trd, 431234.233, 93
Trd, 431234.567, 92
Trd, 431238.517, 105
Trd, 431239.000, 104
Trd, 431239.067, 104
Trd, 431239.233, 106
Trd, 431239.617, 97
Trd, 431241.167, 101
Trd, 431241.217, 98
Trd, 431241.950, 106
Trd, 431243.433, 98
Trd, 431243.783, 87
Trd, 431244.700, 105
Trd, 431245.683, 105
Trd, 431245.767, 95
Trd, 431248.517, 101
Trd, 431248.750, 102
Trd, 431249.900, 96
Trd, 431250.850, 93
Trd, 431251.233, 106
Trd, 431251.317, 100
Trd, 431252.383, 99
Trd, 431253.450, 117
Trd, 431253.567, 113
Trd, 431255.150, 101
Trd, 431255.683, 100
Trd, 431256.950, 99
Trd, 431257.017, 99
Trd, 431258.167, 103
Trd, 431258.550, 104
Trd, 431259.000, 95
Trd, 431259.017, 91
Trd, 431260.133, 115
Trd, 431260.483, 116
Trd, 431263.250, 101
Trd, 431263.550, 101
Trd, 431264.117, 99
Trd, 431264.167, 96
Trd, 431265.800, 95
Trd, 431265.867, 93
Trd, 431266.617, 110
Trd, 431267.600, 101
Trd, 431267.833, 113
Trd, 431268.200, 115
Trd, 431268.650, 101
Trd, 431268.783, 119
Trd, 431271.733, 97
Trd, 431272.700, 102
Trd, 431273.333, 107
Trd, 431273.933, 105
Trd, 431274.933, 101
Trd, 431275.533, 105
Trd, 431276.033, 95
Trd, 431278.117, 104
Trd, 431278.467, 110
Trd, 431279.050, 97
Trd, 431279.733, 101
Trd, 431280.267, 112
Trd, 431281.267, 95
Trd, 431281.600, 91
Trd, 431282.583, 116
Trd, 431283.633, 88
Trd, 431284.683, 94
Trd, 431284.850, 90
Trd, 431285.717, 114
Trd, 431285.917, 115
Trd, 431286.117, 86
Trd, 431286.967, 91
Trd, 431288.150, 91
Trd, 431288.867, 110
Trd, 431290.250, 115
Trd, 431293.667, 97
Trd, 431294.033, 96
Trd, 431294.167, 95
Trd, 431294.833, 108
Trd, 431294.950, 95
Trd, 431295.033, 109
Trd, 431296.233, 119
Trd, 431296.567, 108
Trd, 431297.083, 110
Trd, 431298.233, 100
Trd, 431299.783, 95
Trd, 431300.483, 100
Trd, 431300.550, 98
Trd, 431301.033, 125
Trd, 431301.133, 86
Trd, 431301.583, 129
Trd, 431303.033, 99
Trd, 431303.983, 96
Trd, 431306.750, 100
Trd, 431308.683, 101
Trd, 431310.183, 110
Trd, 431310.333, 100
Trd, 431311.100, 93
Trd, 431313.200, 99
Trd, 431313.933, 99
Trd, 431314.250, 101
Trd, 431315.467, 111
Trd, 431315.717, 95
Trd, 431316.250, 115
Trd, 431316.833, 96
Trd, 431316.983, 107
Trd, 431317.633, 109
Trd, 431320.467, 90
Trd, 431320.533, 89
Trd, 431320.683, 112
Trd, 431321.217, 102
Trd, 431321.633, 103
Trd, 431323.333, 98
Trd, 431323.417, 98
Trd, 431324.917, 102
Trd, 431325.283, 101
Trd, 431325.600, 97
Trd, 431326.833, 99
Trd, 431327.600, 106
Trd, 431327.683, 101
Trd, 431328.650, 92
Trd, 431329.550, 108
Trd, 431329.633, 88
Trd, 431331.233, 104
Trd, 431331.600, 95
Trd, 431333.133, 105
Trd, 431334.217, 109
Trd, 431334.483, 109
Trd, 431335.267, 97
Trd, 431336.983, 99
Trd, 431337.967, 95
Trd, 431338.833, 95
Trd, 431339.167, 104
Trd, 431339.233, 115
Trd, 431340.867, 105
Trd, 431341.517, 108
Trd, 431341.667, 106
Trd, 431342.467, 112
Trd, 431343.067, 103
Trd, 431344.650, 101
Trd, 431346.183, 96
Trd, 431348.500, 95
Trd, 431348.850, 101
Trd, 431349.283, 102
Trd, 431350.867, 93
Trd, 431352.467, 101
Trd, 431353.333, 101
Trd, 431353.617, 88
Trd, 431353.917, 99
Trd, 431354.233, 96
Trd, 431354.450, 99
Trd, 431355.200, 96
Trd, 431355.233, 104
Trd, 431358.100, 109
Trd, 431359.617, 112
Trd, 431360.367, 110
Trd, 431361.783, 103
Trd, 431361.950, 95
Trd, 431362.567, 107
Trd, 431362.883, 108
Trd, 431364.883, 103
Trd, 431365.167, 102
Trd, 431365.333, 98
Trd, 431365.350, 96
Trd, 431365.517, 107
Trd, 431367.450, 100
Trd, 431369.017, 113
Trd, 431369.883, 112
Trd, 431372.050, 101
Trd, 431372.250, 113
Trd, 431372.733, 101
Trd, 431373.167, 112
Trd, 431373.633, 115
Trd, 431374.050, 102
Trd, 431377.050, 96
Trd, 431377.317, 109
Trd, 431377.500, 113
Trd, 431378.267, 95
Trd, 431379.383, 95
Trd, 431379.400, 106
Trd, 431379.883, 99
Trd, 431380.600, 96
Trd, 431381.783, 104
Trd, 431382.333, 109
Trd, 431383.733, 101
Trd, 431385.550, 117
Trd, 431385.717, 97
Trd, 431385.833, 97
Trd, 431387.150, 106
Trd, 431387.200, 109
Trd, 431390.450, 103
Trd, 431390.583, 104
Trd, 431391.400, 112
Trd, 431391.417, 111
Trd, 431392.317, 105
Trd, 431392.667, 98
Trd, 431392.817, 98
Trd, 431393.083, 96
Trd, 431393.217, 93
Trd, 431393.700, 92
Trd, 431393.817, 115
Trd, 431394.283, 91
Trd, 431394.533, 102
Trd, 431396.367, 101
Trd, 431399.600, 105
Trd, 431402.667, 104
Trd, 431403.933, 106
Trd, 431404.050, 110
Trd, 431404.333, 111
Trd, 431404.383, 95
Trd, 431404.517, 115
Trd, 431405.333, 93
Trd, 431405.667, 96
Trd, 431406.067, 95
Trd, 431406.117, 108
Trd, 431407.133, 106
Trd, 431407.933, 99
Trd, 431408.967, 114
Trd, 431409.350, 97
Trd, 431410.017, 104
Trd, 431411.100, 108
Trd, 431411.600, 108
Trd, 431412.017, 109
Trd, 431412.233, 101
Trd, 431413.917, 101
Trd, 431414.200, 97
Trd, 431414.617, 93
Trd, 431415.150, 100
Trd, 431416.250, 99
Trd, 431419.117, 106
Trd, 431420.917, 110
Trd, 431421.317, 100
Trd, 431422.917, 99
Trd, 431423.217, 95
Trd, 431423.333, 97
Trd, 431423.750, 93
Trd, 431424.200, 106
Trd, 431425.717, 105
Trd, 431426.117, 115
Trd, 431427.183, 117
Trd, 431428.483, 113
Trd, 431429.733, 102
Trd, 431430.617, 113
Trd, 431430.633, 113
Trd, 431431.517, 113
Trd, 431432.883, 106
Trd, 431434.017, 99
Trd, 431434.333, 117
Trd, 431434.883, 114
Trd, 431436.633, 105
Trd, 431436.667, 112
Trd, 431436.883, 98
Trd, 431439.033, 110
Trd, 431439.417, 100
Trd, 431440.017, 102
Trd, 431441.000, 104
Trd, 431441.233, 101
Trd, 431442.050, 106
Trd, 431442.867, 95
Trd, 431444.183, 93
Trd, 431444.617, 106
Trd, 431446.433, 97
Trd, 431447.800, 113
Trd, 431448.700, 106
Trd, 431449.233, 97
Trd, 431450.283, 95
Trd, 431450.683, 91
Trd, 431451.683, 92
Trd, 431451.850, 89
Trd, 431452.600, 91
Trd, 431453.650, 107
Trd, 431454.500, 109
Trd, 431454.550, 91
Trd, 431454.917, 112
Trd, 431455.867, 98
Trd, 431456.233, 115
Trd, 431456.417, 92
Trd, 431456.983, 104
Trd, 431459.000, 104
Trd, 431459.983, 90
Trd, 431461.467, 97
Trd, 431462.117, 90
Trd, 431463.750, 101
Trd, 431463.967, 113
Trd, 431464.150, 102
Trd, 431465.750, 98
Trd, 431465.800, 111
Trd, 431466.533, 95
Trd, 431466.650, 105
Trd, 431468.233, 97
Trd, 431469.733, 110
Trd, 431469.800, 99
Trd, 431470.767, 123
Trd, 431470.900, 95
Trd, 431473.100, 96
Trd, 431473.750, 101
Trd, 431475.200, 115
Trd, 431475.817, 101
Trd, 431475.867, 94
Trd, 431477.700, 109
Trd, 431477.750, 110
Trd, 431478.567, 107
Trd, 431478.933, 104
Trd, 431479.117, 113
Trd, 431479.767, 97
Trd, 431481.950, 106
Trd, 431483.450, 121
Trd, 431483.783, 104
Trd, 431483.817, 101
Trd, 431484.700, 93
Trd, 431485.900, 97
Trd, 431486.617, 96
Trd, 431487.000, 102
Trd, 431487.700, 94
Trd, 431488.517, 93
Trd, 431488.783, 87
Trd, 431489.833, 104
Trd, 431490.083, 113
Trd, 431490.317, 122
Trd, 431491.250, 88
Trd, 431491.900, 102
Trd, 431492.233, 89
Trd, 431492.683, 104
Trd, 431493.583, 110
Trd, 431496.100, 101
Trd, 431496.633, 99
Trd, 431497.567, 114
Trd, 431498.200, 106
Trd, 431498.833, 90
Trd, 431499.417, 87
Trd, 431499.783, 93
Trd, 431500.567, 87
Trd, 431501.667, 113
Trd, 431501.767, 113
Trd, 431502.400, 100
Trd, 431502.683, 109
Trd, 431502.700, 112
Trd, 431503.100, 115
Trd, 431505.317, 107
Trd, 431506.200, 117
Trd, 431507.133, 97
Trd, 431508.517, 96
Trd, 431508.650, 106
Trd, 431509.300, 116
Trd, 431509.850, 94
Trd, 431509.917, 87
Trd, 431512.583, 99
Trd, 431514.317, 99
Trd, 431516.117, 105
Trd, 431516.467, 102
Trd, 431517.383, 107
Trd, 431518.017, 96
Trd, 431518.333, 95
Trd, 431519.450, 92
Trd, 431520.033, 105
Trd, 431521.717, 99
Trd, 431523.133, 103
Trd, 431523.433, 101
Trd, 431524.017, 104
Trd, 431524.033, 97
Trd, 431524.500, 97
Trd, 431524.817, 107
Trd, 431524.883, 96
Trd, 431526.400, 106
Trd, 431527.733, 104
Trd, 431527.917, 95
Trd, 431528.017, 93
Trd, 431528.783, 98
Trd, 431529.283, 101
Trd, 431529.317, 110
Trd, 431530.267, 115
Trd, 431530.667, 101
Trd, 431530.983, 92
Trd, 431531.933, 120
Trd, 431531.983, 115
Trd, 431534.500, 117
Trd, 431535.333, 114
Trd, 431537.533, 101
Trd, 431538.467, 108
Trd, 431539.083, 92
Trd, 431539.817, 112
Trd, 431540.150, 112
Trd, 431542.367, 95
Trd, 431542.633, 110
Trd, 431542.850, 100
Trd, 431545.017, 104
Trd, 431545.767, 101
Trd, 431545.800, 112
Trd, 431546.383, 101
Trd, 431547.933, 95
Trd, 431548.967, 110
Trd, 431554.133, 104
Trd, 431554.383, 101
Trd, 431554.783, 101
Trd, 431555.550, 102
Trd, 431555.917, 107
Trd, 431555.983, 102
Trd, 431556.300, 109
Trd, 431556.450, 100
Trd, 431557.350, 98
Trd, 431557.383, 97
Trd, 431558.417, 103
Trd, 431559.950, 100
Trd, 431560.050, 106
Trd, 431560.133, 115
Trd, 431560.317, 93
Trd, 431562.267, 100
Trd, 431562.417, 109
Trd, 431562.850, 100
Trd, 431564.050, 98
Trd, 431564.217, 112
Trd, 431565.017, 97
Trd, 431565.417, 93
Trd, 431565.900, 117
Trd, 431567.167, 106
Trd, 431567.283, 109
Trd, 431569.317, 106
Trd, 431569.350, 101
Trd, 431569.483, 97
Trd, 431569.650, 94
Trd, 431569.817, 93
Trd, 431571.800, 106
Trd, 431573.933, 98
Trd, 431575.083, 105
Trd, 431576.117, 98
Trd, 431577.517, 95
Trd, 431578.383, 87
Trd, 431578.450, 104
Trd, 431579.733, 94
Trd, 431580.550, 110
Trd, 431580.800, 115
Trd, 431581.400, 100
Trd, 431581.883, 108
Trd, 431582.917, 113
Trd, 431583.733, 109
Trd, 431585.067, 107
Trd, 431585.150, 104
Trd, 431585.283, 95
Trd, 431586.033, 108
Trd, 431586.817, 115
Trd, 431587.000, 101
Trd, 431588.067, 95
Trd, 431590.433, 97
Trd, 431592.433, 110
Trd, 431592.633, 115
Trd, 431593.750, 117
Trd, 431594.350, 109
Trd, 431594.783, 104
Trd, 431595.500, 100
Trd, 431595.633, 93
Trd, 431596.367, 95
Trd, 431596.550, 93
Trd, 431596.750, 107
Trd, 431598.183, 103
Trd, 431598.800, 108
Trd, 431599.483, 118
Trd, 431600.517, 97
Trd, 431601.450, 115
Trd, 431602.550, 106
Trd, 431603.283, 100
Trd, 431604.233, 101
Trd, 431605.233, 98
Trd, 431605.417, 95
Trd, 431605.650, 117
Trd, 431605.733, 92
Trd, 431606.600, 109
Trd, 431607.000, 98
Trd, 431607.517, 110
Trd, 431609.883, 92
Trd, 431611.467, 104
Trd, 431611.633, 103
Trd, 431611.733, 93
Trd, 431612.067, 110
Trd, 431612.517, 111
Trd, 431613.667, 115
Trd, 431613.933, 109
Trd, 431615.117, 109
Trd, 431616.133, 105
Trd, 431617.283, 113
Trd, 431618.150, 112
Trd, 431619.883, 108
Trd, 431620.200, 104
Trd, 431620.250, 101
Trd, 431620.433, 109
Trd, 431621.467, 95
Trd, 431622.100, 109
Trd, 431622.117, 95
Trd, 431622.783, 116
Trd, 431624.433, 99
Trd, 431624.800, 115
Trd, 431625.100, 124
Trd, 431626.150, 103
Trd, 431628.050, 94
Trd, 431628.433, 113
Trd, 431628.783, 100
Trd, 431629.033, 93
Trd, 431629.133, 105
Trd, 431629.717, 109
Trd, 431630.233, 109
Trd, 431632.650, 96
Trd, 431635.350, 95
Trd, 431635.667, 101
Trd, 431636.133, 109
Trd, 431636.400, 112
Trd, 431637.283, 101
Trd, 431637.750, 103
Trd, 431638.067, 115
Trd, 431638.133, 109
Trd, 431638.367, 93
Trd, 431639.533, 104
Trd, 431639.950, 91
Trd, 431640.433, 105
Trd, 431641.167, 101
Trd, 431641.417, 106
Trd, 431642.467, 101
Trd, 431643.433, 88
Trd, 431645.517, 109
Trd, 431645.883, 109
Trd, 431646.333, 96
Trd, 431647.967, 115
Trd, 431650.317, 95
Trd, 431650.767, 96
Trd, 431651.917, 99
Trd, 431652.783, 105
Trd, 431654.100, 98
Trd, 431654.550, 100
Trd, 431655.450, 93
Trd, 431656.017, 98
Trd, 431656.100, 111
Trd, 431656.967, 109
Trd, 431658.167, 104
Trd, 431660.267, 108
Trd, 431661.017, 115
Trd, 431661.317, 101
Trd, 431661.333, 122
Trd, 431662.833, 101
Trd, 431663.233, 95
Trd, 431664.000, 116
Trd, 431664.283, 92
Trd, 431665.333, 96
Trd, 431667.017, 106
Trd, 431667.533, 104
Trd, 431668.700, 98
Trd, 431669.050, 111
Trd, 431669.600, 98
Trd, 431670.633, 94
Trd, 431671.917, 99
Trd, 431672.133, 90
Trd, 431672.167, 87
Trd, 431674.850, 106
Trd, 431675.067, 102
Trd, 431676.367, 96
Trd, 431677.617, 106
Trd, 431679.050, 100
Trd, 431679.317, 100
Trd, 431679.417, 99
Trd, 431679.467, 95
Trd, 431679.833, 94
Trd, 431680.367, 93
Trd, 431680.800, 89
Trd, 431683.350, 106
Trd, 431684.083, 113
Trd, 431684.433, 108
Trd, 431685.050, 112
Trd, 431685.083, 115
Trd, 431685.900, 101
Trd, 431686.667, 99
Trd, 431689.467, 100
Trd, 431692.350, 108
Trd, 431694.067, 100
Trd, 431694.250, 102
Trd, 431694.483, 109
Trd, 431694.567, 115
Trd, 431694.967, 95
Trd, 431696.050, 98
Trd, 431696.183, 97
Trd, 431696.250, 97
Trd, 431696.600, 102
Trd, 431697.133, 107
Trd, 431697.283, 98
Trd, 431697.633, 117
Trd, 431698.800, 97
Trd, 431700.000, 102
Trd, 431700.333, 104
Trd, 431700.867, 98
Trd, 431701.000, 109
Trd, 431701.067, 124
Trd, 431701.200, 96
Trd, 431701.983, 95
Trd, 431702.917, 90
Trd, 431703.450, 110
Trd, 431706.400, 101
Trd, 431708.117, 115
Trd, 431708.800, 105
Trd, 431709.483, 95
Trd, 431709.733, 113
Trd, 431710.967, 104
Trd, 431712.450, 99
Trd, 431713.817, 99
Trd, 431714.033, 95
Trd, 431714.483, 104
Trd, 431716.033, 113
Trd, 431716.600, 103
Trd, 431716.800, 118
Trd, 431717.067, 107
Trd, 431718.800, 107
Trd, 431719.583, 101
Trd, 431720.383, 101
Trd, 431720.567, 100
Trd, 431721.433, 115
Trd, 431723.183, 95
Trd, 431723.333, 106
Trd, 431724.750, 93
Trd, 431725.317, 101
Trd, 431726.367, 106
Trd, 431726.383, 110
Trd, 431727.983, 105
Trd, 431729.133, 101
Trd, 431729.633, 112
Trd, 431729.867, 116
Trd, 431731.450, 105
Trd, 431733.600, 101
Trd, 431733.833, 99
Trd, 431734.500, 97
Trd, 431735.083, 103
Trd, 431736.717, 106
Trd, 431736.800, 110
Trd, 431737.800, 95
Trd, 431737.967, 92
Trd, 431739.267, 109
Trd, 431739.900, 105
Trd, 431740.633, 93
Trd, 431741.567, 102
Trd, 431742.900, 105
Trd, 431743.033, 102
Trd, 431744.683, 101
Trd, 431746.400, 112
Trd, 431746.683, 112
Trd, 431747.817, 97
Trd, 431748.417, 95
Trd, 431748.433, 95
Trd, 431748.600, 109
Trd, 431749.067, 93
Trd, 431749.833, 92
Trd, 431750.550, 105
Trd, 431750.850, 101
Trd, 431751.850, 108
Trd, 431751.950, 110
Trd, 431751.983, 106
Trd, 431753.050, 106
Trd, 431754.067, 95
Trd, 431756.433, 104
Trd, 431756.833, 112
Trd, 431757.567, 100
Trd, 431758.450, 97
Trd, 431761.200, 112
Trd, 431762.550, 103
Trd, 431762.967, 98
Trd, 431763.333, 104
Trd, 431764.067, 95
Trd, 431764.667, 95
Trd, 431765.400, 109
Trd, 431766.433, 107
Trd, 431767.283, 115
Trd, 431767.917, 115
Trd, 431767.950, 99
Trd, 431769.150, 105
Trd, 431769.217, 106
Trd, 431771.817, 100
Trd, 431773.850, 101
Trd, 431773.933, 105
Trd, 431773.967, 98
Trd, 431774.000, 93
Trd, 431774.567, 102
Trd, 431774.683, 103
Trd, 431774.800, 109
Trd, 431776.633, 115
Trd, 431777.167, 95
Trd, 431777.550, 98
Trd, 431778.783, 98
Trd, 431778.933, 109
Trd, 431779.550, 101
Trd, 431781.250, 114
Trd, 431781.633, 117
Trd, 431781.833, 95
Trd, 431782.600, 113
Trd, 431783.433, 97
Trd, 431783.933, 94
Trd, 431783.983, 92
Trd, 431787.050, 111
Trd, 431787.233, 104
Trd, 431787.567, 110
Trd, 431787.650, 102
Trd, 431789.133, 102
Trd, 431790.417, 125
Trd, 431791.833, 98
Trd, 431793.000, 105
Trd, 431794.017, 118
Trd, 431795.483, 115
Trd, 431795.717, 114
Trd, 431796.483, 112
Trd, 431797.167, 103
Trd, 431797.517, 101
Trd, 431798.817, 110
Trd, 431799.000, 101
Trd, 431799.917, 119
Trd, 431801.183, 110
Trd, 431801.200, 110
Trd, 431802.650, 107
Trd, 431802.900, 102
Trd, 431803.900, 103
Trd, 431805.650, 105
Trd, 431805.733, 99
Trd, 431805.950, 106
Trd, 431806.150, 98
Trd, 431806.383, 110
Trd, 431806.917, 95
Trd, 431807.333, 115
Trd, 431809.550, 111
Trd, 431810.483, 113
Trd, 431811.650, 104
Trd, 431813.283, 112
Trd, 431813.567, 114
Trd, 431814.283, 98
Trd, 431814.417, 98
Trd, 431814.567, 93
Trd, 431814.817, 115
Trd, 431816.017, 112
Trd, 431816.033, 98
Trd, 431816.417, 113
Trd, 431817.367, 106
Trd, 431817.450, 120
Trd, 431818.050, 101
Trd, 431819.600, 104
Trd, 431820.183, 113
Trd, 431821.033, 113
Trd, 431821.400, 108
Trd, 431822.167, 104
Trd, 431822.633, 97
Trd, 431823.317, 92
Trd, 431823.850, 97
Trd, 431824.933, 106
Trd, 431825.833, 95
Trd, 431827.017, 98
Trd, 431828.133, 113
Trd, 431828.583, 110
Trd, 431829.367, 108
Trd, 431830.467, 101
Trd, 431830.650, 115
Trd, 431832.717, 121
Trd, 431832.833, 114
Trd, 431833.567, 106
Trd, 431834.450, 101
Trd, 431836.033, 97
Trd, 431836.783, 98
Trd, 431837.217, 105
Trd, 431837.233, 120
Trd, 431837.400, 97
Trd, 431839.383, 109
Trd, 431839.667, 96
Trd, 431841.267, 101
Trd, 431841.917, 104
Trd, 431842.133, 110
Trd, 431842.400, 118
Trd, 431842.450, 109
Trd, 431842.767, 95
Trd, 431843.033, 92
Trd, 431843.200, 104
Trd, 431844.133, 91
Trd, 431844.317, 84
Trd, 431846.150, 85
Trd, 431847.167, 109
Trd, 431849.533, 106
Trd, 431850.683, 112
Trd, 431851.067, 125
Trd, 431851.350, 101
Trd, 431852.933, 100
Trd, 431853.150, 95
Trd, 431853.883, 95
Trd, 431854.667, 101
Trd, 431856.383, 99
Trd, 431858.483, 101
Trd, 431858.917, 100
Trd, 431860.367, 105
Trd, 431862.833, 101
Trd, 431862.917, 100
Trd, 431863.300, 104
Trd, 431866.100, 106
Trd, 431866.133, 115
Trd, 431867.100, 115
Trd, 431868.183, 99
Trd, 431869.183, 95
Trd, 431869.533, 98
Trd, 431869.550, 109
Trd, 431871.217, 107
Trd, 431871.767, 91
Trd, 431871.933, 102
Trd, 431872.333, 92
Trd, 431872.467, 106
Trd, 431874.800, 100
Trd, 431875.067, 96
Trd, 431875.267, 88
Trd, 431875.883, 87
Trd, 431877.317, 102
Trd, 431877.650, 110
Trd, 431877.700, 115
Trd, 431878.767, 106
Trd, 431879.367, 105
Trd, 431879.467, 95
Trd, 431879.783, 93
Trd, 431881.067, 93
Trd, 431881.683, 96
Trd, 431881.983, 94
Trd, 431883.900, 110
Trd, 431885.583, 113
Trd, 431886.500, 100
Trd, 431887.583, 94
Trd, 431888.400, 103
Trd, 431888.717, 95
Trd, 431889.167, 95
Trd, 431889.967, 109
Trd, 431890.567, 93
Trd, 431892.267, 95
Trd, 431894.567, 111
Trd, 431894.783, 108
Trd, 431894.817, 108
Trd, 431894.850, 105
Trd, 431895.267, 93
Trd, 431896.200, 106
Trd, 431896.900, 87
Trd, 431896.933, 86
Trd, 431897.433, 100
Trd, 431898.917, 106
Trd, 431900.650, 107
Trd, 431901.083, 100
Trd, 431901.983, 100
Trd, 431902.867, 109
Trd, 431903.467, 96
Trd, 431903.550, 115
Trd, 431904.833, 96
Trd, 431904.900, 95
Trd, 431904.983, 93
Trd, 431906.517, 106
Trd, 431906.750, 96
Trd, 431908.583, 119
Trd, 431908.650, 97
Trd, 431910.117, 98
Trd, 431910.350, 100
Trd, 431910.367, 94
Trd, 431911.650, 110
Trd, 431911.767, 95
Trd, 431912.550, 109
Trd, 431913.000, 108
Trd, 431914.083, 108
Trd, 431916.567, 114
Trd, 431917.567, 115
Trd, 431918.350, 101
Trd, 431919.800, 109
Trd, 431920.183, 114
Trd, 431922.900, 101
Trd, 431923.317, 112
Trd, 431924.367, 108
Trd, 431924.783, 100
Trd, 431925.117, 96
Trd, 431925.500, 102
Trd, 431925.733, 107
Trd, 431927.400, 109
Trd, 431928.517, 112
Trd, 431929.250, 111
Trd, 431929.483, 117
Trd, 431929.550, 95
Trd, 431929.700, 97
Trd, 431930.517, 100
Trd, 431930.933, 101
Trd, 431931.683, 111
Trd, 431932.417, 111
Trd, 431932.850, 111
Trd, 431933.900, 114
Trd, 431935.150, 111
Trd, 431935.517, 103
Trd, 431936.117, 106
Trd, 431936.200, 96
Trd, 431936.983, 107
Trd, 431940.200, 112
Trd, 431941.750, 103
Trd, 431942.000, 97
Trd, 431942.733, 97
Trd, 431944.650, 109
Trd, 431945.717, 110
Trd, 431945.950, 108
Trd, 431946.717, 106
Trd, 431947.000, 115
Trd, 431947.250, 100
Trd, 431947.417, 95
Trd, 431947.683, 120
Trd, 431947.983, 107
Trd, 431948.783, 93
Trd, 431948.900, 92
Trd, 431951.133, 107
Trd, 431951.633, 104
Trd, 431951.683, 110
Trd, 431952.200, 110
Trd, 431952.583, 100
Trd, 431953.217, 100
Trd, 431953.883, 98
Trd, 431954.050, 109
Trd, 431954.500, 95
Trd, 431955.183, 98
Trd, 431956.233, 92
Trd, 431956.767, 88
Trd, 431958.000, 111
Trd, 431958.983, 90
Trd, 431959.183, 104
Trd, 431959.250, 90
Trd, 431961.183, 106
Trd, 431962.083, 115
Trd, 431962.733, 101
Trd, 431963.550, 114
Trd, 431964.850, 104
Trd, 431965.083, 101
Trd, 431965.133, 117
Trd, 431966.233, 102
Trd, 431966.500, 101
Trd, 431966.517, 97
Trd, 431967.450, 93
Trd, 431969.117, 104
Trd, 431971.750, 109
Trd, 431972.233, 109
Trd, 431972.467, 111
Trd, 431972.550, 115
Trd, 431973.083, 95
Trd, 431975.450, 106
Trd, 431975.850, 102
Trd, 431976.033, 113
Trd, 431976.467, 102
Trd, 431977.417, 101
Trd, 431977.900, 95
Trd, 431978.250, 94
Trd, 431978.717, 91
Trd, 431978.800, 115
Trd, 431980.850, 96
Trd, 431982.767, 101
Trd, 431983.867, 104
Trd, 431984.800, 109
Trd, 431985.133, 104
Trd, 431985.467, 110
Trd, 431987.350, 94
Trd, 431987.767, 91
Trd, 431988.850, 100
Trd, 431988.950, 97
Trd, 431989.850, 109
Trd, 431990.150, 109
Trd, 431990.217, 115
Trd, 431990.650, 113
Trd, 431990.850, 101
Trd, 431991.683, 115
Trd, 431993.000, 104
Trd, 431993.417, 99
Trd, 431993.717, 95
Trd, 431994.717, 106
Trd, 431994.750, 102
Trd, 431995.250, 97
Trd, 431996.400, 107
Trd, 431996.817, 101
Trd, 431997.133, 93
Trd, 431998.317, 86
Trd, 431998.417, 115
Trd, 431999.533, 102
Trd, 431999.700, 110
