Trd, 430634.550, 80
Trd, 430635.800, 85
Trd, 430636.283, 85
Trd, 430637.133, 82
Trd, 430637.200, 97
Trd, 430639.717, 100
Trd, 430639.983, 105
Trd, 430641.583, 89
Trd, 430642.017, 92
Trd, 430642.400, 99
Trd, 430642.417, 100
Trd, 430643.050, 80
Trd, 430643.600, 104
Trd, 430646.967, 104
Trd, 430647.967, 103
Trd, 430648.350, 107
Trd, 430648.867, 100
Trd, 430649.500, 109
Trd, 430651.000, 77
Trd, 430651.050, 83
Trd, 430651.433, 93
Trd, 430651.617, 85
Trd, 430651.633, 77
Trd, 430652.250, 104
Trd, 430652.433, 90
Trd, 430654.683, 96
Trd, 430654.833, 93
Trd, 430656.400, 120
Trd, 430657.283, 118
Trd, 430657.500, 115
Trd, 430658.733, 101
Trd, 430658.983, 100
Trd, 430660.367, 116
Trd, 430661.300, 107
Trd, 430661.567, 106
Trd, 430662.467, 90
Trd, 430662.583, 104
Trd, 430662.900, 110
Trd, 430664.617, 94
Trd, 430665.283, 83
Trd, 430665.550, 102
Trd, 430666.283, 96
Trd, 430667.067, 82
Trd, 430668.017, 87
Trd, 430669.033, 116
Trd, 430669.167, 115
Trd, 430669.650, 110
Trd, 430670.383, 109
Trd, 430671.033, 117
Trd, 430671.117, 119
Trd, 430672.533, 93
Trd, 430673.067, 89
Trd, 430673.383, 85
Trd, 430673.483, 82
Trd, 430673.500, 96
Trd, 430674.767, 86
Trd, 430675.600, 87
Trd, 430677.000, 95
Trd, 430679.350, 119
Trd, 430680.400, 120
Trd, 430680.767, 112
Trd, 430681.683, 111
Trd, 430682.133, 109
Trd, 430682.350, 127
Trd, 430682.717, 99
Trd, 430684.567, 109
Trd, 430685.050, 100
Trd, 430685.517, 107
Trd, 430685.617, 96
Trd, 430686.000, 95
Trd, 430686.817, 86
Trd, 430687.933, 104
Trd, 430688.800, 115
Trd, 430690.417, 115
Trd, 430690.483, 101
Trd, 430691.533, 94
Trd, 430693.000, 94
Trd, 430693.550, 120
Trd, 430694.100, 92
Trd, 430694.700, 88
Trd, 430695.067, 81
Trd, 430695.517, 131
Trd, 430696.583, 91
Trd, 430697.067, 82
Trd, 430698.500, 88
Trd, 430698.567, 137
Trd, 430699.183, 90
Trd, 430699.667, 98
Trd, 430700.183, 90
Trd, 430702.400, 79
Trd, 430703.933, 102
Trd, 430704.000, 104
Trd, 430704.483, 99
Trd, 430704.817, 92
Trd, 430704.833, 89
Trd, 430705.333, 96
Trd, 430706.800, 101
Trd, 430707.333, 98
Trd, 430707.917, 88
Trd, 430708.117, 104
Trd, 430708.600, 82
Trd, 430710.000, 98
Trd, 430710.150, 95
Trd, 430711.783, 109
Trd, 430712.417, 110
Trd, 430713.733, 117
Trd, 430715.017, 102
Trd, 430716.900, 109
Trd, 430717.067, 108
Trd, 430717.317, 95
Trd, 430718.817, 101
Trd, 430720.267, 99
Trd, 430720.800, 110
Trd, 430720.817, 107
Trd, 430721.717, 89
Trd, 430721.867, 92
Trd, 430723.200, 86
Trd, 430723.333, 85
Trd, 430723.517, 79
Trd, 430723.767, 96
Trd, 430724.633, 104
Trd, 430727.633, 84
Trd, 430727.700, 99
Trd, 430729.683, 114
Trd, 430731.100, 89
Trd, 430731.233, 88
Trd, 430731.333, 88
Trd, 430731.567, 118
Trd, 430732.183, 89
Trd, 430732.400, 119
Trd, 430732.783, 98
Trd, 430733.167, 82
Trd, 430733.217, 117
Trd, 430734.133, 128
Trd, 430735.133, 120
Trd, 430735.683, 121
Trd, 430735.967, 109
Trd, 430736.183, 100
Trd, 430736.617, 98
Trd, 430737.233, 107
Trd, 430738.217, 100
Trd, 430739.200, 101
Trd, 430740.317, 83
Trd, 430740.683, 78
Trd, 430742.183, 93
Trd, 430743.883, 85
Trd, 430744.733, 96
Trd, 430745.750, 87
Trd, 430746.317, 86
Trd, 430747.183, 102
Trd, 430747.500, 101
Trd, 430750.350, 92
Trd, 430750.367, 93
Trd, 430751.250, 93
Trd, 430751.417, 90
Trd, 430751.650, 89
Trd, 430752.417, 103
Trd, 430753.283, 82
Trd, 430753.367, 104
Trd, 430754.517, 117
Trd, 430754.683, 99
Trd, 430754.900, 80
Trd, 430755.600, 128
Trd, 430756.317, 114
Trd, 430756.367, 101
Trd, 430756.883, 95
Trd, 430760.117, 104
Trd, 430760.300, 90
Trd, 430760.483, 90
Trd, 430760.983, 118
Trd, 430761.067, 105
Trd, 430762.183, 120
Trd, 430762.933, 83
Trd, 430763.067, 120
Trd, 430763.517, 89
Trd, 430763.883, 85
Trd, 430764.450, 94
Trd, 430765.083, 88
Trd, 430765.850, 128
Trd, 430766.617, 126
Trd, 430767.233, 120
Trd, 430767.650, 100
Trd, 430768.667, 96
Trd, 430768.917, 111
Trd, 430769.817, 88
Trd, 430770.000, 104
Trd, 430771.967, 100
Trd, 430772.333, 90
Trd, 430772.950, 99
Trd, 430773.700, 104
Trd, 430775.083, 85
Trd, 430776.283, 80
Trd, 430776.783, 93
Trd, 430777.000, 94
Trd, 430777.267, 81
Trd, 430778.050, 88
Trd, 430778.067, 90
Trd, 430778.667, 117
Trd, 430780.433, 104
Trd, 430780.850, 108
Trd, 430781.717, 89
Trd, 430782.450, 105
Trd, 430783.233, 89
Trd, 430783.333, 120
Trd, 430785.033, 98
Trd, 430785.367, 95
Trd, 430785.417, 88
Trd, 430785.617, 118
Trd, 430786.317, 87
Trd, 430789.017, 87
Trd, 430789.500, 86
Trd, 430790.183, 87
Trd, 430790.333, 79
Trd, 430791.633, 94
Trd, 430792.800, 93
Trd, 430794.067, 87
Trd, 430795.383, 85
Trd, 430795.450, 95
Trd, 430795.817, 90
Trd, 430796.183, 102
Trd, 430796.650, 103
Trd, 430798.217, 112
Trd, 430798.233, 101
Trd, 430798.700, 101
Trd, 430799.067, 98
Trd, 430802.050, 99
Trd, 430802.600, 88
Trd, 430802.933, 104
Trd, 430804.583, 111
Trd, 430804.917, 93
Trd, 430805.467, 111
Trd, 430805.633, 119
Trd, 430806.017, 93
Trd, 430807.317, 93
Trd, 430807.950, 103
Trd, 430808.750, 94
Trd, 430809.517, 93
Trd, 430809.717, 96
Trd, 430810.283, 129
Trd, 430811.150, 94
Trd, 430811.583, 116
Trd, 430812.917, 109
Trd, 430813.083, 107
Trd, 430813.100, 117
Trd, 430813.867, 100
Trd, 430815.117, 94
Trd, 430815.917, 88
Trd, 430816.417, 89
Trd, 430816.750, 97
Trd, 430818.067, 97
Trd, 430818.483, 89
Trd, 430818.550, 95
Trd, 430820.500, 84
Trd, 430820.683, 104
Trd, 430821.717, 101
Trd, 430822.850, 104
Trd, 430823.433, 109
Trd, 430823.517, 116
Trd, 430823.567, 82
Trd, 430824.117, 82
Trd, 430824.417, 81
Trd, 430824.917, 83
Trd, 430825.233, 101
Trd, 430825.583, 95
Trd, 430827.000, 94
Trd, 430828.433, 80
Trd, 430829.433, 124
Trd, 430830.467, 90
Trd, 430833.417, 102
Trd, 430833.483, 101
Trd, 430834.567, 87
Trd, 430834.733, 84
Trd, 430835.100, 103
Trd, 430836.467, 82
Trd, 430836.500, 96
Trd, 430836.950, 81
Trd, 430837.683, 91
Trd, 430838.933, 104
Trd, 430839.033, 97
Trd, 430840.817, 82
Trd, 430840.883, 91
Trd, 430841.950, 93
Trd, 430842.200, 104
Trd, 430842.883, 96
Trd, 430843.067, 114
Trd, 430847.400, 103
Trd, 430847.483, 102
Trd, 430848.250, 101
Trd, 430848.433, 93
Trd, 430848.750, 92
Trd, 430850.050, 110
Trd, 430851.717, 111
Trd, 430851.967, 109
Trd, 430852.083, 105
Trd, 430853.233, 127
Trd, 430853.800, 107
Trd, 430853.967, 101
Trd, 430854.317, 97
Trd, 430856.133, 99
Trd, 430858.150, 108
Trd, 430858.900, 90
Trd, 430858.933, 111
Trd, 430860.217, 107
Trd, 430861.833, 102
Trd, 430862.150, 102
Trd, 430863.067, 104
Trd, 430863.450, 100
Trd, 430863.750, 107
Trd, 430864.133, 91
Trd, 430864.267, 84
Trd, 430865.417, 81
Trd, 430865.450, 84
Trd, 430865.950, 115
Trd, 430866.833, 112
Trd, 430868.650, 86
Trd, 430870.283, 99
Trd, 430870.800, 104
Trd, 430871.033, 91
Trd, 430871.433, 110
Trd, 430872.133, 88
Trd, 430872.283, 98
Trd, 430872.617, 117
Trd, 430873.250, 117
Trd, 430873.933, 105
Trd, 430874.033, 91
Trd, 430875.700, 101
Trd, 430875.800, 127
Trd, 430876.517, 93
Trd, 430878.333, 95
Trd, 430878.567, 92
Trd, 430880.450, 96
Trd, 430880.583, 93
Trd, 430881.700, 104
Trd, 430883.400, 83
Trd, 430884.367, 97
Trd, 430884.733, 82
Trd, 430885.717, 96
Trd, 430886.550, 111
Trd, 430886.933, 110
Trd, 430887.667, 91
Trd, 430887.750, 117
Trd, 430888.283, 127
Trd, 430888.367, 85
Trd, 430889.450, 94
Trd, 430889.700, 93
Trd, 430891.150, 94
Trd, 430891.567, 89
Trd, 430892.317, 93
Trd, 430893.233, 88
Trd, 430893.617, 86
Trd, 430894.150, 108
Trd, 430894.600, 100
Trd, 430895.100, 109
Trd, 430895.133, 92
Trd, 430895.767, 114
Trd, 430898.167, 93
Trd, 430898.650, 91
Trd, 430899.183, 93
Trd, 430899.633, 104
Trd, 430900.017, 92
Trd, 430900.483, 98
Trd, 430901.050, 98
Trd, 430901.217, 93
Trd, 430901.367, 92
Trd, 430904.033, 80
Trd, 430904.050, 78
Trd, 430904.083, 118
Trd, 430905.950, 89
Trd, 430906.333, 99
Trd, 430906.350, 88
Trd, 430909.483, 79
Trd, 430909.633, 116
Trd, 430909.750, 117
Trd, 430910.683, 91
Trd, 430911.433, 98
Trd, 430912.500, 106
Trd, 430914.250, 89
Trd, 430914.850, 128
Trd, 430914.967, 86
Trd, 430917.450, 103
Trd, 430917.633, 79
Trd, 430918.783, 89
Trd, 430919.783, 101
Trd, 430919.800, 100
Trd, 430920.933, 100
Trd, 430921.367, 90
Trd, 430921.800, 87
Trd, 430923.200, 85
Trd, 430923.500, 92
Trd, 430924.850, 98
Trd, 430925.200, 110
Trd, 430927.533, 108
Trd, 430927.583, 102
Trd, 430928.750, 108
Trd, 430928.967, 109
Trd, 430929.117, 88
Trd, 430929.217, 93
Trd, 430929.733, 109
Trd, 430931.417, 94
Trd, 430931.467, 136
Trd, 430934.317, 96
Trd, 430934.550, 101
Trd, 430937.050, 110
Trd, 430937.167, 96
Trd, 430937.850, 96
Trd, 430938.000, 95
Trd, 430938.017, 111
Trd, 430938.250, 104
Trd, 430939.517, 80
Trd, 430939.650, 79
Trd, 430939.917, 101
Trd, 430942.067, 84
Trd, 430942.883, 96
Trd, 430943.300, 104
Trd, 430944.350, 118
Trd, 430945.683, 109
Trd, 430945.733, 105
Trd, 430946.383, 119
Trd, 430946.817, 85
Trd, 430947.000, 86
Trd, 430947.400, 90
Trd, 430948.133, 98
Trd, 430948.617, 80
Trd, 430949.400, 114
Trd, 430950.933, 94
Trd, 430951.483, 93
Trd, 430952.067, 86
Trd, 430952.533, 93
Trd, 430953.867, 113
Trd, 430955.400, 117
Trd, 430955.783, 123
Trd, 430955.883, 95
Trd, 430956.600, 85
Trd, 430957.733, 88
Trd, 430958.217, 100
Trd, 430958.817, 101
Trd, 430959.600, 99
Trd, 430959.867, 98
Trd, 430960.433, 124
Trd, 430962.000, 86
Trd, 430962.333, 93
Trd, 430964.100, 96
Trd, 430964.367, 88
Trd, 430966.683, 100
Trd, 430967.500, 89
Trd, 430967.667, 88
Trd, 430968.350, 111
Trd, 430969.067, 101
Trd, 430969.683, 89
Trd, 430970.833, 89
Trd, 430971.450, 90
Trd, 430972.300, 90
Trd, 430972.833, 89
Trd, 430974.350, 81
Trd, 430974.983, 96
Trd, 430975.917, 104
Trd, 430976.033, 129
Trd, 430976.167, 83
Trd, 430978.367, 90
Trd, 430979.100, 83
Trd, 430979.733, 90
Trd, 430980.133, 90
Trd, 430980.333, 101
Trd, 430980.967, 87
Trd, 430982.083, 89
Trd, 430983.500, 94
Trd, 430983.850, 104
Trd, 430984.917, 88
Trd, 430986.700, 109
Trd, 430986.900, 84
Trd, 430988.067, 97
Trd, 430989.550, 89
Trd, 430989.700, 87
Trd, 430990.700, 85
Trd, 430992.850, 103
Trd, 430992.867, 104
Trd, 430992.883, 104
Trd, 430993.683, 100
Trd, 430993.917, 93
Trd, 430995.083, 93
Trd, 430995.167, 94
Trd, 430995.450, 92
Trd, 430997.133, 94
Trd, 430998.517, 99
Trd, 430998.800, 90
Trd, 430999.250, 89
Trd, 431000.267, 98
Trd, 431001.100, 122
Trd, 431001.900, 98
Trd, 431001.917, 97
Trd, 431002.567, 84
Trd, 431002.600, 82
Trd, 431002.667, 79
Trd, 431006.133, 95
Trd, 431007.150, 102
Trd, 431007.233, 104
Trd, 431007.400, 94
Trd, 431008.317, 117
Trd, 431008.583, 100
Trd, 431008.633, 86
Trd, 431008.833, 87
Trd, 431011.167, 101
Trd, 431011.450, 93
Trd, 431012.700, 112
Trd, 431014.267, 111
Trd, 431014.333, 117
Trd, 431014.450, 108
Trd, 431015.367, 83
Trd, 431016.300, 114
Trd, 431016.667, 89
Trd, 431017.500, 82
Trd, 431018.217, 88
Trd, 431018.983, 94
Trd, 431019.300, 95
Trd, 431020.383, 83
Trd, 431020.967, 96
Trd, 431021.000, 94
Trd, 431021.500, 80
Trd, 431021.783, 83
Trd, 431024.133, 102
Trd, 431025.300, 92
Trd, 431025.617, 101
Trd, 431026.000, 100
Trd, 431026.333, 132
Trd, 431027.067, 120
Trd, 431029.783, 112
Trd, 431030.333, 103
Trd, 431031.750, 90
Trd, 431032.817, 82
Trd, 431033.550, 93
Trd, 431033.983, 79
Trd, 431034.050, 100
Trd, 431034.517, 92
Trd, 431035.117, 105
Trd, 431035.283, 117
Trd, 431035.717, 92
Trd, 431035.833, 120
Trd, 431036.100, 121
Trd, 431038.433, 127
Trd, 431038.700, 126
Trd, 431039.567, 101
Trd, 431042.183, 92
Trd, 431042.383, 84
Trd, 431042.617, 79
Trd, 431042.633, 91
Trd, 431043.917, 100
Trd, 431045.683, 104
Trd, 431045.900, 110
Trd, 431046.383, 95
Trd, 431047.167, 94
Trd, 431047.567, 93
Trd, 431047.850, 86
Trd, 431050.317, 78
Trd, 431050.433, 78
Trd, 431050.750, 90
Trd, 431050.783, 108
Trd, 431050.833, 122
Trd, 431053.150, 89
Trd, 431054.283, 120
Trd, 431054.750, 102
Trd, 431056.467, 107
Trd, 431056.817, 98
Trd, 431057.133, 98
Trd, 431058.617, 89
Trd, 431059.033, 87
Trd, 431059.400, 92
Trd, 431060.433, 93
Trd, 431062.200, 116
Trd, 431062.600, 95
Trd, 431063.783, 97
Trd, 431063.900, 104
Trd, 431064.667, 101
Trd, 431065.267, 108
Trd, 431065.300, 99
Trd, 431065.383, 118
Trd, 431065.667, 99
Trd, 431068.150, 106
Trd, 431068.300, 93
Trd, 431069.383, 108
Trd, 431070.483, 99
Trd, 431070.817, 92
Trd, 431070.900, 115
Trd, 431071.417, 84
Trd, 431071.583, 95
Trd, 431072.767, 83
Trd, 431073.283, 90
Trd, 431074.767, 87
Trd, 431075.217, 83
Trd, 431075.833, 95
Trd, 431076.200, 115
Trd, 431079.050, 98
Trd, 431080.150, 100
Trd, 431080.883, 112
Trd, 431081.850, 83
Trd, 431083.050, 93
Trd, 431083.267, 91
Trd, 431084.117, 93
Trd, 431084.450, 86
Trd, 431085.717, 104
Trd, 431086.900, 97
Trd, 431087.900, 99
Trd, 431090.083, 97
Trd, 431090.333, 93
Trd, 431091.133, 85
Trd, 431091.850, 112
Trd, 431092.683, 101
Trd, 431092.700, 122
Trd, 431093.667, 86
Trd, 431093.917, 96
Trd, 431094.433, 81
Trd, 431094.500, 108
Trd, 431095.283, 105
Trd, 431096.250, 126
Trd, 431096.333, 96
Trd, 431098.183, 102
Trd, 431098.250, 100
Trd, 431099.000, 87
Trd, 431099.250, 79
Trd, 431101.417, 106
Trd, 431101.783, 85
Trd, 431103.050, 97
Trd, 431104.367, 89
Trd, 431105.617, 113
Trd, 431106.333, 93
Trd, 431106.400, 96
Trd, 431106.600, 97
Trd, 431107.033, 100
Trd, 431107.983, 96
Trd, 431108.033, 95
Trd, 431108.350, 95
Trd, 431109.017, 95
Trd, 431110.083, 89
Trd, 431110.667, 93
Trd, 431111.050, 96
Trd, 431111.250, 104
Trd, 431112.550, 100
Trd, 431113.250, 104
Trd, 431113.867, 97
Trd, 431115.017, 101
Trd, 431116.033, 97
Trd, 431117.167, 108
Trd, 431118.183, 107
Trd, 431118.700, 117
Trd, 431119.550, 128
Trd, 431119.667, 120
Trd, 431119.817, 101
Trd, 431121.817, 117
Trd, 431122.500, 106
Trd, 431122.833, 101
Trd, 431123.467, 80
Trd, 431124.417, 79
Trd, 431124.833, 90
Trd, 431125.117, 87
Trd, 431125.300, 84
Trd, 431127.067, 86
Trd, 431127.267, 90
Trd, 431127.483, 112
Trd, 431128.867, 97
Trd, 431130.067, 95
Trd, 431130.250, 90
Trd, 431131.750, 98
Trd, 431131.833, 91
Trd, 431134.633, 102
Trd, 431135.433, 104
Trd, 431136.050, 111
Trd, 431136.317, 103
Trd, 431136.483, 101
Trd, 431136.500, 124
Trd, 431136.733, 83
Trd, 431137.400, 94
Trd, 431138.100, 119
Trd, 431138.633, 97
Trd, 431139.683, 97
Trd, 431140.350, 99
Trd, 431140.817, 98
Trd, 431141.850, 98
Trd, 431142.033, 101
Trd, 431142.250, 87
Trd, 431144.683, 107
Trd, 431144.850, 97
Trd, 431147.200, 96
Trd, 431149.183, 95
Trd, 431149.700, 85
Trd, 431150.167, 97
Trd, 431150.633, 91
Trd, 431150.983, 104
Trd, 431152.017, 117
Trd, 431152.100, 101
Trd, 431152.933, 127
Trd, 431153.267, 90
Trd, 431154.250, 94
Trd, 431154.733, 81
Trd, 431155.567, 82
Trd, 431156.417, 117
Trd, 431156.967, 102
Trd, 431157.550, 101
Trd, 431158.417, 120
Trd, 431159.517, 91
Trd, 431160.067, 126
Trd, 431161.833, 83
Trd, 431163.633, 90
Trd, 431164.067, 92
Trd, 431165.050, 94
Trd, 431165.317, 80
Trd, 431166.317, 95
Trd, 431167.850, 104
Trd, 431169.217, 106
Trd, 431169.450, 106
Trd, 431170.800, 102
Trd, 431171.217, 101
Trd, 431171.967, 90
Trd, 431173.650, 119
Trd, 431173.917, 94
Trd, 431174.217, 110
Trd, 431174.300, 102
Trd, 431175.483, 94
Trd, 431175.583, 91
Trd, 431177.017, 95
Trd, 431177.217, 98
Trd, 431177.433, 90
Trd, 431177.450, 99
Trd, 431177.950, 82
Trd, 431178.267, 87
Trd, 431179.733, 100
Trd, 431180.067, 84
Trd, 431183.467, 81
Trd, 431184.333, 79
Trd, 431185.017, 95
Trd, 431185.550, 88
Trd, 431186.367, 94
Trd, 431186.900, 108
Trd, 431187.067, 85
Trd, 431188.483, 101
Trd, 431188.583, 90
Trd, 431189.983, 117
Trd, 431190.683, 93
Trd, 431192.683, 95
Trd, 431193.067, 114
Trd, 431193.117, 116
Trd, 431193.433, 94
Trd, 431194.300, 95
Trd, 431195.067, 104
Trd, 431196.867, 93
Trd, 431197.533, 116
Trd, 431197.600, 100
Trd, 431198.650, 115
Trd, 431199.117, 99
Trd, 431199.200, 101
Trd, 431200.033, 91
Trd, 431200.667, 109
Trd, 431201.917, 92
Trd, 431202.217, 83
Trd, 431202.933, 92
Trd, 431203.300, 93
Trd, 431203.867, 89
Trd, 431205.900, 84
Trd, 431206.650, 96
Trd, 431207.350, 87
Trd, 431207.817, 97
Trd, 431208.433, 87
Trd, 431208.883, 91
Trd, 431209.417, 101
Trd, 431211.733, 86
Trd, 431211.933, 79
Trd, 431212.300, 96
Trd, 431212.950, 90
Trd, 431213.233, 109
Trd, 431213.400, 86
Trd, 431214.700, 102
Trd, 431215.217, 106
Trd, 431215.550, 101
Trd, 431215.600, 90
Trd, 431217.033, 86
Trd, 431219.050, 108
Trd, 431219.700, 102
Trd, 431220.117, 109
Trd, 431220.200, 101
Trd, 431220.983, 92
Trd, 431223.667, 98
Trd, 431223.683, 97
Trd, 431223.800, 113
Trd, 431226.317, 99
Trd, 431226.967, 104
Trd, 431228.517, 101
Trd, 431228.550, 101
Trd, 431228.850, 101
Trd, 431229.417, 100
Trd, 431230.067, 97
Trd, 431230.850, 97
Trd, 431231.267, 93
Trd, 431231.367, 90
Trd, 431233.517, 85
Trd, 431233.900, 90
Trd, 431234.000, 93
Trd, 431234.367, 93
Trd, 431236.100, 109
Trd, 431236.583, 92
Trd, 431239.100, 104
Trd, 431240.183, 94
Trd, 431240.767, 93
Trd, 431240.783, 118
Trd, 431240.883, 83
Trd, 431241.967, 83
Trd, 431242.583, 82
Trd, 431242.600, 84
Trd, 431244.417, 106
Trd, 431244.717, 104
Trd, 431245.683, 115
Trd, 431246.867, 102
Trd, 431247.650, 80
Trd, 431247.900, 99
Trd, 431251.867, 93
Trd, 431251.883, 95
Trd, 431252.150, 93
Trd, 431253.083, 93
Trd, 431253.183, 103
Trd, 431253.767, 81
Trd, 431254.567, 84
Trd, 431254.733, 90
Trd, 431254.883, 74
Trd, 431255.800, 104
Trd, 431257.817, 117
Trd, 431258.550, 103
Trd, 431258.683, 102
Trd, 431260.067, 101
Trd, 431260.350, 98
Trd, 431261.983, 91
Trd, 431262.150, 81
Trd, 431262.850, 117
Trd, 431263.167, 118
Trd, 431263.217, 114
Trd, 431264.183, 87
Trd, 431265.400, 91
Trd, 431266.017, 101
Trd, 431266.033, 90
Trd, 431266.683, 90
Trd, 431267.567, 85
Trd, 431269.367, 92
Trd, 431269.567, 91
Trd, 431269.683, 94
Trd, 431270.000, 95
Trd, 431272.183, 94
Trd, 431272.317, 90
Trd, 431273.633, 93
Trd, 431274.150, 95
Trd, 431274.283, 90
Trd, 431276.300, 102
Trd, 431276.567, 108
Trd, 431276.767, 106
Trd, 431277.317, 100
Trd, 431277.767, 109
Trd, 431278.300, 99
Trd, 431279.067, 91
Trd, 431279.100, 89
Trd, 431279.983, 87
Trd, 431280.133, 75
Trd, 431282.183, 96
Trd, 431282.400, 92
Trd, 431282.483, 84
Trd, 431282.733, 101
Trd, 431285.517, 94
Trd, 431286.183, 95
Trd, 431286.900, 100
Trd, 431287.500, 103
Trd, 431289.117, 116
Trd, 431289.817, 116
Trd, 431290.283, 117
Trd, 431290.817, 111
Trd, 431291.450, 108
Trd, 431292.667, 107
Trd, 431292.750, 87
Trd, 431293.067, 100
Trd, 431294.417, 82
Trd, 431294.517, 81
Trd, 431295.050, 85
Trd, 431296.400, 88
Trd, 431296.683, 81
Trd, 431297.867, 90
Trd, 431298.450, 88
Trd, 431299.300, 98
Trd, 431299.317, 122
Trd, 431299.383, 83
Trd, 431301.250, 99
Trd, 431301.350, 94
Trd, 431302.133, 105
Trd, 431303.767, 98
Trd, 431304.833, 91
Trd, 431306.217, 99
Trd, 431306.483, 87
Trd, 431306.583, 81
Trd, 431307.383, 102
Trd, 431307.483, 121
Trd, 431308.117, 124
Trd, 431309.250, 88
Trd, 431310.617, 103
Trd, 431312.633, 128
Trd, 431312.883, 120
Trd, 431313.433, 98
Trd, 431314.067, 93
Trd, 431314.433, 97
Trd, 431315.183, 94
Trd, 431315.333, 110
Trd, 431316.050, 88
Trd, 431318.167, 103
Trd, 431318.367, 101
Trd, 431318.517, 87
Trd, 431318.667, 86
Trd, 431320.083, 104
Trd, 431320.150, 84
Trd, 431321.100, 84
Trd, 431321.767, 86
Trd, 431322.750, 87
Trd, 431323.550, 119
Trd, 431324.600, 118
Trd, 431325.183, 100
Trd, 431325.283, 91
Trd, 431326.133, 93
Trd, 431326.983, 100
Trd, 431328.617, 118
Trd, 431332.967, 118
Trd, 431333.167, 108
Trd, 431333.900, 107
Trd, 431334.083, 100
Trd, 431335.000, 117
Trd, 431335.117, 101
Trd, 431335.817, 106
Trd, 431336.167, 89
Trd, 431336.567, 116
Trd, 431337.050, 101
Trd, 431338.017, 114
Trd, 431338.633, 117
Trd, 431339.050, 118
Trd, 431339.683, 89
Trd, 431340.850, 90
Trd, 431340.867, 88
Trd, 431341.350, 79
Trd, 431342.183, 93
Trd, 431342.300, 104
Trd, 431343.117, 92
Trd, 431345.550, 92
Trd, 431346.083, 127
Trd, 431346.750, 100
Trd, 431346.983, 133
Trd, 431347.567, 119
Trd, 431348.833, 97
Trd, 431352.650, 99
Trd, 431352.667, 98
Trd, 431352.867, 90
Trd, 431353.167, 100
Trd, 431354.767, 102
Trd, 431355.283, 101
Trd, 431357.767, 79
Trd, 431358.533, 87
Trd, 431358.767, 84
Trd, 431359.017, 89
Trd, 431359.033, 84
Trd, 431359.300, 90
Trd, 431359.433, 93
Trd, 431360.433, 101
Trd, 431361.033, 102
Trd, 431361.150, 98
Trd, 431361.383, 123
Trd, 431364.517, 108
Trd, 431365.250, 103
Trd, 431365.433, 90
Trd, 431366.533, 89
Trd, 431368.117, 88
Trd, 431368.150, 90
Trd, 431369.900, 87
Trd, 431370.183, 79
Trd, 431370.683, 83
Trd, 431371.467, 104
Trd, 431371.783, 98
Trd, 431371.900, 117
Trd, 431372.850, 103
Trd, 431373.900, 89
Trd, 431374.150, 98
Trd, 431374.717, 91
Trd, 431374.867, 95
Trd, 431375.783, 84
Trd, 431375.883, 115
Trd, 431378.617, 111
Trd, 431379.117, 92
Trd, 431379.333, 80
Trd, 431381.300, 85
Trd, 431381.367, 101
Trd, 431382.100, 104
Trd, 431383.050, 109
Trd, 431383.517, 103
Trd, 431383.583, 102
Trd, 431384.383, 97
Trd, 431384.617, 91
Trd, 431384.817, 118
Trd, 431385.667, 113
Trd, 431385.867, 118
Trd, 431386.433, 101
Trd, 431387.450, 96
Trd, 431387.600, 94
Trd, 431388.533, 126
Trd, 431389.417, 80
Trd, 431390.517, 117
Trd, 431390.883, 92
Trd, 431390.900, 80
Trd, 431392.667, 114
Trd, 431392.833, 94
Trd, 431394.400, 91
Trd, 431394.583, 96
Trd, 431395.117, 89
Trd, 431396.183, 106
Trd, 431396.433, 103
Trd, 431396.483, 101
Trd, 431396.933, 93
Trd, 431400.617, 107
Trd, 431400.800, 105
Trd, 431401.817, 99
Trd, 431402.317, 94
Trd, 431403.533, 106
Trd, 431404.650, 90
Trd, 431406.683, 98
Trd, 431406.700, 93
Trd, 431407.183, 93
Trd, 431407.333, 87
Trd, 431408.167, 95
Trd, 431408.700, 104
Trd, 431408.767, 84
Trd, 431408.833, 83
Trd, 431409.767, 83
Trd, 431410.800, 117
Trd, 431411.733, 118
Trd, 431412.917, 128
Trd, 431413.133, 117
Trd, 431413.950, 116
Trd, 431414.333, 109
Trd, 431414.567, 91
Trd, 431415.050, 99
Trd, 431416.333, 85
Trd, 431416.467, 117
Trd, 431416.750, 91
Trd, 431417.267, 116
Trd, 431418.683, 104
Trd, 431421.767, 103
Trd, 431422.083, 101
Trd, 431422.250, 99
Trd, 431422.350, 89
Trd, 431423.583, 102
Trd, 431424.183, 92
Trd, 431424.933, 84
Trd, 431425.467, 84
Trd, 431425.883, 110
Trd, 431428.017, 94
Trd, 431428.383, 111
Trd, 431429.467, 89
Trd, 431429.667, 88
Trd, 431429.933, 116
Trd, 431430.750, 94
Trd, 431430.917, 122
Trd, 431432.817, 106
Trd, 431433.550, 90
Trd, 431433.900, 94
Trd, 431434.633, 106
Trd, 431434.683, 90
Trd, 431436.467, 102
Trd, 431437.650, 101
Trd, 431437.783, 95
Trd, 431438.283, 108
Trd, 431438.917, 85
Trd, 431439.067, 109
Trd, 431440.850, 93
Trd, 431441.333, 122
Trd, 431442.033, 82
Trd, 431443.117, 97
Trd, 431444.183, 112
Trd, 431444.250, 111
Trd, 431444.483, 109
Trd, 431445.250, 89
Trd, 431446.583, 115
Trd, 431446.800, 84
Trd, 431448.000, 84
Trd, 431448.817, 84
Trd, 431448.983, 94
Trd, 431449.867, 83
Trd, 431450.400, 96
Trd, 431451.550, 128
Trd, 431453.217, 101
Trd, 431453.417, 118
Trd, 431455.733, 92
Trd, 431456.233, 115
Trd, 431456.267, 86
Trd, 431457.967, 98
Trd, 431458.450, 97
Trd, 431459.467, 97
Trd, 431459.533, 100
Trd, 431460.817, 79
Trd, 431461.817, 90
Trd, 431462.283, 83
Trd, 431462.317, 90
Trd, 431462.483, 86
Trd, 431462.517, 104
Trd, 431463.400, 84
Trd, 431464.650, 90
Trd, 431465.733, 99
Trd, 431466.083, 98
Trd, 431466.117, 93
Trd, 431468.000, 91
Trd, 431468.433, 87
Trd, 431469.067, 88
Trd, 431469.750, 96
Trd, 431470.350, 86
Trd, 431471.983, 96
Trd, 431472.617, 99
Trd, 431472.917, 121
Trd, 431473.267, 91
Trd, 431474.100, 87
Trd, 431475.700, 104
Trd, 431476.083, 101
Trd, 431477.883, 99
Trd, 431478.317, 106
Trd, 431478.400, 117
Trd, 431479.783, 103
Trd, 431481.100, 102
Trd, 431481.350, 92
Trd, 431481.433, 78
Trd, 431481.633, 119
Trd, 431483.817, 98
Trd, 431484.767, 91
Trd, 431485.117, 101
Trd, 431486.983, 95
Trd, 431487.017, 93
Trd, 431488.433, 115
Trd, 431488.500, 115
Trd, 431489.100, 94
Trd, 431489.283, 116
Trd, 431490.950, 93
Trd, 431491.650, 79
Trd, 431492.417, 80
Trd, 431493.083, 78
Trd, 431493.417, 82
Trd, 431493.550, 91
Trd, 431493.967, 84
Trd, 431494.200, 78
Trd, 431494.833, 117
Trd, 431495.817, 115
Trd, 431496.650, 104
Trd, 431498.917, 111
Trd, 431499.267, 127
Trd, 431499.950, 109
Trd, 431500.117, 100
Trd, 431500.300, 89
Trd, 431501.950, 94
Trd, 431503.250, 103
Trd, 431503.850, 128
Trd, 431504.733, 96
Trd, 431506.317, 101
Trd, 431506.417, 98
Trd, 431507.217, 84
Trd, 431507.267, 86
Trd, 431507.817, 84
Trd, 431507.917, 88
Trd, 431508.917, 92
Trd, 431509.217, 85
Trd, 431509.233, 96
Trd, 431511.000, 80
Trd, 431512.333, 82
Trd, 431513.100, 88
Trd, 431513.217, 90
Trd, 431515.300, 97
Trd, 431516.333, 101
Trd, 431516.350, 96
Trd, 431517.150, 89
Trd, 431517.933, 80
Trd, 431519.050, 79
Trd, 431520.483, 92
Trd, 431521.617, 87
Trd, 431523.083, 79
Trd, 431523.550, 104
Trd, 431523.800, 92
Trd, 431525.233, 111
Trd, 431525.950, 101
Trd, 431526.867, 92
Trd, 431527.233, 91
Trd, 431527.800, 88
Trd, 431528.067, 87
Trd, 431528.267, 93
Trd, 431529.283, 90
Trd, 431529.317, 95
Trd, 431531.733, 91
Trd, 431532.467, 101
Trd, 431533.067, 104
Trd, 431534.700, 124
Trd, 431535.650, 102
Trd, 431535.800, 101
Trd, 431535.867, 95
Trd, 431536.067, 137
Trd, 431536.383, 105
Trd, 431536.667, 83
Trd, 431538.400, 111
Trd, 431539.700, 92
Trd, 431540.150, 93
Trd, 431541.300, 88
Trd, 431542.067, 92
Trd, 431543.400, 97
Trd, 431543.783, 91
Trd, 431544.100, 92
Trd, 431544.883, 91
Trd, 431545.233, 90
Trd, 431545.250, 104
Trd, 431545.617, 122
Trd, 431547.633, 90
Trd, 431548.667, 87
Trd, 431548.783, 88
Trd, 431549.117, 94
Trd, 431549.733, 90
Trd, 431551.383, 85
Trd, 431551.517, 79
Trd, 431551.567, 99
Trd, 431552.967, 103
Trd, 431553.667, 101
Trd, 431556.933, 97
Trd, 431557.200, 105
Trd, 431557.467, 89
Trd, 431558.717, 91
Trd, 431559.650, 110
Trd, 431560.100, 97
Trd, 431560.333, 96
Trd, 431561.850, 95
Trd, 431562.983, 98
Trd, 431563.417, 113
Trd, 431563.633, 114
Trd, 431565.650, 103
Trd, 431565.850, 108
Trd, 431565.983, 100
Trd, 431566.800, 95
Trd, 431566.900, 119
Trd, 431567.900, 87
Trd, 431568.717, 89
Trd, 431569.500, 107
Trd, 431569.917, 86
Trd, 431571.233, 102
Trd, 431572.367, 104
Trd, 431573.183, 103
Trd, 431574.067, 108
Trd, 431574.200, 101
Trd, 431574.233, 95
Trd, 431574.700, 80
Trd, 431575.417, 79
Trd, 431575.467, 75
Trd, 431576.000, 109
Trd, 431576.933, 81
Trd, 431577.633, 80
Trd, 431577.817, 105
Trd, 431581.883, 109
Trd, 431581.967, 95
Trd, 431582.183, 100
Trd, 431582.800, 116
Trd, 431583.233, 112
Trd, 431584.233, 94
Trd, 431584.800, 93
Trd, 431585.733, 111
Trd, 431586.117, 109
Trd, 431586.600, 90
Trd, 431587.917, 87
Trd, 431588.317, 88
Trd, 431589.433, 102
Trd, 431590.200, 99
Trd, 431590.417, 73
Trd, 431590.600, 83
Trd, 431592.633, 103
Trd, 431593.417, 104
Trd, 431593.783, 104
Trd, 431594.017, 89
Trd, 431595.233, 118
Trd, 431596.100, 107
Trd, 431597.000, 107
Trd, 431597.867, 124
Trd, 431601.067, 110
Trd, 431601.433, 100
Trd, 431603.500, 104
Trd, 431603.717, 105
Trd, 431603.967, 96
Trd, 431604.650, 114
Trd, 431604.800, 112
Trd, 431605.300, 109
Trd, 431605.800, 120
Trd, 431606.033, 121
Trd, 431606.517, 104
Trd, 431606.650, 89
Trd, 431606.833, 115
Trd, 431607.700, 97
Trd, 431608.150, 96
Trd, 431608.217, 85
Trd, 431609.350, 81
Trd, 431612.583, 98
Trd, 431613.350, 82
Trd, 431613.517, 104
Trd, 431613.817, 124
Trd, 431615.050, 100
Trd, 431615.250, 81
Trd, 431616.033, 86
Trd, 431616.550, 87
Trd, 431616.767, 84
Trd, 431617.100, 84
Trd, 431617.417, 79
Trd, 431617.550, 77
Trd, 431617.983, 93
Trd, 431619.683, 100
Trd, 431620.183, 116
Trd, 431620.400, 118
Trd, 431620.617, 93
Trd, 431622.850, 90
Trd, 431624.517, 116
Trd, 431626.700, 99
Trd, 431626.917, 114
Trd, 431627.217, 97
Trd, 431627.267, 90
Trd, 431628.833, 97
Trd, 431630.600, 102
Trd, 431632.683, 94
Trd, 431633.150, 99
Trd, 431633.200, 93
Trd, 431633.400, 93
Trd, 431633.917, 91
Trd, 431634.017, 89
Trd, 431635.167, 95
Trd, 431635.667, 104
Trd, 431635.683, 111
Trd, 431637.017, 106
Trd, 431637.583, 119
Trd, 431638.117, 117
Trd, 431638.250, 101
Trd, 431639.483, 85
Trd, 431640.267, 87
Trd, 431640.633, 107
Trd, 431640.933, 106
Trd, 431641.550, 101
Trd, 431645.500, 85
Trd, 431646.133, 101
Trd, 431646.217, 82
Trd, 431646.267, 104
Trd, 431646.600, 121
Trd, 431646.883, 121
Trd, 431647.517, 98
Trd, 431647.600, 89
Trd, 431649.433, 101
Trd, 431649.717, 114
Trd, 431649.750, 97
Trd, 431650.683, 114
Trd, 431651.467, 93
Trd, 431653.883, 102
Trd, 431656.033, 111
Trd, 431656.133, 97
Trd, 431656.867, 86
Trd, 431658.133, 82
Trd, 431659.400, 89
Trd, 431659.450, 80
Trd, 431659.733, 104
Trd, 431660.283, 120
Trd, 431660.550, 88
Trd, 431661.667, 95
Trd, 431662.550, 92
Trd, 431663.017, 100
Trd, 431663.933, 86
Trd, 431664.667, 84
Trd, 431665.950, 102
Trd, 431666.083, 101
Trd, 431666.617, 104
Trd, 431666.900, 103
Trd, 431667.500, 93
Trd, 431668.533, 92
Trd, 431668.550, 88
Trd, 431669.183, 108
Trd, 431669.750, 86
Trd, 431670.183, 118
Trd, 431671.433, 98
Trd, 431671.950, 87
Trd, 431672.633, 93
Trd, 431673.233, 109
Trd, 431674.533, 94
Trd, 431675.567, 96
Trd, 431676.450, 104
Trd, 431677.367, 135
Trd, 431679.050, 93
Trd, 431679.117, 80
Trd, 431679.433, 79
Trd, 431680.067, 79
Trd, 431682.083, 91
Trd, 431683.250, 92
Trd, 431683.883, 100
Trd, 431684.717, 100
Trd, 431684.883, 88
Trd, 431685.417, 83
Trd, 431686.050, 104
Trd, 431687.100, 98
Trd, 431688.383, 91
Trd, 431688.533, 112
Trd, 431688.883, 90
Trd, 431689.333, 89
Trd, 431690.017, 112
Trd, 431690.083, 96
Trd, 431691.117, 118
Trd, 431691.150, 101
Trd, 431692.150, 124
Trd, 431692.683, 82
Trd, 431695.583, 93
Trd, 431696.283, 98
Trd, 431696.883, 109
Trd, 431696.950, 87
Trd, 431697.017, 85
Trd, 431697.933, 128
Trd, 431698.633, 130
Trd, 431701.067, 118
Trd, 431701.083, 109
Trd, 431701.300, 96
Trd, 431702.750, 97
Trd, 431702.967, 95
Trd, 431703.867, 128
Trd, 431705.167, 121
Trd, 431705.417, 102
Trd, 431705.500, 101
Trd, 431705.783, 100
Trd, 431706.000, 85
Trd, 431707.667, 88
Trd, 431708.717, 85
Trd, 431708.817, 95
Trd, 431709.283, 79
Trd, 431710.050, 81
Trd, 431712.367, 107
Trd, 431712.833, 101
Trd, 431712.917, 96
Trd, 431713.867, 103
Trd, 431714.150, 89
Trd, 431714.183, 104
Trd, 431715.517, 89
Trd, 431715.650, 81
Trd, 431715.900, 91
Trd, 431715.950, 119
Trd, 431716.217, 81
Trd, 431717.883, 128
Trd, 431718.833, 106
Trd, 431719.567, 120
Trd, 431720.117, 93
Trd, 431721.000, 93
Trd, 431722.750, 118
Trd, 431724.517, 102
Trd, 431724.767, 124
Trd, 431725.267, 101
Trd, 431725.433, 96
Trd, 431725.533, 95
Trd, 431725.617, 93
Trd, 431726.800, 93
Trd, 431727.300, 103
Trd, 431727.567, 104
Trd, 431729.400, 94
Trd, 431731.433, 100
Trd, 431731.950, 81
Trd, 431732.417, 90
Trd, 431733.183, 93
Trd, 431733.850, 79
Trd, 431735.283, 94
Trd, 431735.600, 91
Trd, 431735.817, 90
Trd, 431736.050, 104
Trd, 431736.200, 102
Trd, 431736.967, 109
Trd, 431737.417, 120
Trd, 431738.567, 100
Trd, 431739.550, 107
Trd, 431741.017, 99
Trd, 431742.583, 99
Trd, 431742.717, 86
Trd, 431742.783, 107
Trd, 431742.833, 83
Trd, 431743.633, 79
Trd, 431743.650, 116
Trd, 431743.783, 117
Trd, 431745.750, 96
Trd, 431746.833, 96
Trd, 431747.200, 96
Trd, 431747.550, 102
Trd, 431747.883, 95
Trd, 431748.300, 88
Trd, 431748.417, 95
Trd, 431749.300, 104
Trd, 431749.500, 117
Trd, 431750.483, 102
Trd, 431750.917, 88
Trd, 431752.767, 102
Trd, 431753.300, 113
Trd, 431753.433, 105
Trd, 431753.467, 103
Trd, 431754.550, 98
Trd, 431755.217, 91
Trd, 431756.067, 87
Trd, 431756.617, 81
Trd, 431758.183, 100
Trd, 431758.217, 114
Trd, 431758.317, 88
Trd, 431759.467, 88
Trd, 431759.917, 79
Trd, 431760.117, 117
Trd, 431761.400, 111
Trd, 431764.483, 110
Trd, 431764.950, 109
Trd, 431765.550, 102
Trd, 431765.600, 101
Trd, 431766.533, 114
Trd, 431766.850, 109
Trd, 431767.017, 106
Trd, 431767.783, 88
Trd, 431768.117, 99
Trd, 431768.800, 113
Trd, 431769.367, 115
Trd, 431769.483, 86
Trd, 431771.000, 88
Trd, 431772.267, 87
Trd, 431772.550, 76
Trd, 431772.600, 94
Trd, 431773.633, 95
Trd, 431775.733, 83
Trd, 431776.083, 124
Trd, 431776.483, 102
Trd, 431779.517, 104
Trd, 431780.017, 91
Trd, 431780.383, 100
Trd, 431780.733, 84
Trd, 431781.650, 83
Trd, 431783.417, 92
Trd, 431783.567, 86
Trd, 431783.817, 85
Trd, 431783.883, 102
Trd, 431784.750, 86
Trd, 431785.067, 102
Trd, 431786.317, 88
Trd, 431786.450, 103
Trd, 431786.883, 92
Trd, 431788.283, 104
Trd, 431789.300, 119
Trd, 431790.000, 101
Trd, 431791.133, 118
Trd, 431792.083, 81
Trd, 431792.167, 88
Trd, 431792.350, 79
Trd, 431792.450, 81
Trd, 431793.800, 86
Trd, 431793.817, 98
Trd, 431794.033, 104
Trd, 431794.067, 83
Trd, 431794.317, 105
Trd, 431794.550, 100
Trd, 431794.967, 91
Trd, 431798.433, 87
Trd, 431798.517, 84
Trd, 431798.783, 101
Trd, 431800.367, 124
Trd, 431800.467, 137
Trd, 431801.050, 81
Trd, 431801.483, 95
Trd, 431802.483, 88
Trd, 431803.417, 85
Trd, 431803.517, 93
Trd, 431805.183, 86
Trd, 431806.317, 80
Trd, 431806.633, 80
Trd, 431806.983, 94
Trd, 431807.300, 101
Trd, 431808.817, 87
Trd, 431809.550, 99
Trd, 431809.600, 85
Trd, 431811.683, 103
Trd, 431811.883, 104
Trd, 431812.667, 103
Trd, 431812.800, 101
Trd, 431814.200, 102
Trd, 431815.317, 91
Trd, 431816.850, 101
Trd, 431817.200, 99
Trd, 431817.783, 104
Trd, 431818.950, 110
Trd, 431819.183, 117
Trd, 431820.183, 108
Trd, 431821.783, 118
Trd, 431821.950, 102
Trd, 431822.033, 101
Trd, 431822.050, 93
Trd, 431822.350, 82
Trd, 431823.150, 82
Trd, 431825.583, 87
Trd, 431826.233, 86
Trd, 431827.667, 104
Trd, 431827.717, 86
Trd, 431827.783, 86
Trd, 431827.933, 122
Trd, 431828.050, 83
Trd, 431829.600, 95
Trd, 431830.883, 96
Trd, 431831.550, 102
Trd, 431832.817, 101
Trd, 431833.367, 104
Trd, 431833.467, 111
Trd, 431834.767, 108
Trd, 431835.200, 107
Trd, 431836.367, 101
Trd, 431838.467, 110
Trd, 431838.983, 89
Trd, 431839.183, 82
Trd, 431839.300, 88
Trd, 431840.500, 82
Trd, 431840.633, 90
Trd, 431841.900, 91
Trd, 431842.667, 84
Trd, 431842.850, 99
Trd, 431844.017, 104
Trd, 431844.650, 109
Trd, 431846.050, 117
Trd, 431846.083, 99
Trd, 431846.450, 99
Trd, 431846.850, 84
Trd, 431848.133, 87
Trd, 431848.283, 102
Trd, 431848.683, 117
Trd, 431849.500, 128
Trd, 431849.983, 98
Trd, 431850.400, 78
Trd, 431851.550, 97
Trd, 431852.200, 87
Trd, 431852.817, 90
Trd, 431853.233, 95
Trd, 431853.383, 97
Trd, 431854.367, 87
Trd, 431855.117, 110
Trd, 431856.017, 118
Trd, 431856.783, 100
Trd, 431857.233, 98
Trd, 431857.400, 91
Trd, 431857.933, 96
Trd, 431859.350, 102
Trd, 431860.233, 113
Trd, 431862.867, 117
Trd, 431863.083, 102
Trd, 431863.517, 123
Trd, 431864.317, 104
Trd, 431865.000, 101
Trd, 431865.017, 97
Trd, 431865.267, 93
Trd, 431865.467, 102
Trd, 431865.833, 91
Trd, 431866.283, 110
Trd, 431867.050, 120
Trd, 431867.367, 96
Trd, 431867.700, 88
Trd, 431868.283, 88
Trd, 431869.633, 100
Trd, 431869.683, 117
Trd, 431869.933, 94
Trd, 431870.083, 89
Trd, 431870.700, 113
Trd, 431870.833, 109
Trd, 431872.367, 79
Trd, 431874.817, 81
Trd, 431875.300, 98
Trd, 431877.133, 90
Trd, 431878.350, 90
Trd, 431878.867, 90
Trd, 431879.283, 81
Trd, 431879.567, 83
Trd, 431881.000, 101
Trd, 431882.783, 95
Trd, 431883.350, 95
Trd, 431883.483, 95
Trd, 431884.367, 93
Trd, 431884.900, 94
Trd, 431885.150, 95
Trd, 431885.667, 101
Trd, 431886.983, 116
Trd, 431887.733, 113
Trd, 431887.850, 112
Trd, 431889.000, 96
Trd, 431891.233, 88
Trd, 431891.650, 116
Trd, 431891.917, 116
Trd, 431892.417, 110
Trd, 431892.633, 117
Trd, 431893.533, 86
Trd, 431893.667, 82
Trd, 431894.117, 89
Trd, 431894.300, 83
Trd, 431894.850, 82
Trd, 431895.567, 100
Trd, 431895.767, 93
Trd, 431896.800, 88
Trd, 431899.033, 131
Trd, 431899.300, 126
Trd, 431899.633, 114
Trd, 431900.883, 124
Trd, 431901.083, 127
Trd, 431902.150, 102
Trd, 431902.967, 101
Trd, 431904.317, 94
Trd, 431905.033, 81
Trd, 431906.317, 85
Trd, 431906.400, 85
Trd, 431907.250, 83
Trd, 431907.517, 88
Trd, 431907.550, 90
Trd, 431907.567, 78
Trd, 431907.767, 112
Trd, 431908.350, 81
Trd, 431908.633, 73
Trd, 431910.150, 96
Trd, 431910.800, 85
Trd, 431910.817, 99
Trd, 431911.833, 83
Trd, 431912.567, 115
Trd, 431913.350, 98
Trd, 431913.767, 87
Trd, 431916.417, 111
Trd, 431917.367, 112
Trd, 431920.067, 107
Trd, 431920.233, 112
Trd, 431920.267, 120
Trd, 431920.367, 98
Trd, 431921.183, 98
Trd, 431921.833, 98
Trd, 431922.100, 102
Trd, 431922.333, 101
Trd, 431922.733, 99
Trd, 431923.100, 77
Trd, 431925.850, 95
Trd, 431926.033, 104
Trd, 431926.383, 106
Trd, 431927.533, 127
Trd, 431927.767, 93
Trd, 431928.983, 100
Trd, 431930.367, 100
Trd, 431930.433, 99
Trd, 431934.100, 96
Trd, 431934.683, 79
Trd, 431934.933, 109
Trd, 431935.083, 87
Trd, 431935.517, 110
Trd, 431936.317, 97
Trd, 431936.783, 90
Trd, 431936.983, 88
Trd, 431937.900, 100
Trd, 431938.483, 94
Trd, 431939.083, 90
Trd, 431939.750, 105
Trd, 431942.450, 82
Trd, 431942.933, 94
Trd, 431943.250, 84
Trd, 431943.683, 95
Trd, 431944.783, 96
Trd, 431945.033, 104
Trd, 431945.483, 93
Trd, 431946.717, 87
Trd, 431947.667, 87
Trd, 431947.883, 85
Trd, 431948.450, 99
Trd, 431949.517, 106
Trd, 431950.067, 91
Trd, 431950.867, 86
Trd, 431950.983, 108
Trd, 431951.150, 100
Trd, 431951.183, 85
Trd, 431951.283, 109
Trd, 431954.883, 97
Trd, 431955.700, 95
Trd, 431956.633, 90
Trd, 431956.767, 81
Trd, 431957.667, 100
Trd, 431957.983, 100
Trd, 431958.800, 83
Trd, 431958.833, 118
Trd, 431961.933, 88
Trd, 431962.417, 90
Trd, 431962.550, 96
Trd, 431962.967, 94
Trd, 431963.150, 93
Trd, 431963.717, 88
Trd, 431964.100, 102
Trd, 431964.650, 87
Trd, 431966.083, 104
Trd, 431966.433, 101
Trd, 431968.067, 109
Trd, 431968.117, 101
Trd, 431968.550, 109
Trd, 431968.600, 83
Trd, 431968.733, 116
Trd, 431969.500, 94
Trd, 431971.533, 92
Trd, 431971.767, 118
Trd, 431972.933, 78
Trd, 431973.683, 117
Trd, 431973.917, 100
Trd, 431974.317, 95
Trd, 431976.433, 102
Trd, 431976.900, 100
Trd, 431978.000, 116
Trd, 431978.967, 99
Trd, 431980.183, 123
Trd, 431980.567, 96
Trd, 431980.783, 97
Trd, 431982.583, 101
Trd, 431983.217, 121
Trd, 431983.517, 101
Trd, 431984.533, 88
Trd, 431984.567, 87
Trd, 431984.750, 106
Trd, 431984.917, 87
Trd, 431986.667, 86
Trd, 431986.833, 90
Trd, 431987.417, 102
Trd, 431987.600, 104
Trd, 431988.367, 114
Trd, 431988.733, 102
Trd, 431989.167, 89
Trd, 431989.300, 92
Trd, 431993.350, 96
Trd, 431993.600, 120
Trd, 431993.683, 119
Trd, 431994.133, 113
Trd, 431994.200, 90
Trd, 431994.617, 101
Trd, 431994.700, 103
Trd, 431994.967, 97
Trd, 431996.900, 96
Trd, 431997.550, 102
Trd, 431999.217, 86
Trd, 431999.733, 106
Trd, 431999.783, 101
