Trd, 430637.217, 106
Trd, 430638.300, 100
Trd, 430640.650, 101
Trd, 430641.650, 98
Trd, 430642.033, 95
Trd, 430642.683, 108
Trd, 430643.033, 97
Trd, 430644.017, 98
Trd, 430644.133, 97
Trd, 430644.750, 95
Trd, 430646.100, 100
Trd, 430646.767, 102
Trd, 430646.900, 95
Trd, 430647.583, 94
Trd, 430648.317, 100
Trd, 430649.200, 98
Trd, 430649.533, 92
Trd, 430650.233, 100
Trd, 430651.117, 102
Trd, 430651.267, 105
Trd, 430651.333, 106
Trd, 430652.217, 103
Trd, 430654.867, 87
Trd, 430655.983, 99
Trd, 430656.533, 101
Trd, 430657.067, 104
Trd, 430657.983, 110
Trd, 430658.167, 97
Trd, 430659.517, 100
Trd, 430660.167, 98
Trd, 430660.367, 106
Trd, 430660.733, 86
Trd, 430661.100, 81
Trd, 430661.850, 81
Trd, 430661.950, 105
Trd, 430663.633, 100
Trd, 430663.967, 112
Trd, 430664.883, 113
Trd, 430665.000, 101
Trd, 430665.850, 97
Trd, 430666.883, 95
Trd, 430667.700, 100
Trd, 430668.367, 102
Trd, 430668.683, 102
Trd, 430669.567, 97
Trd, 430670.317, 101
Trd, 430670.467, 95
Trd, 430670.750, 93
Trd, 430671.167, 102
Trd, 430671.317, 106
Trd, 430671.683, 99
Trd, 430671.733, 110
Trd, 430672.967, 111
Trd, 430673.167, 83
Trd, 430673.350, 82
Trd, 430673.650, 100
Trd, 430674.233, 96
Trd, 430674.600, 97
Trd, 430675.083, 95
Trd, 430676.350, 104
Trd, 430677.750, 80
Trd, 430677.817, 93
Trd, 430677.950, 98
Trd, 430680.717, 106
Trd, 430681.250, 103
Trd, 430681.700, 98
Trd, 430682.317, 95
Trd, 430682.667, 101
Trd, 430683.167, 105
Trd, 430685.550, 98
Trd, 430686.000, 94
Trd, 430686.033, 99
Trd, 430686.500, 102
Trd, 430687.733, 91
Trd, 430688.400, 81
Trd, 430689.133, 103
Trd, 430690.567, 99
Trd, 430690.983, 96
Trd, 430691.883, 97
Trd, 430694.417, 100
Trd, 430694.733, 103
Trd, 430695.617, 105
Trd, 430695.817, 106
Trd, 430696.667, 95
Trd, 430699.050, 98
Trd, 430699.267, 99
Trd, 430700.217, 101
Trd, 430701.067, 110
Trd, 430701.900, 109
Trd, 430702.067, 99
Trd, 430702.167, 98
Trd, 430702.550, 97
Trd, 430703.083, 95
Trd, 430703.117, 91
Trd, 430703.183, 91
Trd, 430703.783, 87
Trd, 430703.933, 77
Trd, 430704.400, 105
Trd, 430706.083, 106
Trd, 430709.950, 101
Trd, 430710.017, 89
Trd, 430712.000, 101
Trd, 430712.117, 105
Trd, 430712.617, 95
Trd, 430713.333, 101
Trd, 430714.517, 104
Trd, 430714.783, 85
Trd, 430715.233, 90
Trd, 430716.350, 89
Trd, 430716.500, 87
Trd, 430718.233, 104
Trd, 430718.700, 105
Trd, 430718.850, 95
Trd, 430719.417, 106
Trd, 430719.733, 106
Trd, 430720.417, 110
Trd, 430721.100, 89
Trd, 430722.033, 84
Trd, 430722.083, 82
Trd, 430722.967, 101
Trd, 430724.567, 86
Trd, 430724.650, 91
Trd, 430724.850, 99
Trd, 430725.283, 106
Trd, 430726.550, 97
Trd, 430727.183, 98
Trd, 430730.700, 102
Trd, 430730.933, 97
Trd, 430731.483, 96
Trd, 430731.550, 95
Trd, 430731.767, 99
Trd, 430731.800, 112
Trd, 430733.817, 98
Trd, 430734.417, 99
Trd, 430734.883, 98
Trd, 430735.267, 91
Trd, 430735.667, 92
Trd, 430736.433, 89
Trd, 430736.933, 80
Trd, 430737.667, 95
Trd, 430738.933, 88
Trd, 430739.683, 103
Trd, 430740.267, 93
Trd, 430742.633, 106
Trd, 430743.467, 102
Trd, 430743.500, 100
Trd, 430745.067, 89
Trd, 430745.217, 90
Trd, 430746.000, 105
Trd, 430746.067, 91
Trd, 430746.350, 106
Trd, 430747.000, 108
Trd, 430747.683, 106
Trd, 430749.133, 97
Trd, 430750.750, 104
Trd, 430750.900, 111
Trd, 430752.133, 99
Trd, 430753.200, 100
Trd, 430753.583, 91
Trd, 430754.017, 103
Trd, 430754.917, 91
Trd, 430755.117, 95
Trd, 430757.150, 106
Trd, 430757.550, 107
Trd, 430757.683, 109
Trd, 430757.883, 108
Trd, 430760.317, 114
Trd, 430760.400, 113
Trd, 430760.633, 96
Trd, 430760.850, 95
Trd, 430761.550, 111
Trd, 430761.717, 112
Trd, 430762.933, 81
Trd, 430763.250, 88
Trd, 430764.183, 98
Trd, 430764.533, 83
Trd, 430764.733, 93
Trd, 430765.167, 91
Trd, 430767.117, 87
Trd, 430768.350, 96
Trd, 430769.083, 95
Trd, 430769.667, 87
Trd, 430770.433, 94
Trd, 430770.483, 89
Trd, 430771.450, 98
Trd, 430772.217, 99
Trd, 430773.867, 97
Trd, 430775.167, 92
Trd, 430775.600, 106
Trd, 430775.933, 109
Trd, 430777.000, 94
Trd, 430778.117, 101
Trd, 430779.017, 101
Trd, 430779.200, 106
Trd, 430779.883, 98
Trd, 430780.017, 112
Trd, 430780.450, 95
Trd, 430781.500, 91
Trd, 430782.133, 99
Trd, 430782.183, 94
Trd, 430783.333, 97
Trd, 430783.717, 94
Trd, 430783.900, 82
Trd, 430784.883, 95
Trd, 430785.183, 101
Trd, 430785.450, 106
Trd, 430785.483, 109
Trd, 430786.117, 93
Trd, 430786.983, 84
Trd, 430787.467, 94
Trd, 430788.883, 93
Trd, 430792.333, 93
Trd, 430792.633, 95
Trd, 430792.967, 97
Trd, 430793.050, 87
Trd, 430793.067, 82
Trd, 430793.433, 103
Trd, 430794.383, 106
Trd, 430794.717, 99
Trd, 430795.917, 93
Trd, 430796.233, 116
Trd, 430797.317, 111
Trd, 430798.333, 108
Trd, 430798.967, 105
Trd, 430801.017, 94
Trd, 430801.533, 94
Trd, 430803.067, 95
Trd, 430803.350, 107
Trd, 430803.483, 105
Trd, 430803.800, 95
Trd, 430803.900, 84
Trd, 430805.383, 104
Trd, 430805.700, 97
Trd, 430805.717, 108
Trd, 430806.567, 97
Trd, 430807.100, 100
Trd, 430808.383, 95
Trd, 430809.100, 91
Trd, 430809.267, 90
Trd, 430810.167, 108
Trd, 430810.800, 104
Trd, 430812.400, 95
Trd, 430813.833, 101
Trd, 430815.633, 105
Trd, 430816.000, 101
Trd, 430816.650, 100
Trd, 430817.950, 94
Trd, 430818.767, 104
Trd, 430818.883, 106
Trd, 430819.950, 94
Trd, 430821.917, 96
Trd, 430823.450, 86
Trd, 430823.850, 89
Trd, 430824.133, 102
Trd, 430824.533, 88
Trd, 430824.983, 106
Trd, 430825.933, 96
Trd, 430826.183, 106
Trd, 430827.317, 86
Trd, 430827.350, 106
Trd, 430827.967, 104
Trd, 430828.683, 101
Trd, 430828.767, 101
Trd, 430829.133, 98
Trd, 430829.600, 106
Trd, 430830.717, 108
Trd, 430830.933, 96
Trd, 430831.283, 85
Trd, 430831.467, 92
Trd, 430832.250, 95
Trd, 430833.617, 112
Trd, 430834.450, 108
Trd, 430834.517, 87
Trd, 430835.100, 87
Trd, 430836.133, 111
Trd, 430836.850, 96
Trd, 430838.450, 91
Trd, 430838.567, 101
Trd, 430838.817, 104
Trd, 430839.917, 102
Trd, 430840.050, 119
Trd, 430842.033, 94
Trd, 430842.917, 93
Trd, 430843.317, 96
Trd, 430844.467, 93
Trd, 430845.350, 93
Trd, 430845.400, 92
Trd, 430846.083, 95
Trd, 430846.533, 94
Trd, 430846.700, 100
Trd, 430847.600, 106
Trd, 430849.467, 93
Trd, 430849.683, 93
Trd, 430850.267, 83
Trd, 430850.683, 109
Trd, 430851.200, 90
Trd, 430853.667, 104
Trd, 430854.150, 103
Trd, 430854.533, 104
Trd, 430855.283, 98
Trd, 430856.333, 97
Trd, 430857.600, 98
Trd, 430858.450, 100
Trd, 430860.600, 104
Trd, 430861.367, 98
Trd, 430861.667, 96
Trd, 430861.833, 106
Trd, 430861.933, 95
Trd, 430862.700, 112
Trd, 430863.300, 111
Trd, 430863.683, 112
Trd, 430863.983, 102
Trd, 430864.133, 99
Trd, 430864.183, 87
Trd, 430865.883, 92
Trd, 430866.133, 120
Trd, 430866.350, 123
Trd, 430866.367, 128
Trd, 430867.067, 92
Trd, 430868.567, 97
Trd, 430869.717, 93
Trd, 430870.100, 94
Trd, 430871.417, 101
Trd, 430871.900, 90
Trd, 430872.267, 89
Trd, 430873.517, 90
Trd, 430873.800, 89
Trd, 430873.950, 98
Trd, 430874.817, 97
Trd, 430874.867, 101
Trd, 430876.100, 87
Trd, 430877.017, 106
Trd, 430877.450, 87
Trd, 430877.700, 106
Trd, 430878.550, 108
Trd, 430879.250, 97
Trd, 430879.417, 95
Trd, 430881.583, 94
Trd, 430882.367, 94
Trd, 430883.683, 88
Trd, 430883.750, 93
Trd, 430884.033, 87
Trd, 430885.567, 101
Trd, 430885.900, 92
Trd, 430886.883, 84
Trd, 430887.250, 94
Trd, 430889.967, 93
Trd, 430890.083, 93
Trd, 430890.167, 95
Trd, 430890.850, 98
Trd, 430891.267, 97
Trd, 430892.067, 108
Trd, 430893.350, 97
Trd, 430893.383, 113
Trd, 430893.483, 101
Trd, 430895.000, 95
Trd, 430895.567, 99
Trd, 430895.633, 101
Trd, 430896.000, 90
Trd, 430898.200, 83
Trd, 430900.200, 86
Trd, 430901.367, 104
Trd, 430901.817, 107
Trd, 430902.217, 98
Trd, 430902.517, 103
Trd, 430903.300, 98
Trd, 430903.700, 102
Trd, 430903.983, 95
Trd, 430904.983, 91
Trd, 430905.817, 111
Trd, 430906.550, 101
Trd, 430907.517, 106
Trd, 430908.750, 109
Trd, 430909.017, 108
Trd, 430909.233, 112
Trd, 430909.850, 102
Trd, 430911.317, 95
Trd, 430911.383, 108
Trd, 430911.950, 95
Trd, 430912.517, 95
Trd, 430913.067, 94
Trd, 430913.283, 111
Trd, 430913.967, 109
Trd, 430913.983, 87
Trd, 430914.117, 116
Trd, 430914.783, 98
Trd, 430915.017, 101
Trd, 430916.050, 106
Trd, 430916.800, 108
Trd, 430920.700, 91
Trd, 430921.300, 102
Trd, 430921.350, 103
Trd, 430922.317, 106
Trd, 430923.300, 107
Trd, 430923.767, 98
Trd, 430924.083, 98
Trd, 430924.133, 95
Trd, 430924.633, 110
Trd, 430924.933, 113
Trd, 430926.633, 98
Trd, 430927.383, 91
Trd, 430927.417, 100
Trd, 430927.517, 85
Trd, 430928.050, 94
Trd, 430929.200, 99
Trd, 430929.850, 100
Trd, 430932.283, 97
Trd, 430932.950, 102
Trd, 430933.600, 98
Trd, 430934.400, 104
Trd, 430935.767, 95
Trd, 430935.933, 104
Trd, 430936.217, 87
Trd, 430936.467, 91
Trd, 430936.633, 100
Trd, 430938.367, 106
Trd, 430939.017, 97
Trd, 430939.633, 109
Trd, 430939.783, 95
Trd, 430940.267, 95
Trd, 430940.750, 98
Trd, 430942.283, 96
Trd, 430943.200, 90
Trd, 430943.233, 104
Trd, 430943.633, 86
Trd, 430943.933, 100
Trd, 430944.750, 108
Trd, 430945.150, 88
Trd, 430946.817, 87
Trd, 430947.650, 99
Trd, 430948.433, 100
Trd, 430949.367, 106
Trd, 430949.933, 99
Trd, 430950.700, 103
Trd, 430951.983, 98
Trd, 430952.650, 101
Trd, 430953.100, 111
Trd, 430953.133, 101
Trd, 430954.200, 95
Trd, 430954.700, 91
Trd, 430955.117, 103
Trd, 430955.300, 109
Trd, 430955.550, 91
Trd, 430956.167, 99
Trd, 430958.500, 91
Trd, 430958.800, 87
Trd, 430958.917, 95
Trd, 430958.983, 96
Trd, 430959.017, 99
Trd, 430959.117, 82
Trd, 430959.767, 106
Trd, 430961.183, 108
Trd, 430961.467, 99
Trd, 430961.750, 98
Trd, 430963.200, 107
Trd, 430963.633, 101
Trd, 430963.800, 91
Trd, 430964.467, 96
Trd, 430964.800, 110
Trd, 430967.417, 92
Trd, 430967.917, 108
Trd, 430967.933, 85
Trd, 430968.917, 99
Trd, 430969.700, 89
Trd, 430969.767, 98
Trd, 430971.700, 106
Trd, 430971.900, 93
Trd, 430972.550, 106
Trd, 430973.467, 87
Trd, 430975.650, 88
Trd, 430976.317, 88
Trd, 430976.583, 94
Trd, 430976.850, 96
Trd, 430978.367, 88
Trd, 430978.733, 87
Trd, 430979.100, 97
Trd, 430979.117, 98
Trd, 430980.983, 112
Trd, 430981.483, 113
Trd, 430981.733, 97
Trd, 430982.800, 114
Trd, 430983.817, 95
Trd, 430984.050, 108
Trd, 430984.400, 81
Trd, 430984.683, 83
Trd, 430985.083, 104
Trd, 430985.633, 116
Trd, 430986.700, 98
Trd, 430986.767, 98
Trd, 430987.183, 97
Trd, 430987.800, 105
Trd, 430990.417, 100
Trd, 430991.483, 104
Trd, 430992.417, 88
Trd, 430993.533, 94
Trd, 430994.483, 103
Trd, 430995.133, 98
Trd, 430995.717, 104
Trd, 430996.283, 98
Trd, 430996.600, 95
Trd, 430997.967, 95
Trd, 430998.717, 101
Trd, 430998.983, 115
Trd, 431000.183, 109
Trd, 431001.200, 91
Trd, 431002.733, 109
Trd, 431003.417, 106
Trd, 431005.217, 109
Trd, 431005.517, 110
Trd, 431005.817, 101
Trd, 431006.083, 98
Trd, 431006.983, 96
Trd, 431007.417, 101
Trd, 431007.617, 95
Trd, 431008.333, 100
Trd, 431009.350, 106
Trd, 431011.333, 98
Trd, 431011.467, 113
Trd, 431011.617, 88
Trd, 431012.717, 114
Trd, 431013.317, 92
Trd, 431013.850, 111
Trd, 431015.567, 110
Trd, 431016.000, 101
Trd, 431018.150, 98
Trd, 431018.867, 104
Trd, 431019.233, 100
Trd, 431019.283, 105
Trd, 431019.500, 100
Trd, 431019.683, 99
Trd, 431021.000, 95
Trd, 431021.950, 99
Trd, 431022.883, 87
Trd, 431024.067, 87
Trd, 431024.150, 97
Trd, 431024.533, 112
Trd, 431024.967, 109
Trd, 431025.833, 103
Trd, 431025.883, 111
Trd, 431026.083, 113
Trd, 431027.283, 115
Trd, 431030.050, 91
Trd, 431030.783, 86
Trd, 431031.550, 87
Trd, 431031.917, 94
Trd, 431033.317, 86
Trd, 431033.433, 94
Trd, 431033.633, 95
Trd, 431034.983, 101
Trd, 431035.517, 102
Trd, 431035.550, 96
Trd, 431036.267, 97
Trd, 431037.183, 109
Trd, 431038.250, 92
Trd, 431039.167, 97
Trd, 431039.900, 91
Trd, 431039.950, 103
Trd, 431041.467, 102
Trd, 431041.717, 101
Trd, 431041.983, 109
Trd, 431042.383, 113
Trd, 431042.683, 84
Trd, 431043.300, 85
Trd, 431044.333, 101
Trd, 431044.467, 82
Trd, 431044.583, 100
Trd, 431045.050, 80
Trd, 431046.733, 75
Trd, 431048.533, 78
Trd, 431049.033, 79
Trd, 431049.417, 80
Trd, 431049.433, 94
Trd, 431051.417, 91
Trd, 431052.233, 93
Trd, 431053.300, 95
Trd, 431053.433, 92
Trd, 431053.717, 100
Trd, 431053.967, 103
Trd, 431054.450, 106
Trd, 431054.650, 111
Trd, 431056.733, 101
Trd, 431057.217, 95
Trd, 431057.600, 114
Trd, 431059.133, 97
Trd, 431059.333, 95
Trd, 431061.833, 113
Trd, 431061.950, 98
Trd, 431062.550, 107
Trd, 431062.683, 117
Trd, 431063.717, 95
Trd, 431064.183, 100
Trd, 431064.617, 101
Trd, 431064.750, 94
Trd, 431066.983, 106
Trd, 431067.283, 105
Trd, 431067.967, 105
Trd, 431068.400, 102
Trd, 431070.167, 106
Trd, 431070.200, 95
Trd, 431070.250, 100
Trd, 431071.450, 95
Trd, 431071.517, 105
Trd, 431072.517, 99
Trd, 431073.050, 112
Trd, 431073.717, 112
Trd, 431074.667, 99
Trd, 431076.233, 98
Trd, 431076.333, 100
Trd, 431076.900, 113
Trd, 431077.117, 96
Trd, 431077.467, 92
Trd, 431078.167, 102
Trd, 431079.367, 94
Trd, 431082.733, 91
Trd, 431083.683, 95
Trd, 431084.033, 95
Trd, 431084.183, 83
Trd, 431084.667, 80
Trd, 431084.833, 99
Trd, 431085.017, 102
Trd, 431085.183, 99
Trd, 431085.983, 76
Trd, 431086.500, 101
Trd, 431087.500, 100
Trd, 431088.383, 102
Trd, 431088.400, 106
Trd, 431088.417, 110
Trd, 431089.067, 93
Trd, 431089.633, 104
Trd, 431090.367, 110
Trd, 431091.367, 104
Trd, 431093.717, 89
Trd, 431093.867, 101
Trd, 431095.600, 100
Trd, 431097.067, 93
Trd, 431097.383, 93
Trd, 431097.600, 99
Trd, 431098.517, 106
Trd, 431101.083, 100
Trd, 431101.300, 98
Trd, 431101.417, 101
Trd, 431102.200, 97
Trd, 431102.867, 106
Trd, 431103.433, 95
Trd, 431103.933, 87
Trd, 431104.317, 109
Trd, 431104.850, 86
Trd, 431104.950, 99
Trd, 431105.017, 83
Trd, 431105.133, 109
Trd, 431105.400, 105
Trd, 431105.783, 86
Trd, 431106.000, 95
Trd, 431106.517, 90
Trd, 431109.767, 84
Trd, 431109.883, 86
Trd, 431110.417, 93
Trd, 431110.883, 100
Trd, 431111.467, 87
Trd, 431112.200, 100
Trd, 431113.600, 101
Trd, 431113.917, 103
Trd, 431114.017, 98
Trd, 431115.600, 106
Trd, 431115.633, 112
Trd, 431115.833, 105
Trd, 431117.650, 99
Trd, 431118.333, 104
Trd, 431119.000, 98
Trd, 431119.433, 101
Trd, 431119.600, 96
Trd, 431119.750, 104
Trd, 431120.167, 105
Trd, 431120.917, 95
Trd, 431122.000, 102
Trd, 431123.167, 84
Trd, 431123.617, 104
Trd, 431124.467, 87
Trd, 431125.817, 101
Trd, 431127.317, 85
Trd, 431127.367, 86
Trd, 431129.400, 98
Trd, 431131.050, 106
Trd, 431131.833, 87
Trd, 431132.683, 111
Trd, 431133.833, 99
Trd, 431134.133, 94
Trd, 431134.367, 95
Trd, 431135.133, 98
Trd, 431135.483, 95
Trd, 431136.250, 114
Trd, 431136.733, 99
Trd, 431137.683, 98
Trd, 431137.850, 102
Trd, 431137.917, 105
Trd, 431138.567, 98
Trd, 431140.133, 100
Trd, 431140.400, 95
Trd, 431141.017, 105
Trd, 431142.583, 96
Trd, 431143.150, 103
Trd, 431145.067, 97
Trd, 431145.183, 95
Trd, 431145.867, 90
Trd, 431147.167, 96
Trd, 431147.217, 101
Trd, 431147.450, 82
Trd, 431148.167, 103
Trd, 431148.433, 76
Trd, 431149.183, 98
Trd, 431150.017, 98
Trd, 431150.900, 94
Trd, 431154.067, 95
Trd, 431154.317, 96
Trd, 431155.383, 94
Trd, 431156.283, 98
Trd, 431156.433, 99
Trd, 431157.433, 98
Trd, 431158.750, 101
Trd, 431158.783, 92
Trd, 431159.650, 82
Trd, 431161.000, 93
Trd, 431161.083, 95
Trd, 431163.033, 95
Trd, 431163.533, 94
Trd, 431164.167, 90
Trd, 431164.650, 99
Trd, 431165.100, 103
Trd, 431165.683, 111
Trd, 431166.600, 106
Trd, 431166.633, 109
Trd, 431168.067, 96
Trd, 431168.300, 89
Trd, 431168.967, 106
Trd, 431168.983, 86
Trd, 431169.250, 85
Trd, 431170.550, 85
Trd, 431170.617, 93
Trd, 431170.800, 94
Trd, 431171.833, 100
Trd, 431173.017, 104
Trd, 431175.133, 98
Trd, 431175.300, 102
Trd, 431177.067, 95
Trd, 431177.717, 91
Trd, 431178.250, 92
Trd, 431179.333, 95
Trd, 431180.317, 98
Trd, 431181.250, 96
Trd, 431181.917, 102
Trd, 431182.100, 95
Trd, 431182.533, 96
Trd, 431182.850, 88
Trd, 431184.083, 95
Trd, 431184.183, 96
Trd, 431184.450, 104
Trd, 431185.867, 105
Trd, 431186.567, 95
Trd, 431187.233, 93
Trd, 431187.783, 103
Trd, 431188.350, 106
Trd, 431188.983, 111
Trd, 431189.950, 96
Trd, 431192.850, 95
Trd, 431193.150, 104
Trd, 431193.650, 106
Trd, 431194.433, 95
Trd, 431194.683, 89
Trd, 431195.167, 104
Trd, 431195.400, 83
Trd, 431195.633, 112
Trd, 431196.050, 101
Trd, 431196.083, 94
Trd, 431196.400, 93
Trd, 431200.883, 97
Trd, 431201.000, 96
Trd, 431201.133, 99
Trd, 431201.883, 98
Trd, 431202.167, 101
Trd, 431202.833, 106
Trd, 431204.217, 96
Trd, 431204.667, 98
Trd, 431204.817, 95
Trd, 431205.233, 88
Trd, 431205.633, 109
Trd, 431205.767, 120
Trd, 431208.217, 97
Trd, 431208.467, 91
Trd, 431208.500, 102
Trd, 431209.567, 89
Trd, 431210.517, 98
Trd, 431210.600, 105
Trd, 431213.300, 106
Trd, 431213.550, 93
Trd, 431214.200, 103
Trd, 431214.567, 103
Trd, 431215.650, 101
Trd, 431217.333, 89
Trd, 431218.750, 93
Trd, 431218.883, 86
Trd, 431219.150, 99
Trd, 431219.400, 90
Trd, 431220.050, 98
Trd, 431220.500, 83
Trd, 431221.350, 81
Trd, 431222.167, 96
Trd, 431223.950, 89
Trd, 431224.550, 104
Trd, 431224.817, 105
Trd, 431225.250, 103
Trd, 431226.533, 101
Trd, 431227.183, 99
Trd, 431228.500, 101
Trd, 431229.200, 103
Trd, 431230.333, 101
Trd, 431230.450, 103
Trd, 431231.067, 100
Trd, 431232.167, 98
Trd, 431232.583, 94
Trd, 431233.033, 85
Trd, 431233.867, 98
Trd, 431234.283, 95
Trd, 431234.767, 97
Trd, 431235.033, 85
Trd, 431235.917, 91
Trd, 431236.667, 96
Trd, 431238.067, 103
Trd, 431238.967, 106
Trd, 431240.450, 102
Trd, 431240.900, 93
Trd, 431242.500, 97
Trd, 431242.700, 105
Trd, 431242.833, 94
Trd, 431243.750, 104
Trd, 431244.867, 104
Trd, 431245.433, 92
Trd, 431245.767, 101
Trd, 431247.050, 90
Trd, 431247.817, 87
Trd, 431247.950, 85
Trd, 431251.967, 94
Trd, 431252.417, 95
Trd, 431252.967, 101
Trd, 431253.050, 96
Trd, 431253.650, 106
Trd, 431254.850, 104
Trd, 431254.967, 100
Trd, 431255.367, 107
Trd, 431257.067, 101
Trd, 431257.767, 103
Trd, 431257.800, 100
Trd, 431258.867, 98
Trd, 431259.300, 101
Trd, 431260.183, 109
Trd, 431260.400, 108
Trd, 431263.800, 92
Trd, 431264.000, 94
Trd, 431264.500, 103
Trd, 431265.350, 97
Trd, 431265.433, 89
Trd, 431266.750, 85
Trd, 431267.750, 81
Trd, 431268.883, 82
Trd, 431269.200, 89
Trd, 431269.217, 95
Trd, 431270.083, 91
Trd, 431271.267, 103
Trd, 431271.633, 93
Trd, 431273.400, 106
Trd, 431274.600, 106
Trd, 431274.617, 99
Trd, 431276.183, 110
Trd, 431276.267, 98
Trd, 431277.050, 110
Trd, 431278.250, 92
Trd, 431278.383, 86
Trd, 431279.383, 101
Trd, 431280.117, 106
Trd, 431280.833, 94
Trd, 431280.950, 107
Trd, 431281.017, 97
Trd, 431282.467, 95
Trd, 431282.500, 99
Trd, 431282.667, 110
Trd, 431283.583, 95
Trd, 431283.767, 94
Trd, 431285.117, 93
Trd, 431286.300, 89
Trd, 431286.533, 106
Trd, 431287.833, 85
Trd, 431288.050, 88
Trd, 431288.483, 101
Trd, 431289.967, 93
Trd, 431290.800, 86
Trd, 431291.800, 107
Trd, 431293.467, 100
Trd, 431293.750, 101
Trd, 431294.083, 105
Trd, 431294.483, 95
Trd, 431296.650, 97
Trd, 431296.717, 98
Trd, 431297.133, 91
Trd, 431297.383, 86
Trd, 431297.933, 98
Trd, 431298.533, 100
Trd, 431299.683, 91
Trd, 431300.683, 87
Trd, 431302.800, 98
Trd, 431303.150, 106
Trd, 431304.683, 101
Trd, 431305.667, 98
Trd, 431305.700, 99
Trd, 431306.267, 93
Trd, 431307.500, 93
Trd, 431308.117, 88
Trd, 431308.333, 89
Trd, 431308.633, 106
Trd, 431308.650, 106
Trd, 431309.217, 98
Trd, 431309.633, 99
Trd, 431310.183, 104
Trd, 431310.517, 113
Trd, 431310.667, 90
Trd, 431310.800, 85
Trd, 431313.900, 111
Trd, 431314.650, 102
Trd, 431315.433, 86
Trd, 431316.017, 88
Trd, 431317.467, 87
Trd, 431317.867, 95
Trd, 431318.467, 104
Trd, 431319.467, 88
Trd, 431320.733, 98
Trd, 431321.467, 108
Trd, 431321.750, 88
Trd, 431322.650, 106
Trd, 431324.233, 106
Trd, 431324.867, 99
Trd, 431324.900, 96
Trd, 431326.900, 96
Trd, 431327.933, 102
Trd, 431328.650, 104
Trd, 431329.017, 95
Trd, 431329.467, 112
Trd, 431330.317, 115
Trd, 431330.833, 120
Trd, 431331.083, 107
Trd, 431331.833, 106
Trd, 431332.450, 98
Trd, 431333.217, 95
Trd, 431333.517, 101
Trd, 431333.967, 106
Trd, 431334.033, 89
Trd, 431335.333, 95
Trd, 431336.183, 98
Trd, 431336.383, 82
Trd, 431336.800, 83
Trd, 431337.233, 93
Trd, 431337.533, 112
Trd, 431339.383, 112
Trd, 431340.067, 101
Trd, 431340.983, 95
Trd, 431341.683, 109
Trd, 431342.017, 94
Trd, 431342.650, 102
Trd, 431344.550, 100
Trd, 431344.717, 104
Trd, 431345.617, 100
Trd, 431345.833, 99
Trd, 431347.450, 89
Trd, 431349.317, 96
Trd, 431349.617, 90
Trd, 431350.200, 100
Trd, 431350.367, 104
Trd, 431351.450, 95
Trd, 431352.733, 104
Trd, 431352.817, 100
Trd, 431355.250, 95
Trd, 431355.900, 105
Trd, 431355.967, 88
Trd, 431356.717, 105
Trd, 431357.133, 84
Trd, 431359.650, 85
Trd, 431360.850, 94
Trd, 431361.417, 96
Trd, 431362.033, 97
Trd, 431362.667, 98
Trd, 431362.733, 90
Trd, 431363.267, 86
Trd, 431363.383, 106
Trd, 431363.500, 106
Trd, 431364.383, 109
Trd, 431364.850, 96
Trd, 431366.950, 103
Trd, 431367.517, 105
Trd, 431368.483, 95
Trd, 431369.067, 97
Trd, 431369.517, 101
Trd, 431369.617, 112
Trd, 431370.983, 109
Trd, 431371.033, 96
Trd, 431371.300, 100
Trd, 431371.950, 95
Trd, 431372.717, 106
Trd, 431373.317, 101
Trd, 431373.783, 110
Trd, 431374.783, 112
Trd, 431375.400, 97
Trd, 431377.733, 99
Trd, 431378.017, 94
Trd, 431379.233, 98
Trd, 431380.067, 96
Trd, 431380.300, 100
Trd, 431380.350, 89
Trd, 431380.667, 92
Trd, 431380.800, 89
Trd, 431381.667, 107
Trd, 431381.850, 90
Trd, 431383.633, 79
Trd, 431383.667, 105
Trd, 431383.717, 106
Trd, 431386.933, 106
Trd, 431388.300, 113
Trd, 431389.633, 109
Trd, 431391.683, 101
Trd, 431391.967, 98
Trd, 431392.817, 95
Trd, 431392.900, 112
Trd, 431393.883, 107
Trd, 431393.917, 108
Trd, 431394.117, 113
Trd, 431394.617, 91
Trd, 431395.000, 115
Trd, 431395.800, 88
Trd, 431396.233, 93
Trd, 431396.600, 94
Trd, 431397.583, 101
Trd, 431400.033, 105
Trd, 431400.783, 107
Trd, 431401.667, 95
Trd, 431401.917, 104
Trd, 431402.667, 91
Trd, 431404.317, 93
Trd, 431404.350, 98
Trd, 431404.483, 99
Trd, 431405.083, 91
Trd, 431405.633, 95
Trd, 431405.667, 90
Trd, 431406.100, 106
Trd, 431409.967, 91
Trd, 431410.767, 91
Trd, 431411.633, 88
Trd, 431413.533, 93
Trd, 431414.950, 93
Trd, 431415.283, 92
Trd, 431415.633, 93
Trd, 431415.867, 95
Trd, 431416.000, 86
Trd, 431416.083, 98
Trd, 431416.200, 97
Trd, 431416.283, 106
Trd, 431417.333, 88
Trd, 431417.800, 100
Trd, 431419.133, 110
Trd, 431422.183, 104
Trd, 431422.217, 102
Trd, 431422.600, 110
Trd, 431422.700, 98
Trd, 431422.833, 116
Trd, 431423.450, 98
Trd, 431424.500, 97
Trd, 431425.017, 94
Trd, 431425.817, 96
Trd, 431425.900, 113
Trd, 431426.133, 95
Trd, 431427.700, 95
Trd, 431429.950, 99
Trd, 431430.817, 94
Trd, 431431.800, 90
Trd, 431432.233, 106
Trd, 431433.083, 97
Trd, 431433.267, 87
Trd, 431433.300, 100
Trd, 431433.450, 87
Trd, 431434.533, 96
Trd, 431434.700, 101
Trd, 431435.567, 90
Trd, 431436.933, 87
Trd, 431437.367, 96
Trd, 431439.117, 83
Trd, 431439.233, 87
Trd, 431439.400, 93
Trd, 431439.417, 86
Trd, 431441.017, 106
Trd, 431441.950, 99
Trd, 431442.817, 105
Trd, 431443.633, 104
Trd, 431443.883, 106
Trd, 431444.833, 109
Trd, 431445.283, 111
Trd, 431445.350, 112
Trd, 431445.683, 103
Trd, 431447.217, 119
Trd, 431447.450, 117
Trd, 431447.533, 106
Trd, 431447.683, 98
Trd, 431448.350, 96
Trd, 431449.417, 124
Trd, 431451.383, 88
Trd, 431451.500, 83
Trd, 431452.267, 98
Trd, 431452.500, 112
Trd, 431453.600, 98
Trd, 431453.717, 99
Trd, 431454.450, 98
Trd, 431455.233, 94
Trd, 431456.050, 106
Trd, 431456.933, 100
Trd, 431458.717, 100
Trd, 431458.783, 89
Trd, 431460.717, 91
Trd, 431461.067, 87
Trd, 431461.333, 94
Trd, 431461.617, 83
Trd, 431463.217, 95
Trd, 431464.533, 84
Trd, 431465.267, 93
Trd, 431465.850, 97
Trd, 431466.083, 113
Trd, 431467.633, 109
Trd, 431467.650, 113
Trd, 431467.683, 118
Trd, 431467.933, 96
Trd, 431469.467, 99
Trd, 431470.667, 96
Trd, 431471.067, 94
Trd, 431472.000, 83
Trd, 431473.367, 101
Trd, 431474.150, 84
Trd, 431474.750, 94
Trd, 431474.833, 95
Trd, 431478.067, 98
Trd, 431479.033, 98
Trd, 431479.567, 91
Trd, 431479.717, 98
Trd, 431481.067, 100
Trd, 431481.217, 102
Trd, 431481.367, 95
Trd, 431481.700, 95
Trd, 431483.233, 87
Trd, 431484.333, 104
Trd, 431484.583, 102
Trd, 431485.350, 100
Trd, 431486.300, 92
Trd, 431488.517, 96
Trd, 431489.250, 95
Trd, 431491.850, 93
Trd, 431491.983, 95
Trd, 431492.983, 94
Trd, 431493.083, 96
Trd, 431493.250, 99
Trd, 431493.467, 85
Trd, 431493.583, 106
Trd, 431494.117, 110
Trd, 431495.183, 87
Trd, 431495.200, 94
Trd, 431495.667, 87
Trd, 431496.250, 88
Trd, 431496.433, 95
Trd, 431496.583, 88
Trd, 431496.750, 103
Trd, 431497.450, 92
Trd, 431499.583, 89
Trd, 431500.817, 87
Trd, 431501.183, 90
Trd, 431501.400, 95
Trd, 431503.683, 88
Trd, 431503.933, 108
Trd, 431504.717, 89
Trd, 431505.033, 88
Trd, 431506.483, 97
Trd, 431507.583, 98
Trd, 431508.583, 99
Trd, 431508.650, 100
Trd, 431509.533, 101
Trd, 431510.700, 105
Trd, 431511.317, 105
Trd, 431511.700, 106
Trd, 431512.267, 95
Trd, 431512.567, 95
Trd, 431512.867, 101
Trd, 431513.683, 100
Trd, 431515.517, 97
Trd, 431515.933, 101
Trd, 431515.983, 104
Trd, 431517.000, 101
Trd, 431518.983, 96
Trd, 431520.300, 99
Trd, 431521.450, 93
Trd, 431521.733, 88
Trd, 431522.683, 82
Trd, 431523.717, 92
Trd, 431524.433, 97
Trd, 431524.917, 98
Trd, 431525.350, 93
Trd, 431525.483, 94
Trd, 431525.950, 105
Trd, 431526.183, 96
Trd, 431526.933, 94
Trd, 431527.050, 106
Trd, 431528.233, 110
Trd, 431529.267, 97
Trd, 431530.183, 98
Trd, 431530.783, 109
Trd, 431531.267, 95
Trd, 431531.867, 107
Trd, 431532.733, 90
Trd, 431535.150, 102
Trd, 431535.667, 109
Trd, 431536.600, 110
Trd, 431536.683, 94
Trd, 431536.983, 96
Trd, 431537.250, 111
Trd, 431537.300, 113
Trd, 431538.883, 91
Trd, 431538.900, 88
Trd, 431539.733, 97
Trd, 431539.783, 99
Trd, 431540.033, 102
Trd, 431541.000, 100
Trd, 431541.717, 96
Trd, 431542.433, 106
Trd, 431542.767, 109
Trd, 431543.150, 95
Trd, 431545.283, 88
Trd, 431546.183, 96
Trd, 431547.700, 101
Trd, 431547.733, 99
Trd, 431548.200, 101
Trd, 431548.217, 107
Trd, 431548.383, 98
Trd, 431548.583, 108
Trd, 431549.133, 101
Trd, 431550.283, 89
Trd, 431551.450, 93
Trd, 431551.467, 93
Trd, 431552.767, 99
Trd, 431555.467, 96
Trd, 431556.300, 109
Trd, 431556.617, 104
Trd, 431556.817, 96
Trd, 431557.633, 90
Trd, 431558.067, 101
Trd, 431559.433, 110
Trd, 431559.483, 114
Trd, 431560.933, 98
Trd, 431561.350, 98
Trd, 431561.767, 95
Trd, 431562.300, 94
Trd, 431563.600, 105
Trd, 431564.500, 93
Trd, 431566.917, 98
Trd, 431568.000, 94
Trd, 431568.500, 94
Trd, 431569.233, 98
Trd, 431569.900, 106
Trd, 431570.200, 95
Trd, 431570.500, 97
Trd, 431573.033, 100
Trd, 431573.900, 111
Trd, 431574.417, 101
Trd, 431574.450, 113
Trd, 431575.417, 98
Trd, 431575.617, 114
Trd, 431577.083, 105
Trd, 431577.483, 101
Trd, 431577.750, 106
Trd, 431578.283, 97
Trd, 431579.350, 95
Trd, 431580.000, 90
Trd, 431580.683, 99
Trd, 431581.300, 103
Trd, 431581.633, 80
Trd, 431582.633, 109
Trd, 431584.250, 85
Trd, 431584.433, 91
Trd, 431585.000, 96
Trd, 431585.367, 85
Trd, 431586.217, 84
Trd, 431586.283, 102
Trd, 431586.483, 103
Trd, 431587.817, 99
Trd, 431587.867, 106
Trd, 431588.217, 112
Trd, 431588.400, 113
Trd, 431589.817, 93
Trd, 431590.383, 93
Trd, 431590.667, 93
Trd, 431590.883, 91
Trd, 431591.417, 93
Trd, 431592.183, 87
Trd, 431594.017, 83
Trd, 431594.683, 82
Trd, 431594.867, 83
Trd, 431596.233, 95
Trd, 431598.200, 99
Trd, 431598.517, 93
Trd, 431599.083, 95
Trd, 431600.000, 95
Trd, 431600.650, 96
Trd, 431601.683, 101
Trd, 431603.667, 97
Trd, 431604.000, 98
Trd, 431604.583, 98
Trd, 431605.033, 98
Trd, 431605.367, 105
Trd, 431605.917, 98
Trd, 431607.267, 97
Trd, 431608.467, 108
Trd, 431608.800, 107
Trd, 431609.700, 102
Trd, 431611.200, 106
Trd, 431611.317, 108
Trd, 431611.400, 99
Trd, 431612.617, 95
Trd, 431613.083, 95
Trd, 431614.933, 98
Trd, 431615.017, 96
Trd, 431616.033, 100
Trd, 431616.483, 105
Trd, 431617.167, 106
Trd, 431617.250, 88
Trd, 431617.950, 107
Trd, 431618.167, 109
Trd, 431618.667, 104
Trd, 431618.817, 113
Trd, 431619.300, 91
Trd, 431620.267, 91
Trd, 431622.167, 98
Trd, 431622.567, 97
Trd, 431623.417, 97
Trd, 431624.533, 94
Trd, 431625.383, 100
Trd, 431626.250, 95
Trd, 431627.533, 95
Trd, 431628.267, 95
Trd, 431628.517, 96
Trd, 431629.517, 82
Trd, 431629.583, 82
Trd, 431630.400, 90
Trd, 431631.167, 91
Trd, 431631.333, 92
Trd, 431632.217, 86
Trd, 431633.850, 79
Trd, 431633.883, 95
Trd, 431634.383, 98
Trd, 431634.717, 106
Trd, 431635.500, 96
Trd, 431637.200, 97
Trd, 431638.167, 96
Trd, 431638.617, 112
Trd, 431640.333, 99
Trd, 431640.350, 112
Trd, 431640.450, 93
Trd, 431640.517, 113
Trd, 431641.133, 114
Trd, 431641.283, 103
Trd, 431643.150, 102
Trd, 431644.350, 109
Trd, 431645.017, 115
Trd, 431645.283, 99
Trd, 431646.617, 104
Trd, 431647.833, 98
Trd, 431648.183, 98
Trd, 431649.167, 94
Trd, 431649.583, 93
Trd, 431650.533, 100
Trd, 431650.567, 101
Trd, 431652.767, 104
Trd, 431653.117, 99
Trd, 431653.600, 100
Trd, 431653.933, 95
Trd, 431654.850, 104
Trd, 431655.383, 91
Trd, 431656.100, 95
Trd, 431656.767, 98
Trd, 431656.867, 106
Trd, 431657.067, 92
Trd, 431658.350, 112
Trd, 431658.717, 90
Trd, 431659.533, 108
Trd, 431659.783, 82
Trd, 431662.467, 83
Trd, 431663.517, 100
Trd, 431663.667, 101
Trd, 431664.367, 95
Trd, 431665.017, 101
Trd, 431665.333, 105
Trd, 431665.467, 94
Trd, 431666.483, 100
Trd, 431666.533, 101
Trd, 431667.767, 93
Trd, 431668.817, 99
Trd, 431670.133, 96
Trd, 431671.550, 94
Trd, 431671.783, 97
Trd, 431672.700, 106
Trd, 431673.183, 93
Trd, 431674.150, 95
Trd, 431674.567, 90
Trd, 431675.283, 94
Trd, 431675.717, 95
Trd, 431675.800, 81
Trd, 431675.850, 109
Trd, 431676.833, 101
Trd, 431677.483, 89
Trd, 431677.917, 81
Trd, 431677.933, 104
Trd, 431679.167, 89
Trd, 431680.150, 89
Trd, 431682.017, 104
Trd, 431682.417, 90
Trd, 431682.833, 98
Trd, 431684.467, 82
Trd, 431684.733, 99
Trd, 431685.483, 106
Trd, 431686.483, 97
Trd, 431687.333, 94
Trd, 431687.417, 99
Trd, 431687.483, 86
Trd, 431687.583, 112
Trd, 431688.350, 102
Trd, 431688.433, 90
Trd, 431688.733, 86
Trd, 431689.067, 84
Trd, 431690.383, 92
Trd, 431691.667, 95
Trd, 431691.967, 96
Trd, 431692.117, 87
Trd, 431692.883, 95
Trd, 431694.167, 92
Trd, 431694.317, 100
Trd, 431694.667, 106
Trd, 431696.083, 99
Trd, 431696.267, 98
Trd, 431697.117, 99
Trd, 431697.383, 92
Trd, 431700.217, 94
Trd, 431700.750, 98
Trd, 431701.100, 101
Trd, 431701.433, 104
Trd, 431702.483, 106
Trd, 431703.200, 98
Trd, 431703.683, 97
Trd, 431704.450, 81
Trd, 431707.267, 96
Trd, 431707.617, 94
Trd, 431707.950, 99
Trd, 431708.033, 103
Trd, 431708.333, 87
Trd, 431708.517, 103
Trd, 431711.183, 96
Trd, 431711.517, 100
Trd, 431711.950, 88
Trd, 431713.117, 101
Trd, 431713.333, 106
Trd, 431714.000, 95
Trd, 431714.150, 90
Trd, 431715.000, 90
Trd, 431715.317, 104
Trd, 431716.117, 86
Trd, 431716.300, 94
Trd, 431716.800, 101
Trd, 431717.800, 93
Trd, 431718.667, 99
Trd, 431719.933, 109
Trd, 431720.867, 87
Trd, 431721.383, 86
Trd, 431721.867, 92
Trd, 431722.467, 87
Trd, 431722.850, 95
Trd, 431723.967, 99
Trd, 431724.233, 93
Trd, 431725.800, 91
Trd, 431725.933, 90
Trd, 431727.183, 92
Trd, 431729.000, 85
Trd, 431729.033, 87
Trd, 431729.117, 93
Trd, 431730.133, 82
Trd, 431730.983, 104
Trd, 431731.217, 95
Trd, 431732.417, 87
Trd, 431732.550, 86
Trd, 431733.950, 97
Trd, 431734.067, 98
Trd, 431734.133, 106
Trd, 431734.717, 93
Trd, 431737.683, 100
Trd, 431738.750, 89
Trd, 431739.300, 94
Trd, 431740.633, 97
Trd, 431741.550, 89
Trd, 431741.867, 98
Trd, 431742.933, 92
Trd, 431743.783, 85
Trd, 431744.383, 100
Trd, 431744.400, 101
Trd, 431744.617, 83
Trd, 431745.117, 106
Trd, 431746.067, 96
Trd, 431747.367, 95
Trd, 431747.883, 101
Trd, 431749.633, 107
Trd, 431749.933, 98
Trd, 431751.233, 102
Trd, 431751.883, 105
Trd, 431751.983, 95
Trd, 431752.850, 106
Trd, 431754.117, 90
Trd, 431754.233, 99
Trd, 431754.933, 83
Trd, 431756.650, 106
Trd, 431757.283, 106
Trd, 431758.483, 108
Trd, 431759.183, 97
Trd, 431759.717, 107
Trd, 431760.333, 101
Trd, 431761.217, 100
Trd, 431763.350, 82
Trd, 431764.150, 95
Trd, 431765.683, 100
Trd, 431766.083, 98
Trd, 431766.483, 107
Trd, 431766.717, 95
Trd, 431767.333, 106
Trd, 431767.567, 105
Trd, 431768.167, 106
Trd, 431771.183, 89
Trd, 431771.217, 97
Trd, 431771.683, 99
Trd, 431772.483, 91
Trd, 431772.817, 100
Trd, 431772.933, 105
Trd, 431774.617, 91
Trd, 431775.317, 90
Trd, 431775.883, 97
Trd, 431776.967, 110
Trd, 431777.067, 98
Trd, 431778.700, 94
Trd, 431779.683, 100
Trd, 431780.150, 85
Trd, 431780.317, 101
Trd, 431780.717, 87
Trd, 431781.133, 111
Trd, 431781.583, 112
Trd, 431781.933, 113
Trd, 431782.883, 96
Trd, 431783.533, 110
Trd, 431784.283, 96
Trd, 431784.717, 111
Trd, 431786.050, 108
Trd, 431788.367, 107
Trd, 431788.667, 101
Trd, 431788.817, 102
Trd, 431788.883, 96
Trd, 431792.467, 95
Trd, 431792.500, 89
Trd, 431792.700, 97
Trd, 431793.767, 95
Trd, 431793.850, 89
Trd, 431794.167, 96
Trd, 431794.433, 99
Trd, 431794.650, 99
Trd, 431797.233, 99
Trd, 431797.850, 98
Trd, 431798.600, 95
Trd, 431798.867, 101
Trd, 431799.750, 102
Trd, 431800.267, 106
Trd, 431801.033, 96
Trd, 431801.050, 95
Trd, 431801.417, 83
Trd, 431802.283, 82
Trd, 431803.233, 106
Trd, 431805.067, 102
Trd, 431805.317, 104
Trd, 431805.367, 89
Trd, 431806.500, 98
Trd, 431806.567, 86
Trd, 431808.150, 91
Trd, 431808.683, 90
Trd, 431810.117, 93
Trd, 431810.800, 105
Trd, 431811.367, 98
Trd, 431812.017, 104
Trd, 431812.467, 101
Trd, 431812.950, 93
Trd, 431813.000, 104
Trd, 431814.267, 95
Trd, 431815.417, 84
Trd, 431816.900, 100
Trd, 431816.933, 88
Trd, 431818.017, 101
Trd, 431819.067, 106
Trd, 431819.800, 97
Trd, 431820.433, 88
Trd, 431821.383, 92
Trd, 431822.200, 103
Trd, 431822.900, 86
Trd, 431823.750, 102
Trd, 431824.267, 81
Trd, 431824.617, 91
Trd, 431826.517, 92
Trd, 431827.317, 105
Trd, 431827.400, 106
Trd, 431827.817, 105
Trd, 431828.783, 106
Trd, 431828.867, 103
Trd, 431829.017, 98
Trd, 431829.333, 110
Trd, 431829.533, 96
Trd, 431830.000, 115
Trd, 431830.767, 105
Trd, 431831.450, 96
Trd, 431831.517, 94
Trd, 431831.667, 93
Trd, 431833.617, 108
Trd, 431833.983, 106
Trd, 431834.233, 101
Trd, 431835.933, 102
Trd, 431837.383, 96
Trd, 431839.433, 85
Trd, 431839.450, 84
Trd, 431839.517, 94
Trd, 431839.617, 83
Trd, 431840.250, 96
Trd, 431840.717, 103
Trd, 431841.150, 106
Trd, 431841.300, 81
Trd, 431842.983, 81
Trd, 431843.117, 80
Trd, 431845.533, 100
Trd, 431846.267, 84
Trd, 431846.333, 101
Trd, 431847.000, 102
Trd, 431847.583, 90
Trd, 431848.200, 98
Trd, 431848.383, 87
Trd, 431852.517, 104
Trd, 431853.450, 105
Trd, 431854.033, 98
Trd, 431854.600, 96
Trd, 431855.100, 94
Trd, 431855.383, 105
Trd, 431856.117, 106
Trd, 431856.917, 101
Trd, 431857.233, 95
Trd, 431857.650, 108
Trd, 431858.633, 101
Trd, 431858.700, 109
Trd, 431861.167, 98
Trd, 431861.183, 102
Trd, 431862.450, 96
Trd, 431863.367, 103
Trd, 431863.417, 104
Trd, 431863.467, 95
Trd, 431863.700, 96
Trd, 431863.933, 84
Trd, 431865.150, 110
Trd, 431865.200, 86
Trd, 431866.083, 91
Trd, 431866.900, 82
Trd, 431868.200, 107
Trd, 431868.633, 105
Trd, 431869.567, 99
Trd, 431870.067, 98
Trd, 431870.083, 92
Trd, 431871.267, 100
Trd, 431871.567, 105
Trd, 431871.650, 106
Trd, 431873.883, 98
Trd, 431875.800, 94
Trd, 431876.033, 99
Trd, 431876.050, 105
Trd, 431876.667, 90
Trd, 431876.967, 106
Trd, 431877.133, 87
Trd, 431877.917, 111
Trd, 431879.083, 103
Trd, 431879.683, 104
Trd, 431880.633, 80
Trd, 431881.133, 90
Trd, 431881.283, 98
Trd, 431882.767, 98
Trd, 431883.067, 104
Trd, 431884.200, 106
Trd, 431884.367, 108
Trd, 431885.267, 106
Trd, 431885.350, 108
Trd, 431885.400, 98
Trd, 431887.717, 99
Trd, 431888.117, 95
Trd, 431889.033, 101
Trd, 431889.950, 115
Trd, 431890.217, 99
Trd, 431891.383, 98
Trd, 431892.067, 100
Trd, 431893.283, 107
Trd, 431894.567, 104
Trd, 431895.733, 103
Trd, 431896.183, 107
Trd, 431896.400, 110
Trd, 431897.450, 103
Trd, 431897.850, 93
Trd, 431898.250, 104
Trd, 431899.900, 101
Trd, 431901.083, 95
Trd, 431902.300, 92
Trd, 431902.767, 100
Trd, 431903.533, 104
Trd, 431903.917, 95
Trd, 431904.583, 95
Trd, 431905.833, 88
Trd, 431907.500, 96
Trd, 431907.567, 100
Trd, 431907.667, 103
Trd, 431907.850, 104
Trd, 431910.167, 99
Trd, 431911.167, 108
Trd, 431912.567, 99
Trd, 431913.900, 100
Trd, 431913.917, 98
Trd, 431914.350, 95
Trd, 431914.717, 106
Trd, 431915.117, 101
Trd, 431916.450, 85
Trd, 431917.100, 86
Trd, 431917.917, 103
Trd, 431918.000, 102
Trd, 431918.133, 106
Trd, 431919.933, 105
Trd, 431920.683, 98
Trd, 431921.267, 86
Trd, 431922.217, 103
Trd, 431922.750, 106
Trd, 431923.017, 99
Trd, 431923.450, 108
Trd, 431925.317, 107
Trd, 431927.133, 104
Trd, 431927.683, 98
Trd, 431927.717, 95
Trd, 431927.883, 95
Trd, 431928.050, 107
Trd, 431929.217, 95
Trd, 431929.417, 96
Trd, 431929.683, 95
Trd, 431930.417, 88
Trd, 431931.483, 100
Trd, 431931.933, 100
Trd, 431932.050, 106
Trd, 431933.017, 107
Trd, 431933.800, 100
Trd, 431933.900, 101
Trd, 431934.450, 110
Trd, 431934.750, 115
Trd, 431936.367, 94
Trd, 431937.017, 83
Trd, 431937.317, 97
Trd, 431938.633, 99
Trd, 431938.883, 101
Trd, 431939.717, 99
Trd, 431940.817, 88
Trd, 431942.317, 103
Trd, 431942.533, 98
Trd, 431942.550, 101
Trd, 431943.000, 103
Trd, 431943.433, 89
Trd, 431943.450, 104
Trd, 431943.767, 97
Trd, 431946.233, 88
Trd, 431947.150, 103
Trd, 431948.017, 106
Trd, 431949.000, 90
Trd, 431950.950, 98
Trd, 431951.617, 103
Trd, 431952.467, 103
Trd, 431952.733, 106
Trd, 431952.767, 84
Trd, 431953.433, 83
Trd, 431953.667, 89
Trd, 431954.450, 93
Trd, 431954.700, 96
Trd, 431955.317, 101
Trd, 431955.483, 109
Trd, 431956.067, 86
Trd, 431957.200, 85
Trd, 431957.967, 98
Trd, 431958.883, 86
Trd, 431961.900, 101
Trd, 431962.500, 97
Trd, 431963.117, 100
Trd, 431963.517, 95
Trd, 431964.650, 93
Trd, 431965.583, 99
Trd, 431965.600, 102
Trd, 431967.050, 92
Trd, 431968.233, 102
Trd, 431970.200, 97
Trd, 431970.567, 105
Trd, 431971.767, 88
Trd, 431972.650, 97
Trd, 431973.533, 90
Trd, 431975.133, 106
Trd, 431975.150, 88
Trd, 431976.167, 87
Trd, 431976.183, 83
Trd, 431976.517, 97
Trd, 431976.550, 106
Trd, 431976.667, 87
Trd, 431976.833, 95
Trd, 431977.733, 89
Trd, 431978.317, 109
Trd, 431978.733, 86
Trd, 431979.217, 106
Trd, 431979.767, 110
Trd, 431980.083, 107
Trd, 431983.000, 99
Trd, 431983.633, 108
Trd, 431984.517, 98
Trd, 431984.883, 99
Trd, 431987.333, 94
Trd, 431987.933, 102
Trd, 431989.167, 96
Trd, 431989.733, 98
Trd, 431989.750, 91
Trd, 431989.950, 82
Trd, 431990.100, 85
Trd, 431990.250, 92
Trd, 431992.200, 104
Trd, 431992.633, 92
Trd, 431994.117, 91
Trd, 431995.033, 104
Trd, 431995.250, 93
Trd, 431995.583, 104
Trd, 431995.700, 106
Trd, 431996.400, 99
Trd, 431997.300, 105
Trd, 431997.933, 95
Trd, 431999.033, 111
Trd, 431999.050, 112
Trd, 431999.233, 117
Trd, 431999.333, 107
