Trd, 430655.483, 103
Trd, 430657.667, 96
Trd, 430658.350, 95
Trd, 430658.933, 102
Trd, 430658.967, 93
Trd, 430659.117, 106
Trd, 430659.300, 111
Trd, 430660.117, 95
Trd, 430660.133, 96
Trd, 430661.517, 102
Trd, 430661.667, 88
Trd, 430663.283, 87
Trd, 430663.783, 101
Trd, 430664.317, 115
Trd, 430666.217, 88
Trd, 430666.717, 84
Trd, 430667.367, 90
Trd, 430667.900, 89
Trd, 430667.917, 77
Trd, 430668.467, 77
Trd, 430668.883, 87
Trd, 430669.683, 95
Trd, 430670.483, 85
Trd, 430673.200, 99
Trd, 430673.233, 101
Trd, 430673.633, 102
Trd, 430674.217, 93
Trd, 430674.700, 86
Trd, 430675.433, 95
Trd, 430675.450, 96
Trd, 430676.383, 104
Trd, 430676.717, 103
Trd, 430678.017, 86
Trd, 430680.683, 104
Trd, 430680.700, 104
Trd, 430680.950, 91
Trd, 430681.650, 114
Trd, 430682.050, 115
Trd, 430683.217, 98
Trd, 430683.500, 104
Trd, 430684.083, 96
Trd, 430684.383, 86
Trd, 430684.833, 102
Trd, 430685.483, 95
Trd, 430686.783, 94
Trd, 430688.233, 95
Trd, 430688.767, 96
Trd, 430690.000, 101
Trd, 430690.433, 100
Trd, 430691.017, 114
Trd, 430691.150, 115
Trd, 430691.300, 101
Trd, 430693.750, 107
Trd, 430693.850, 106
Trd, 430694.900, 92
Trd, 430695.117, 116
Trd, 430695.500, 109
Trd, 430696.517, 112
Trd, 430696.633, 103
Trd, 430696.833, 89
Trd, 430697.317, 100
Trd, 430698.017, 89
Trd, 430698.817, 87
Trd, 430698.900, 84
Trd, 430700.150, 111
Trd, 430700.650, 90
Trd, 430701.283, 116
Trd, 430702.467, 95
Trd, 430703.133, 92
Trd, 430703.250, 90
Trd, 430703.800, 97
Trd, 430704.400, 123
Trd, 430704.883, 104
Trd, 430706.467, 89
Trd, 430706.783, 91
Trd, 430706.900, 88
Trd, 430708.167, 97
Trd, 430709.050, 98
Trd, 430709.067, 100
Trd, 430709.600, 97
Trd, 430710.183, 90
Trd, 430711.033, 98
Trd, 430712.150, 90
Trd, 430712.167, 101
Trd, 430713.317, 88
Trd, 430714.750, 84
Trd, 430715.383, 89
Trd, 430716.567, 105
Trd, 430716.967, 115
Trd, 430717.367, 92
Trd, 430719.100, 102
Trd, 430719.250, 95
Trd, 430719.950, 110
Trd, 430720.183, 88
Trd, 430722.500, 90
Trd, 430722.733, 88
Trd, 430723.333, 101
Trd, 430723.633, 98
Trd, 430725.617, 85
Trd, 430726.183, 82
Trd, 430726.950, 85
Trd, 430727.050, 86
Trd, 430728.517, 91
Trd, 430729.083, 97
Trd, 430729.217, 82
Trd, 430729.433, 101
Trd, 430730.083, 115
Trd, 430730.600, 94
Trd, 430730.750, 95
Trd, 430731.183, 96
Trd, 430731.967, 100
Trd, 430733.067, 95
Trd, 430733.567, 101
Trd, 430735.533, 96
Trd, 430736.100, 84
Trd, 430737.417, 95
Trd, 430738.367, 96
Trd, 430739.150, 88
Trd, 430739.567, 88
Trd, 430739.950, 87
Trd, 430740.917, 101
Trd, 430741.150, 98
Trd, 430741.950, 78
Trd, 430743.617, 87
Trd, 430744.083, 94
Trd, 430744.183, 95
Trd, 430744.433, 94
Trd, 430745.267, 101
Trd, 430747.850, 101
Trd, 430748.167, 105
Trd, 430748.850, 109
Trd, 430749.783, 107
Trd, 430750.267, 91
Trd, 430750.350, 86
Trd, 430750.900, 106
Trd, 430752.183, 87
Trd, 430752.600, 83
Trd, 430753.267, 102
Trd, 430753.667, 99
Trd, 430753.683, 109
Trd, 430753.717, 93
Trd, 430753.733, 115
Trd, 430754.100, 110
Trd, 430754.583, 117
Trd, 430757.450, 95
Trd, 430759.117, 91
Trd, 430759.300, 90
Trd, 430759.583, 89
Trd, 430759.783, 87
Trd, 430760.167, 95
Trd, 430760.817, 100
Trd, 430761.583, 100
Trd, 430762.067, 101
Trd, 430762.767, 78
Trd, 430763.183, 96
Trd, 430764.117, 97
Trd, 430764.550, 89
Trd, 430765.667, 114
Trd, 430766.567, 90
Trd, 430767.650, 95
Trd, 430768.700, 86
Trd, 430769.217, 87
Trd, 430770.100, 105
Trd, 430770.700, 84
Trd, 430770.733, 105
Trd, 430771.100, 73
Trd, 430771.617, 112
Trd, 430771.783, 115
Trd, 430774.000, 108
Trd, 430774.267, 88
Trd, 430775.600, 110
Trd, 430775.700, 108
Trd, 430778.033, 98
Trd, 430778.183, 103
Trd, 430778.200, 93
Trd, 430779.667, 85
Trd, 430779.833, 95
Trd, 430780.533, 88
Trd, 430780.717, 86
Trd, 430782.283, 100
Trd, 430782.367, 86
Trd, 430782.550, 101
Trd, 430782.600, 86
Trd, 430783.700, 102
Trd, 430783.950, 101
Trd, 430784.217, 84
Trd, 430785.450, 101
Trd, 430785.483, 99
Trd, 430786.583, 109
Trd, 430786.900, 115
Trd, 430787.117, 88
Trd, 430787.333, 86
Trd, 430789.583, 104
Trd, 430789.667, 103
Trd, 430790.267, 91
Trd, 430791.100, 108
Trd, 430792.650, 87
Trd, 430793.950, 104
Trd, 430794.917, 96
Trd, 430795.283, 95
Trd, 430796.600, 99
Trd, 430797.400, 101
Trd, 430797.650, 91
Trd, 430797.983, 92
Trd, 430798.283, 91
Trd, 430799.200, 91
Trd, 430799.683, 87
Trd, 430799.767, 113
Trd, 430799.933, 115
Trd, 430800.100, 104
Trd, 430800.617, 113
Trd, 430801.483, 82
Trd, 430801.967, 100
Trd, 430802.700, 98
Trd, 430802.817, 98
Trd, 430804.283, 95
Trd, 430804.800, 101
Trd, 430805.683, 87
Trd, 430806.267, 84
Trd, 430808.383, 117
Trd, 430809.083, 99
Trd, 430809.750, 108
Trd, 430810.133, 111
Trd, 430811.017, 98
Trd, 430811.183, 97
Trd, 430811.583, 99
Trd, 430812.967, 107
Trd, 430813.183, 114
Trd, 430813.883, 87
Trd, 430814.500, 87
Trd, 430815.200, 82
Trd, 430815.217, 74
Trd, 430815.350, 87
Trd, 430815.500, 74
Trd, 430815.517, 87
Trd, 430816.683, 92
Trd, 430816.900, 96
Trd, 430817.567, 113
Trd, 430817.683, 92
Trd, 430818.617, 89
Trd, 430819.433, 103
Trd, 430820.133, 126
Trd, 430821.117, 117
Trd, 430821.383, 116
Trd, 430821.550, 98
Trd, 430822.850, 97
Trd, 430823.833, 102
Trd, 430824.117, 104
Trd, 430824.133, 87
Trd, 430824.467, 104
Trd, 430824.833, 84
Trd, 430825.417, 86
Trd, 430825.717, 108
Trd, 430825.917, 115
Trd, 430827.967, 88
Trd, 430828.567, 89
Trd, 430829.067, 90
Trd, 430829.417, 109
Trd, 430831.750, 100
Trd, 430832.283, 90
Trd, 430832.367, 89
Trd, 430832.717, 87
Trd, 430832.900, 96
Trd, 430833.200, 101
Trd, 430834.817, 85
Trd, 430835.367, 108
Trd, 430836.517, 106
Trd, 430837.333, 83
Trd, 430837.650, 85
Trd, 430837.917, 92
Trd, 430838.200, 96
Trd, 430839.550, 110
Trd, 430839.650, 78
Trd, 430839.917, 77
Trd, 430842.433, 97
Trd, 430842.967, 96
Trd, 430844.100, 91
Trd, 430844.183, 92
Trd, 430844.700, 92
Trd, 430846.000, 94
Trd, 430846.517, 106
Trd, 430847.050, 93
Trd, 430847.650, 115
Trd, 430848.367, 110
Trd, 430848.467, 117
Trd, 430849.583, 95
Trd, 430849.683, 85
Trd, 430850.367, 85
Trd, 430852.867, 84
Trd, 430853.050, 87
Trd, 430853.383, 88
Trd, 430853.800, 89
Trd, 430854.067, 95
Trd, 430854.133, 80
Trd, 430854.700, 90
Trd, 430855.533, 90
Trd, 430856.333, 114
Trd, 430857.083, 98
Trd, 430857.717, 97
Trd, 430858.667, 101
Trd, 430859.083, 89
Trd, 430859.367, 87
Trd, 430859.450, 90
Trd, 430860.617, 96
Trd, 430861.883, 103
Trd, 430862.633, 115
Trd, 430863.050, 93
Trd, 430864.633, 120
Trd, 430864.700, 97
Trd, 430865.017, 110
Trd, 430865.233, 88
Trd, 430866.950, 93
Trd, 430868.417, 92
Trd, 430868.683, 87
Trd, 430868.933, 101
Trd, 430869.183, 102
Trd, 430869.483, 96
Trd, 430869.800, 92
Trd, 430870.483, 104
Trd, 430870.917, 84
Trd, 430871.483, 115
Trd, 430872.667, 94
Trd, 430873.433, 85
Trd, 430874.233, 114
Trd, 430875.733, 105
Trd, 430875.967, 115
Trd, 430876.583, 90
Trd, 430876.883, 117
Trd, 430878.250, 122
Trd, 430879.517, 90
Trd, 430879.533, 100
Trd, 430880.067, 72
Trd, 430880.433, 79
Trd, 430881.317, 95
Trd, 430881.550, 73
Trd, 430881.700, 76
Trd, 430882.867, 78
Trd, 430883.383, 97
Trd, 430883.783, 92
Trd, 430884.683, 97
Trd, 430884.783, 87
Trd, 430885.467, 101
Trd, 430885.650, 86
Trd, 430885.817, 107
Trd, 430885.833, 84
Trd, 430887.517, 125
Trd, 430887.533, 91
Trd, 430887.667, 116
Trd, 430889.717, 88
Trd, 430890.283, 107
Trd, 430892.017, 99
Trd, 430892.283, 89
Trd, 430892.450, 99
Trd, 430893.733, 97
Trd, 430893.883, 101
Trd, 430895.317, 95
Trd, 430896.433, 92
Trd, 430896.850, 108
Trd, 430897.783, 106
Trd, 430898.817, 102
Trd, 430898.917, 87
Trd, 430899.067, 95
Trd, 430899.950, 85
Trd, 430900.450, 108
Trd, 430900.800, 105
Trd, 430901.683, 104
Trd, 430901.983, 101
Trd, 430902.033, 111
Trd, 430903.117, 84
Trd, 430903.933, 73
Trd, 430904.217, 94
Trd, 430904.717, 86
Trd, 430904.850, 95
Trd, 430906.333, 107
Trd, 430908.283, 114
Trd, 430910.200, 96
Trd, 430910.800, 98
Trd, 430910.933, 93
Trd, 430911.167, 85
Trd, 430911.250, 114
Trd, 430911.350, 115
Trd, 430912.367, 86
Trd, 430912.733, 96
Trd, 430912.767, 117
Trd, 430914.400, 85
Trd, 430915.383, 85
Trd, 430915.433, 90
Trd, 430915.683, 91
Trd, 430916.600, 98
Trd, 430917.067, 102
Trd, 430917.200, 84
Trd, 430917.300, 95
Trd, 430917.767, 98
Trd, 430919.017, 74
Trd, 430919.133, 82
Trd, 430920.083, 87
Trd, 430920.550, 79
Trd, 430920.900, 87
Trd, 430921.517, 85
Trd, 430922.667, 94
Trd, 430923.500, 93
Trd, 430924.383, 94
Trd, 430924.533, 95
Trd, 430924.683, 100
Trd, 430926.117, 93
Trd, 430926.800, 92
Trd, 430927.550, 98
Trd, 430929.617, 97
Trd, 430931.083, 96
Trd, 430931.767, 95
Trd, 430932.217, 87
Trd, 430932.233, 87
Trd, 430932.967, 97
Trd, 430934.250, 106
Trd, 430934.817, 99
Trd, 430934.950, 115
Trd, 430935.800, 96
Trd, 430935.883, 94
Trd, 430936.200, 96
Trd, 430936.283, 98
Trd, 430936.900, 99
Trd, 430938.250, 87
Trd, 430938.550, 105
Trd, 430939.767, 92
Trd, 430940.517, 97
Trd, 430940.617, 84
Trd, 430940.983, 86
Trd, 430941.217, 87
Trd, 430941.533, 79
Trd, 430942.317, 80
Trd, 430942.433, 82
Trd, 430942.767, 98
Trd, 430943.083, 115
Trd, 430944.633, 109
Trd, 430944.950, 96
Trd, 430945.483, 93
Trd, 430945.900, 107
Trd, 430947.350, 93
Trd, 430948.367, 92
Trd, 430949.050, 112
Trd, 430949.883, 85
Trd, 430951.083, 91
Trd, 430951.133, 92
Trd, 430951.817, 101
Trd, 430952.817, 90
Trd, 430953.217, 100
Trd, 430953.367, 104
Trd, 430953.833, 114
Trd, 430955.533, 100
Trd, 430956.300, 90
Trd, 430957.067, 94
Trd, 430958.433, 93
Trd, 430958.583, 98
Trd, 430959.633, 101
Trd, 430960.000, 90
Trd, 430960.683, 116
Trd, 430962.367, 116
Trd, 430962.883, 104
Trd, 430963.333, 103
Trd, 430963.617, 86
Trd, 430963.967, 94
Trd, 430964.333, 90
Trd, 430966.467, 91
Trd, 430966.533, 92
Trd, 430967.083, 87
Trd, 430967.867, 88
Trd, 430968.367, 92
Trd, 430969.417, 89
Trd, 430969.533, 96
Trd, 430971.250, 101
Trd, 430971.783, 96
Trd, 430972.117, 115
Trd, 430973.083, 98
Trd, 430973.733, 98
Trd, 430974.417, 110
Trd, 430974.517, 91
Trd, 430974.850, 90
Trd, 430975.317, 84
Trd, 430975.450, 77
Trd, 430976.583, 80
Trd, 430976.900, 102
Trd, 430977.633, 87
Trd, 430979.000, 88
Trd, 430980.017, 98
Trd, 430981.333, 98
Trd, 430981.383, 99
Trd, 430981.500, 105
Trd, 430982.500, 95
Trd, 430982.650, 112
Trd, 430982.867, 115
Trd, 430984.367, 95
Trd, 430984.400, 93
Trd, 430986.633, 100
Trd, 430987.100, 100
Trd, 430987.217, 98
Trd, 430987.600, 101
Trd, 430987.617, 117
Trd, 430987.917, 112
Trd, 430989.067, 95
Trd, 430989.900, 108
Trd, 430990.083, 86
Trd, 430991.633, 84
Trd, 430991.700, 88
Trd, 430991.950, 77
Trd, 430992.133, 91
Trd, 430993.033, 94
Trd, 430994.800, 97
Trd, 430995.283, 106
Trd, 430995.300, 102
Trd, 430997.317, 95
Trd, 430997.500, 95
Trd, 430998.650, 94
Trd, 430999.183, 94
Trd, 430999.550, 93
Trd, 431002.033, 103
Trd, 431002.617, 96
Trd, 431002.633, 106
Trd, 431002.717, 107
Trd, 431003.350, 100
Trd, 431003.533, 93
Trd, 431003.900, 88
Trd, 431004.233, 87
Trd, 431007.167, 90
Trd, 431008.350, 95
Trd, 431008.483, 100
Trd, 431009.217, 84
Trd, 431009.350, 83
Trd, 431010.533, 98
Trd, 431011.483, 98
Trd, 431012.067, 91
Trd, 431012.967, 101
Trd, 431013.367, 88
Trd, 431014.233, 106
Trd, 431014.567, 112
Trd, 431015.050, 89
Trd, 431015.567, 92
Trd, 431016.317, 99
Trd, 431016.600, 103
Trd, 431016.900, 110
Trd, 431017.283, 115
Trd, 431018.117, 107
Trd, 431018.433, 83
Trd, 431019.433, 101
Trd, 431020.283, 103
Trd, 431021.367, 100
Trd, 431022.217, 94
Trd, 431022.567, 102
Trd, 431023.033, 93
Trd, 431023.550, 93
Trd, 431024.450, 109
Trd, 431025.683, 103
Trd, 431025.900, 91
Trd, 431028.200, 104
Trd, 431028.317, 103
Trd, 431029.000, 98
Trd, 431029.417, 97
Trd, 431029.483, 96
Trd, 431030.700, 100
Trd, 431031.683, 87
Trd, 431031.833, 101
Trd, 431032.467, 91
Trd, 431032.783, 116
Trd, 431033.050, 88
Trd, 431033.283, 84
Trd, 431033.700, 87
Trd, 431034.800, 101
Trd, 431034.900, 98
Trd, 431034.967, 97
Trd, 431035.150, 113
Trd, 431035.267, 114
Trd, 431035.783, 117
Trd, 431036.617, 86
Trd, 431036.700, 123
Trd, 431037.733, 110
Trd, 431040.217, 87
Trd, 431040.667, 106
Trd, 431041.317, 107
Trd, 431041.617, 88
Trd, 431043.750, 92
Trd, 431044.500, 91
Trd, 431044.800, 86
Trd, 431045.167, 95
Trd, 431046.200, 91
Trd, 431047.400, 85
Trd, 431047.983, 86
Trd, 431048.750, 84
Trd, 431049.800, 90
Trd, 431049.967, 91
Trd, 431050.417, 115
Trd, 431051.467, 120
Trd, 431052.050, 93
Trd, 431052.167, 117
Trd, 431052.550, 119
Trd, 431053.033, 91
Trd, 431054.283, 90
Trd, 431054.417, 90
Trd, 431054.733, 87
Trd, 431055.267, 84
Trd, 431056.367, 71
Trd, 431056.700, 96
Trd, 431057.000, 101
Trd, 431058.233, 91
Trd, 431059.733, 121
Trd, 431061.017, 91
Trd, 431061.167, 86
Trd, 431061.767, 96
Trd, 431062.817, 89
Trd, 431064.067, 96
Trd, 431064.283, 98
Trd, 431064.750, 92
Trd, 431065.250, 88
Trd, 431065.650, 101
Trd, 431066.933, 111
Trd, 431067.933, 106
Trd, 431068.033, 86
Trd, 431070.817, 97
Trd, 431070.950, 114
Trd, 431072.300, 88
Trd, 431072.383, 87
Trd, 431073.883, 94
Trd, 431073.950, 84
Trd, 431074.400, 92
Trd, 431074.717, 87
Trd, 431074.783, 99
Trd, 431074.950, 101
Trd, 431077.383, 96
Trd, 431077.817, 101
Trd, 431080.183, 115
Trd, 431080.217, 106
Trd, 431080.350, 98
Trd, 431081.067, 96
Trd, 431081.267, 95
Trd, 431081.600, 93
Trd, 431082.267, 99
Trd, 431082.750, 83
Trd, 431083.683, 93
Trd, 431083.950, 79
Trd, 431084.567, 74
Trd, 431085.350, 98
Trd, 431085.417, 101
Trd, 431086.483, 91
Trd, 431086.500, 98
Trd, 431086.867, 97
Trd, 431087.083, 89
Trd, 431087.133, 115
Trd, 431089.417, 101
Trd, 431089.617, 89
Trd, 431090.950, 114
Trd, 431091.017, 101
Trd, 431091.150, 115
Trd, 431092.433, 87
Trd, 431093.433, 87
Trd, 431095.850, 86
Trd, 431096.017, 91
Trd, 431096.700, 91
Trd, 431096.717, 90
Trd, 431097.450, 84
Trd, 431097.600, 114
Trd, 431098.017, 71
Trd, 431098.617, 80
Trd, 431099.333, 77
Trd, 431099.567, 97
Trd, 431099.750, 98
Trd, 431100.133, 115
Trd, 431102.217, 90
Trd, 431103.483, 102
Trd, 431103.867, 93
Trd, 431104.783, 107
Trd, 431105.200, 97
Trd, 431106.900, 113
Trd, 431107.333, 95
Trd, 431108.333, 95
Trd, 431108.933, 105
Trd, 431109.217, 97
Trd, 431109.317, 117
Trd, 431109.633, 129
Trd, 431109.833, 96
Trd, 431111.150, 99
Trd, 431112.133, 98
Trd, 431112.617, 103
Trd, 431113.100, 111
Trd, 431113.517, 89
Trd, 431114.833, 87
Trd, 431114.900, 96
Trd, 431115.000, 86
Trd, 431115.150, 97
Trd, 431116.033, 94
Trd, 431116.417, 102
Trd, 431117.067, 109
Trd, 431118.733, 106
Trd, 431119.050, 95
Trd, 431120.067, 115
Trd, 431120.983, 101
Trd, 431121.900, 110
Trd, 431121.967, 108
Trd, 431122.300, 111
Trd, 431123.200, 106
Trd, 431123.650, 94
Trd, 431126.033, 110
Trd, 431126.500, 94
Trd, 431127.750, 96
Trd, 431128.167, 93
Trd, 431129.567, 93
Trd, 431129.767, 99
Trd, 431129.883, 100
Trd, 431130.567, 100
Trd, 431131.500, 87
Trd, 431131.733, 104
Trd, 431131.800, 105
Trd, 431133.467, 83
Trd, 431134.117, 84
Trd, 431134.350, 94
Trd, 431134.367, 101
Trd, 431138.167, 110
Trd, 431138.933, 96
Trd, 431139.400, 104
Trd, 431139.483, 103
Trd, 431140.083, 110
Trd, 431141.233, 97
Trd, 431141.600, 95
Trd, 431142.283, 109
Trd, 431142.783, 103
Trd, 431142.967, 101
Trd, 431143.867, 100
Trd, 431144.367, 101
Trd, 431144.383, 94
Trd, 431145.433, 106
Trd, 431145.550, 111
Trd, 431147.433, 107
Trd, 431149.250, 97
Trd, 431150.000, 93
Trd, 431150.750, 88
Trd, 431151.067, 103
Trd, 431151.283, 87
Trd, 431151.600, 107
Trd, 431152.017, 101
Trd, 431152.050, 115
Trd, 431153.367, 108
Trd, 431153.883, 106
Trd, 431154.400, 98
Trd, 431154.650, 83
Trd, 431157.200, 93
Trd, 431157.433, 87
Trd, 431157.533, 89
Trd, 431158.700, 97
Trd, 431159.967, 91
Trd, 431160.100, 92
Trd, 431160.183, 90
Trd, 431160.400, 93
Trd, 431161.483, 84
Trd, 431161.533, 93
Trd, 431162.250, 92
Trd, 431162.550, 86
Trd, 431162.900, 101
Trd, 431163.700, 115
Trd, 431164.633, 84
Trd, 431164.800, 115
Trd, 431164.850, 117
Trd, 431165.667, 84
Trd, 431166.433, 107
Trd, 431166.783, 97
Trd, 431167.167, 72
Trd, 431168.600, 69
Trd, 431171.867, 103
Trd, 431172.717, 88
Trd, 431173.833, 87
Trd, 431174.333, 105
Trd, 431174.350, 84
Trd, 431174.550, 85
Trd, 431174.667, 115
Trd, 431174.950, 94
Trd, 431175.500, 99
Trd, 431176.250, 75
Trd, 431176.483, 86
Trd, 431176.933, 87
Trd, 431177.733, 100
Trd, 431178.000, 118
Trd, 431178.883, 99
Trd, 431179.533, 112
Trd, 431180.150, 103
Trd, 431180.167, 102
Trd, 431180.467, 109
Trd, 431182.833, 114
Trd, 431183.150, 116
Trd, 431183.800, 104
Trd, 431184.867, 93
Trd, 431185.817, 84
Trd, 431186.733, 86
Trd, 431187.800, 101
Trd, 431187.933, 87
Trd, 431188.800, 88
Trd, 431190.450, 88
Trd, 431190.933, 101
Trd, 431191.833, 102
Trd, 431192.567, 103
Trd, 431193.533, 108
Trd, 431194.367, 115
Trd, 431194.850, 103
Trd, 431195.150, 95
Trd, 431195.417, 112
Trd, 431196.317, 97
Trd, 431196.567, 95
Trd, 431197.300, 93
Trd, 431197.550, 91
Trd, 431198.233, 90
Trd, 431198.617, 107
Trd, 431199.783, 99
Trd, 431199.817, 115
Trd, 431200.283, 98
Trd, 431200.317, 93
Trd, 431200.367, 89
Trd, 431200.450, 84
Trd, 431201.550, 92
Trd, 431203.167, 94
Trd, 431203.950, 100
Trd, 431204.950, 100
Trd, 431206.400, 94
Trd, 431206.600, 98
Trd, 431206.633, 101
Trd, 431207.833, 98
Trd, 431210.417, 99
Trd, 431210.467, 101
Trd, 431212.083, 97
Trd, 431212.183, 112
Trd, 431212.400, 93
Trd, 431212.633, 96
Trd, 431212.667, 97
Trd, 431213.667, 115
Trd, 431214.833, 89
Trd, 431216.433, 87
Trd, 431216.917, 107
Trd, 431217.950, 98
Trd, 431218.100, 97
Trd, 431218.400, 95
Trd, 431220.517, 107
Trd, 431220.583, 87
Trd, 431221.650, 102
Trd, 431222.100, 105
Trd, 431222.200, 115
Trd, 431222.967, 84
Trd, 431224.833, 91
Trd, 431224.900, 98
Trd, 431225.033, 114
Trd, 431225.100, 94
Trd, 431225.333, 90
Trd, 431226.000, 77
Trd, 431226.917, 84
Trd, 431227.233, 91
Trd, 431228.467, 94
Trd, 431229.567, 113
Trd, 431231.117, 111
Trd, 431231.383, 112
Trd, 431231.483, 94
Trd, 431232.667, 93
Trd, 431233.133, 97
Trd, 431233.600, 111
Trd, 431235.067, 104
Trd, 431235.567, 87
Trd, 431236.683, 85
Trd, 431236.850, 115
Trd, 431239.300, 105
Trd, 431239.467, 112
Trd, 431239.717, 105
Trd, 431240.767, 111
Trd, 431240.817, 104
Trd, 431240.917, 93
Trd, 431241.933, 96
Trd, 431242.050, 82
Trd, 431242.283, 101
Trd, 431242.450, 88
Trd, 431242.833, 115
Trd, 431244.667, 89
Trd, 431245.167, 97
Trd, 431245.717, 111
Trd, 431245.883, 87
Trd, 431246.750, 112
Trd, 431247.650, 101
Trd, 431247.967, 108
Trd, 431248.467, 91
Trd, 431249.700, 83
Trd, 431249.967, 105
Trd, 431250.567, 74
Trd, 431250.950, 102
Trd, 431251.067, 76
Trd, 431251.983, 87
Trd, 431254.650, 98
Trd, 431254.667, 100
Trd, 431254.800, 107
Trd, 431255.600, 115
Trd, 431255.867, 116
Trd, 431256.517, 99
Trd, 431256.667, 94
Trd, 431259.717, 109
Trd, 431261.150, 100
Trd, 431262.083, 103
Trd, 431262.233, 93
Trd, 431262.950, 105
Trd, 431263.017, 115
Trd, 431263.700, 87
Trd, 431264.400, 85
Trd, 431264.733, 115
Trd, 431264.983, 92
Trd, 431265.550, 86
Trd, 431267.867, 95
Trd, 431268.417, 91
Trd, 431268.533, 94
Trd, 431268.800, 95
Trd, 431269.500, 93
Trd, 431270.083, 100
Trd, 431270.383, 102
Trd, 431271.317, 90
Trd, 431272.917, 99
Trd, 431273.483, 88
Trd, 431274.033, 95
Trd, 431274.767, 98
Trd, 431275.183, 90
Trd, 431275.717, 101
Trd, 431276.433, 114
Trd, 431277.400, 93
Trd, 431277.417, 92
Trd, 431277.467, 112
Trd, 431278.750, 105
Trd, 431280.233, 115
Trd, 431281.367, 98
Trd, 431282.150, 115
Trd, 431282.767, 97
Trd, 431283.050, 96
Trd, 431283.750, 115
Trd, 431284.700, 98
Trd, 431285.433, 99
Trd, 431285.483, 87
Trd, 431287.017, 89
Trd, 431287.367, 96
Trd, 431287.583, 87
Trd, 431287.933, 95
Trd, 431288.533, 94
Trd, 431289.450, 100
Trd, 431290.017, 101
Trd, 431290.583, 106
Trd, 431290.833, 102
Trd, 431291.467, 109
Trd, 431292.267, 110
Trd, 431292.783, 103
Trd, 431293.550, 93
Trd, 431295.000, 87
Trd, 431295.167, 101
Trd, 431295.800, 87
Trd, 431296.083, 104
Trd, 431297.167, 95
Trd, 431297.233, 99
Trd, 431298.250, 87
Trd, 431299.300, 97
Trd, 431300.867, 108
Trd, 431301.117, 87
Trd, 431301.317, 84
Trd, 431301.567, 95
Trd, 431301.867, 81
Trd, 431302.000, 111
Trd, 431302.017, 91
Trd, 431302.833, 113
Trd, 431304.200, 115
Trd, 431305.933, 98
Trd, 431306.183, 93
Trd, 431306.200, 87
Trd, 431306.433, 86
Trd, 431307.383, 86
Trd, 431307.883, 88
Trd, 431308.250, 87
Trd, 431309.317, 101
Trd, 431310.583, 97
Trd, 431311.283, 84
Trd, 431313.533, 99
Trd, 431313.783, 101
Trd, 431313.917, 93
Trd, 431314.167, 107
Trd, 431314.183, 115
Trd, 431315.450, 98
Trd, 431316.250, 117
Trd, 431316.483, 116
Trd, 431317.767, 105
Trd, 431320.100, 98
Trd, 431322.050, 94
Trd, 431322.317, 95
Trd, 431323.250, 102
Trd, 431323.283, 93
Trd, 431323.350, 87
Trd, 431323.517, 111
Trd, 431323.567, 111
Trd, 431324.017, 98
Trd, 431324.133, 115
Trd, 431325.883, 91
Trd, 431325.900, 114
Trd, 431325.967, 90
Trd, 431326.383, 84
Trd, 431327.217, 92
Trd, 431327.733, 109
Trd, 431328.083, 85
Trd, 431330.300, 92
Trd, 431330.617, 75
Trd, 431331.183, 76
Trd, 431332.333, 79
Trd, 431333.067, 89
Trd, 431333.483, 91
Trd, 431333.917, 96
Trd, 431334.317, 101
Trd, 431334.900, 100
Trd, 431336.217, 84
Trd, 431336.883, 107
Trd, 431337.250, 78
Trd, 431337.517, 107
Trd, 431337.967, 115
Trd, 431340.133, 88
Trd, 431340.150, 105
Trd, 431341.400, 111
Trd, 431341.633, 112
Trd, 431342.383, 110
Trd, 431342.667, 89
Trd, 431342.733, 98
Trd, 431343.633, 93
Trd, 431345.317, 94
Trd, 431345.600, 90
Trd, 431345.650, 87
Trd, 431346.000, 101
Trd, 431346.600, 113
Trd, 431346.767, 115
Trd, 431346.883, 84
Trd, 431347.900, 102
Trd, 431347.983, 79
Trd, 431349.183, 114
Trd, 431349.367, 100
Trd, 431351.567, 96
Trd, 431352.150, 100
Trd, 431352.633, 96
Trd, 431352.733, 101
Trd, 431353.450, 113
Trd, 431353.900, 93
Trd, 431354.233, 94
Trd, 431354.817, 101
Trd, 431355.683, 112
Trd, 431356.867, 87
Trd, 431357.083, 86
Trd, 431357.283, 84
Trd, 431358.067, 97
Trd, 431358.250, 96
Trd, 431359.400, 102
Trd, 431360.917, 114
Trd, 431361.700, 117
Trd, 431362.800, 107
Trd, 431363.033, 117
Trd, 431365.467, 112
Trd, 431365.950, 112
Trd, 431366.483, 108
Trd, 431366.700, 104
Trd, 431367.600, 98
Trd, 431367.717, 93
Trd, 431368.017, 97
Trd, 431368.583, 95
Trd, 431368.767, 87
Trd, 431369.000, 94
Trd, 431369.083, 98
Trd, 431370.517, 110
Trd, 431371.083, 88
Trd, 431374.100, 92
Trd, 431375.217, 96
Trd, 431375.950, 93
Trd, 431376.500, 104
Trd, 431376.633, 92
Trd, 431376.950, 106
Trd, 431377.283, 104
Trd, 431377.617, 87
Trd, 431379.267, 92
Trd, 431380.800, 90
Trd, 431381.167, 87
Trd, 431382.567, 96
Trd, 431383.833, 87
Trd, 431385.250, 99
Trd, 431385.533, 109
Trd, 431385.667, 110
Trd, 431385.700, 117
Trd, 431386.183, 108
Trd, 431387.267, 103
Trd, 431387.500, 102
Trd, 431387.783, 111
Trd, 431388.283, 98
Trd, 431390.483, 90
Trd, 431392.100, 92
Trd, 431392.300, 91
Trd, 431392.400, 93
Trd, 431392.550, 90
Trd, 431392.567, 96
Trd, 431393.033, 85
Trd, 431394.350, 99
Trd, 431394.533, 101
Trd, 431394.717, 84
Trd, 431396.333, 115
Trd, 431397.650, 104
Trd, 431398.367, 108
Trd, 431398.450, 97
Trd, 431399.283, 109
Trd, 431400.983, 111
Trd, 431401.550, 89
Trd, 431402.100, 87
Trd, 431403.783, 84
Trd, 431403.983, 87
Trd, 431404.233, 97
Trd, 431404.367, 99
Trd, 431405.100, 101
Trd, 431405.700, 95
Trd, 431406.100, 95
Trd, 431406.767, 96
Trd, 431407.800, 113
Trd, 431408.050, 106
Trd, 431408.700, 114
Trd, 431410.433, 93
Trd, 431413.733, 96
Trd, 431414.000, 88
Trd, 431414.350, 95
Trd, 431414.383, 109
Trd, 431415.667, 109
Trd, 431416.383, 87
Trd, 431416.400, 87
Trd, 431417.400, 86
Trd, 431417.767, 91
Trd, 431418.783, 94
Trd, 431419.117, 84
Trd, 431419.517, 101
Trd, 431419.783, 84
Trd, 431419.983, 109
Trd, 431420.183, 114
Trd, 431420.967, 89
Trd, 431421.583, 112
Trd, 431422.600, 111
Trd, 431423.633, 90
Trd, 431423.683, 95
Trd, 431424.767, 103
Trd, 431426.017, 87
Trd, 431426.100, 100
Trd, 431426.350, 84
Trd, 431426.600, 101
Trd, 431427.467, 83
Trd, 431428.050, 114
Trd, 431428.783, 113
Trd, 431429.400, 115
Trd, 431430.467, 98
Trd, 431431.183, 91
Trd, 431433.350, 92
Trd, 431433.633, 103
Trd, 431434.700, 98
Trd, 431435.417, 96
Trd, 431436.033, 103
Trd, 431436.550, 95
Trd, 431437.833, 110
Trd, 431438.083, 94
Trd, 431438.250, 113
Trd, 431440.267, 114
Trd, 431440.567, 104
Trd, 431442.200, 96
Trd, 431443.033, 103
Trd, 431443.650, 93
Trd, 431444.017, 85
Trd, 431445.850, 97
Trd, 431446.983, 101
Trd, 431447.233, 93
Trd, 431447.700, 91
Trd, 431447.783, 85
Trd, 431448.617, 96
Trd, 431448.967, 95
Trd, 431448.983, 104
Trd, 431449.700, 99
Trd, 431451.017, 103
Trd, 431451.583, 97
Trd, 431451.683, 114
Trd, 431451.850, 87
Trd, 431452.900, 92
Trd, 431453.567, 89
Trd, 431454.350, 95
Trd, 431455.717, 88
Trd, 431456.017, 90
Trd, 431458.117, 85
Trd, 431458.333, 115
Trd, 431460.933, 94
Trd, 431461.333, 94
Trd, 431461.567, 90
Trd, 431463.233, 91
Trd, 431463.933, 92
Trd, 431464.850, 87
Trd, 431465.067, 97
Trd, 431465.800, 100
Trd, 431465.967, 87
Trd, 431466.133, 84
Trd, 431466.433, 87
Trd, 431467.050, 77
Trd, 431468.867, 84
Trd, 431469.617, 89
Trd, 431469.883, 98
Trd, 431470.100, 113
Trd, 431470.900, 115
Trd, 431471.733, 117
Trd, 431472.183, 92
Trd, 431473.450, 96
Trd, 431473.917, 98
Trd, 431475.333, 93
Trd, 431477.133, 93
Trd, 431477.583, 100
Trd, 431477.683, 100
Trd, 431477.850, 101
Trd, 431478.500, 88
Trd, 431479.583, 85
Trd, 431479.617, 96
Trd, 431480.767, 83
Trd, 431482.583, 88
Trd, 431482.633, 93
Trd, 431482.817, 89
Trd, 431483.350, 84
Trd, 431484.867, 87
Trd, 431485.200, 91
Trd, 431485.517, 93
Trd, 431485.850, 95
Trd, 431486.467, 79
Trd, 431487.300, 96
Trd, 431487.550, 101
Trd, 431487.900, 87
Trd, 431489.700, 99
Trd, 431490.633, 113
Trd, 431490.750, 115
Trd, 431492.250, 99
Trd, 431492.467, 115
Trd, 431492.700, 99
Trd, 431493.883, 116
Trd, 431494.417, 117
Trd, 431494.617, 93
Trd, 431494.900, 91
Trd, 431494.950, 107
Trd, 431495.517, 85
Trd, 431496.117, 94
Trd, 431496.700, 101
Trd, 431496.850, 84
Trd, 431496.867, 78
Trd, 431498.133, 128
Trd, 431498.217, 87
Trd, 431498.767, 85
Trd, 431500.800, 108
Trd, 431502.317, 107
Trd, 431502.567, 108
Trd, 431503.333, 109
Trd, 431503.483, 115
Trd, 431504.450, 115
Trd, 431504.617, 106
Trd, 431504.667, 104
Trd, 431505.200, 104
Trd, 431505.633, 87
Trd, 431506.050, 83
Trd, 431506.733, 80
Trd, 431507.033, 89
Trd, 431507.050, 110
Trd, 431507.817, 72
Trd, 431508.283, 95
Trd, 431509.100, 104
Trd, 431510.667, 93
Trd, 431511.417, 89
Trd, 431511.983, 87
Trd, 431513.000, 103
Trd, 431513.917, 93
Trd, 431514.267, 91
Trd, 431515.967, 85
Trd, 431516.250, 102
Trd, 431517.317, 98
Trd, 431517.817, 103
Trd, 431518.167, 92
Trd, 431519.683, 100
Trd, 431520.167, 84
Trd, 431520.617, 115
Trd, 431521.333, 119
Trd, 431523.050, 94
Trd, 431523.383, 101
Trd, 431523.450, 116
Trd, 431523.900, 91
Trd, 431524.333, 88
Trd, 431525.433, 96
Trd, 431526.683, 94
Trd, 431526.850, 87
Trd, 431527.367, 90
Trd, 431527.683, 104
Trd, 431528.417, 105
Trd, 431529.367, 114
Trd, 431530.950, 94
Trd, 431531.717, 94
Trd, 431531.783, 93
Trd, 431532.100, 87
Trd, 431533.367, 87
Trd, 431533.950, 89
Trd, 431534.117, 84
Trd, 431534.283, 90
Trd, 431534.400, 108
Trd, 431534.500, 87
Trd, 431534.600, 109
Trd, 431536.583, 95
Trd, 431536.683, 115
Trd, 431536.800, 117
Trd, 431537.483, 92
Trd, 431538.733, 87
Trd, 431538.950, 86
Trd, 431539.600, 89
Trd, 431541.783, 86
Trd, 431541.900, 84
Trd, 431542.350, 91
Trd, 431543.900, 101
Trd, 431544.200, 74
Trd, 431544.433, 78
Trd, 431544.833, 106
Trd, 431545.083, 86
Trd, 431545.217, 117
Trd, 431547.333, 93
Trd, 431548.700, 104
Trd, 431548.733, 107
Trd, 431549.167, 104
Trd, 431549.700, 107
Trd, 431549.717, 103
Trd, 431550.800, 98
Trd, 431550.833, 93
Trd, 431551.767, 87
Trd, 431553.283, 89
Trd, 431554.683, 87
Trd, 431555.333, 89
Trd, 431555.633, 88
Trd, 431555.850, 100
Trd, 431556.467, 101
Trd, 431557.350, 114
Trd, 431557.950, 92
Trd, 431558.150, 91
Trd, 431559.000, 91
Trd, 431559.100, 105
Trd, 431559.250, 115
Trd, 431559.467, 87
Trd, 431560.700, 108
Trd, 431560.800, 107
Trd, 431561.500, 91
Trd, 431563.483, 84
Trd, 431564.167, 97
Trd, 431565.367, 117
Trd, 431567.183, 94
Trd, 431567.317, 108
Trd, 431568.717, 94
Trd, 431568.767, 96
Trd, 431569.033, 93
Trd, 431569.217, 77
Trd, 431569.750, 87
Trd, 431571.017, 95
Trd, 431572.883, 99
Trd, 431572.900, 94
Trd, 431574.050, 101
Trd, 431574.300, 93
Trd, 431575.683, 104
Trd, 431576.133, 110
Trd, 431577.017, 93
Trd, 431577.967, 99
Trd, 431578.183, 100
Trd, 431578.917, 117
Trd, 431579.650, 106
Trd, 431580.383, 106
Trd, 431582.567, 94
Trd, 431583.083, 95
Trd, 431583.183, 93
Trd, 431583.367, 93
Trd, 431584.250, 93
Trd, 431584.767, 90
Trd, 431584.833, 95
Trd, 431586.183, 114
Trd, 431586.267, 107
Trd, 431586.717, 101
Trd, 431587.917, 97
Trd, 431587.983, 96
Trd, 431589.817, 90
Trd, 431590.633, 90
Trd, 431591.883, 102
Trd, 431592.650, 117
Trd, 431593.467, 110
Trd, 431593.917, 125
Trd, 431594.150, 96
Trd, 431594.450, 84
Trd, 431595.067, 75
Trd, 431596.767, 99
Trd, 431597.883, 112
Trd, 431598.450, 101
Trd, 431598.817, 94
Trd, 431599.450, 93
Trd, 431599.933, 101
Trd, 431600.050, 111
Trd, 431601.933, 87
Trd, 431602.883, 100
Trd, 431603.533, 83
Trd, 431604.033, 87
Trd, 431604.283, 90
Trd, 431604.300, 92
Trd, 431604.433, 84
Trd, 431604.517, 93
Trd, 431605.017, 85
Trd, 431605.067, 98
Trd, 431605.183, 108
Trd, 431605.317, 84
Trd, 431607.033, 102
Trd, 431607.100, 78
Trd, 431608.000, 115
Trd, 431608.850, 106
Trd, 431610.133, 95
Trd, 431610.350, 95
Trd, 431611.433, 93
Trd, 431611.967, 92
Trd, 431612.417, 128
Trd, 431613.450, 103
Trd, 431613.950, 87
Trd, 431614.000, 86
Trd, 431614.267, 102
Trd, 431616.083, 88
Trd, 431616.450, 84
Trd, 431617.150, 95
Trd, 431617.750, 95
Trd, 431618.967, 89
Trd, 431621.800, 91
Trd, 431623.150, 106
Trd, 431623.167, 107
Trd, 431623.333, 106
Trd, 431623.600, 90
Trd, 431624.600, 88
Trd, 431624.917, 87
Trd, 431625.683, 87
Trd, 431626.333, 96
Trd, 431626.683, 114
Trd, 431626.850, 87
Trd, 431627.250, 115
Trd, 431628.717, 111
Trd, 431628.733, 115
Trd, 431629.617, 85
Trd, 431631.100, 85
Trd, 431631.783, 84
Trd, 431632.267, 104
Trd, 431633.317, 105
Trd, 431634.150, 106
Trd, 431635.117, 99
Trd, 431635.583, 93
Trd, 431636.283, 89
Trd, 431636.917, 96
Trd, 431637.100, 102
Trd, 431637.367, 84
Trd, 431637.483, 98
Trd, 431638.300, 105
Trd, 431638.900, 100
Trd, 431640.717, 83
Trd, 431640.917, 85
Trd, 431641.233, 71
Trd, 431641.283, 87
Trd, 431641.317, 95
Trd, 431641.367, 115
Trd, 431644.500, 96
Trd, 431645.083, 101
Trd, 431645.867, 101
Trd, 431646.033, 95
Trd, 431647.167, 93
Trd, 431647.533, 115
Trd, 431647.833, 117
Trd, 431648.050, 107
Trd, 431648.600, 86
Trd, 431650.200, 83
Trd, 431650.733, 86
Trd, 431650.767, 95
Trd, 431651.833, 109
Trd, 431652.467, 87
Trd, 431653.783, 90
Trd, 431654.900, 96
Trd, 431655.733, 93
Trd, 431656.400, 100
Trd, 431657.867, 100
Trd, 431658.633, 101
Trd, 431658.817, 100
Trd, 431659.533, 93
Trd, 431659.967, 87
Trd, 431661.667, 88
Trd, 431661.767, 88
Trd, 431661.783, 89
Trd, 431662.250, 97
Trd, 431663.383, 95
Trd, 431664.417, 101
Trd, 431664.683, 101
Trd, 431664.867, 102
Trd, 431665.567, 98
Trd, 431668.617, 105
Trd, 431670.517, 99
Trd, 431670.600, 98
Trd, 431671.117, 89
Trd, 431671.217, 110
Trd, 431672.233, 112
Trd, 431673.150, 87
Trd, 431673.517, 95
Trd, 431673.600, 96
Trd, 431673.933, 101
Trd, 431675.200, 93
Trd, 431676.150, 111
Trd, 431676.467, 92
Trd, 431676.733, 84
Trd, 431677.800, 93
Trd, 431678.367, 85
Trd, 431679.133, 88
Trd, 431680.200, 96
Trd, 431680.917, 95
Trd, 431681.350, 105
Trd, 431681.567, 91
Trd, 431683.417, 90
Trd, 431683.700, 84
Trd, 431684.467, 84
Trd, 431685.400, 93
Trd, 431686.217, 87
Trd, 431686.250, 101
Trd, 431687.483, 89
Trd, 431689.350, 105
Trd, 431690.817, 102
Trd, 431691.800, 115
Trd, 431692.550, 105
Trd, 431692.583, 96
Trd, 431692.800, 87
Trd, 431693.000, 115
Trd, 431693.050, 76
Trd, 431693.467, 106
Trd, 431694.150, 85
Trd, 431695.450, 97
Trd, 431696.433, 89
Trd, 431696.717, 107
Trd, 431697.350, 98
Trd, 431698.583, 96
Trd, 431698.733, 87
Trd, 431698.817, 115
Trd, 431698.833, 85
Trd, 431699.250, 117
Trd, 431699.767, 90
Trd, 431700.083, 88
Trd, 431701.100, 101
Trd, 431701.667, 111
Trd, 431703.433, 105
Trd, 431705.150, 93
Trd, 431705.800, 91
Trd, 431706.333, 95
Trd, 431707.050, 93
Trd, 431707.733, 98
Trd, 431708.000, 84
Trd, 431708.200, 101
Trd, 431708.533, 83
Trd, 431708.717, 109
Trd, 431709.183, 114
Trd, 431711.233, 105
Trd, 431711.650, 100
Trd, 431711.833, 92
Trd, 431712.333, 91
Trd, 431712.450, 74
Trd, 431712.633, 92
Trd, 431713.467, 115
Trd, 431716.783, 96
Trd, 431717.767, 108
Trd, 431718.067, 110
Trd, 431718.383, 99
Trd, 431718.867, 96
Trd, 431719.283, 97
Trd, 431720.383, 87
Trd, 431721.100, 90
Trd, 431721.650, 87
Trd, 431723.033, 105
Trd, 431723.100, 107
Trd, 431724.050, 114
Trd, 431725.200, 114
Trd, 431726.083, 98
Trd, 431726.717, 97
Trd, 431727.033, 94
Trd, 431727.650, 113
Trd, 431727.733, 93
Trd, 431728.117, 89
Trd, 431729.250, 86
Trd, 431729.667, 90
Trd, 431731.217, 82
Trd, 431731.750, 87
Trd, 431732.333, 92
Trd, 431733.033, 84
Trd, 431733.333, 84
Trd, 431733.817, 96
Trd, 431734.150, 97
Trd, 431734.350, 101
Trd, 431734.767, 101
Trd, 431737.167, 110
Trd, 431737.517, 109
Trd, 431740.283, 94
Trd, 431740.850, 94
Trd, 431741.100, 87
Trd, 431741.700, 96
Trd, 431742.100, 86
Trd, 431742.133, 100
Trd, 431742.183, 101
Trd, 431743.183, 115
Trd, 431744.717, 110
Trd, 431745.167, 94
Trd, 431746.233, 109
Trd, 431746.817, 102
Trd, 431746.950, 115
Trd, 431747.517, 101
Trd, 431747.917, 108
Trd, 431747.983, 102
Trd, 431748.067, 100
Trd, 431751.067, 93
Trd, 431751.517, 87
Trd, 431751.567, 104
Trd, 431751.833, 87
Trd, 431753.550, 106
Trd, 431753.983, 86
Trd, 431754.183, 115
Trd, 431754.467, 115
Trd, 431756.267, 98
Trd, 431756.283, 102
Trd, 431756.617, 91
Trd, 431758.650, 101
Trd, 431759.967, 95
Trd, 431761.617, 100
Trd, 431761.950, 99
Trd, 431762.283, 98
Trd, 431763.633, 103
Trd, 431763.750, 93
Trd, 431763.850, 87
Trd, 431763.983, 115
Trd, 431764.117, 117
Trd, 431764.150, 101
Trd, 431764.233, 88
Trd, 431764.600, 82
Trd, 431765.267, 71
Trd, 431765.533, 98
Trd, 431766.667, 103
Trd, 431767.167, 106
Trd, 431767.350, 111
Trd, 431767.833, 112
Trd, 431768.117, 84
Trd, 431769.233, 85
Trd, 431769.433, 87
Trd, 431770.067, 90
Trd, 431770.917, 108
Trd, 431771.483, 110
Trd, 431772.417, 106
Trd, 431772.550, 95
Trd, 431773.883, 97
Trd, 431774.083, 96
Trd, 431774.283, 127
Trd, 431774.567, 93
Trd, 431774.783, 84
Trd, 431776.217, 109
Trd, 431777.483, 107
Trd, 431779.767, 109
Trd, 431779.883, 108
Trd, 431780.183, 101
Trd, 431781.283, 104
Trd, 431781.583, 95
Trd, 431782.117, 105
Trd, 431782.683, 106
Trd, 431784.050, 115
Trd, 431784.150, 114
Trd, 431785.133, 110
Trd, 431785.600, 106
Trd, 431785.933, 102
Trd, 431786.950, 95
Trd, 431787.400, 94
Trd, 431787.500, 93
Trd, 431788.683, 108
Trd, 431789.183, 105
Trd, 431789.733, 89
Trd, 431789.983, 104
Trd, 431791.450, 89
Trd, 431792.900, 87
Trd, 431793.850, 84
Trd, 431794.067, 92
Trd, 431794.167, 100
Trd, 431795.633, 116
Trd, 431796.650, 117
Trd, 431797.117, 102
Trd, 431798.483, 97
Trd, 431800.167, 93
Trd, 431800.183, 95
Trd, 431800.333, 87
Trd, 431800.583, 84
Trd, 431800.950, 85
Trd, 431801.867, 89
Trd, 431802.400, 91
Trd, 431803.167, 89
Trd, 431803.833, 103
Trd, 431804.150, 87
Trd, 431805.533, 101
Trd, 431806.217, 94
Trd, 431806.600, 108
Trd, 431808.183, 98
Trd, 431808.383, 94
Trd, 431808.983, 107
Trd, 431809.800, 98
Trd, 431810.300, 94
Trd, 431810.850, 93
Trd, 431811.033, 88
Trd, 431811.517, 88
Trd, 431813.433, 103
Trd, 431813.650, 106
Trd, 431814.183, 109
Trd, 431814.267, 105
Trd, 431816.833, 111
Trd, 431818.917, 108
Trd, 431819.133, 99
Trd, 431819.400, 92
Trd, 431820.317, 101
Trd, 431820.750, 89
Trd, 431821.933, 105
Trd, 431822.883, 106
Trd, 431823.167, 115
Trd, 431824.000, 115
Trd, 431824.067, 90
Trd, 431825.250, 88
Trd, 431826.783, 103
Trd, 431827.767, 92
Trd, 431827.950, 95
Trd, 431828.700, 92
Trd, 431829.283, 87
Trd, 431829.800, 86
Trd, 431830.883, 84
Trd, 431831.133, 81
Trd, 431831.283, 87
Trd, 431831.933, 87
Trd, 431832.400, 89
Trd, 431833.050, 95
Trd, 431834.150, 98
Trd, 431834.783, 101
Trd, 431834.800, 113
Trd, 431835.850, 100
Trd, 431836.333, 111
Trd, 431837.283, 102
Trd, 431837.700, 113
Trd, 431837.733, 115
Trd, 431838.583, 112
Trd, 431838.733, 111
Trd, 431839.250, 111
Trd, 431839.983, 104
Trd, 431840.667, 100
Trd, 431841.250, 90
Trd, 431842.117, 87
Trd, 431843.833, 100
Trd, 431843.883, 101
Trd, 431845.767, 90
Trd, 431846.917, 97
Trd, 431848.200, 99
Trd, 431849.167, 101
Trd, 431849.450, 91
Trd, 431849.817, 117
Trd, 431850.617, 97
Trd, 431850.783, 115
Trd, 431851.250, 96
Trd, 431853.033, 115
Trd, 431853.883, 102
Trd, 431855.483, 90
Trd, 431855.850, 94
Trd, 431856.467, 93
Trd, 431857.367, 101
Trd, 431858.033, 89
Trd, 431858.067, 96
Trd, 431861.067, 95
Trd, 431861.733, 97
Trd, 431861.833, 101
Trd, 431862.500, 99
Trd, 431862.650, 98
Trd, 431863.217, 87
Trd, 431863.333, 94
Trd, 431864.267, 85
Trd, 431864.450, 104
Trd, 431864.917, 84
Trd, 431865.333, 79
Trd, 431866.300, 88
Trd, 431867.300, 86
Trd, 431869.350, 108
Trd, 431869.567, 96
Trd, 431869.700, 96
Trd, 431871.333, 99
Trd, 431872.783, 103
Trd, 431874.333, 89
Trd, 431874.700, 89
Trd, 431874.883, 90
Trd, 431875.183, 93
Trd, 431875.350, 101
Trd, 431876.733, 100
Trd, 431877.117, 101
Trd, 431877.350, 91
Trd, 431878.083, 92
Trd, 431878.800, 90
Trd, 431880.333, 87
Trd, 431881.617, 105
Trd, 431882.433, 107
Trd, 431883.083, 93
Trd, 431883.967, 93
Trd, 431884.233, 87
Trd, 431884.967, 90
Trd, 431885.133, 91
Trd, 431885.567, 96
Trd, 431886.317, 95
Trd, 431886.517, 101
Trd, 431888.083, 117
Trd, 431888.233, 124
Trd, 431888.883, 113
Trd, 431889.533, 122
Trd, 431890.417, 115
Trd, 431890.983, 87
Trd, 431891.633, 110
Trd, 431892.217, 85
Trd, 431893.350, 91
Trd, 431893.400, 92
Trd, 431894.033, 101
Trd, 431894.517, 86
Trd, 431895.917, 107
Trd, 431896.450, 88
Trd, 431897.817, 101
Trd, 431897.833, 90
Trd, 431898.150, 96
Trd, 431898.400, 98
Trd, 431898.783, 101
Trd, 431900.050, 95
Trd, 431901.467, 116
Trd, 431902.200, 93
Trd, 431903.500, 97
Trd, 431904.350, 87
Trd, 431904.600, 74
Trd, 431904.967, 84
Trd, 431906.117, 96
Trd, 431906.133, 105
Trd, 431908.150, 113
Trd, 431908.367, 112
Trd, 431908.817, 95
Trd, 431908.900, 115
Trd, 431909.617, 93
Trd, 431910.317, 91
Trd, 431910.683, 101
Trd, 431912.433, 98
Trd, 431912.717, 95
Trd, 431912.967, 87
Trd, 431913.300, 84
Trd, 431914.767, 101
Trd, 431916.200, 87
Trd, 431916.267, 88
Trd, 431916.783, 73
Trd, 431917.567, 95
Trd, 431918.183, 97
Trd, 431919.717, 106
Trd, 431920.100, 103
Trd, 431921.133, 115
Trd, 431922.417, 103
Trd, 431922.633, 101
Trd, 431923.283, 96
Trd, 431923.317, 87
Trd, 431923.633, 100
Trd, 431925.383, 113
Trd, 431926.583, 114
Trd, 431926.750, 108
Trd, 431928.350, 107
Trd, 431928.900, 106
Trd, 431929.100, 107
Trd, 431930.833, 105
Trd, 431931.150, 115
Trd, 431931.433, 93
Trd, 431931.650, 131
Trd, 431932.900, 111
Trd, 431933.883, 90
Trd, 431934.800, 89
Trd, 431935.467, 90
Trd, 431936.117, 87
Trd, 431937.367, 86
Trd, 431938.533, 108
Trd, 431938.583, 88
Trd, 431938.833, 107
Trd, 431939.383, 106
Trd, 431939.433, 104
Trd, 431939.717, 93
Trd, 431940.917, 94
Trd, 431942.033, 97
Trd, 431943.183, 95
Trd, 431944.250, 96
Trd, 431944.767, 92
Trd, 431945.717, 99
Trd, 431945.900, 100
Trd, 431946.083, 92
Trd, 431946.483, 98
Trd, 431946.900, 101
Trd, 431948.250, 113
Trd, 431948.533, 115
Trd, 431949.633, 115
Trd, 431949.767, 104
Trd, 431951.783, 93
Trd, 431953.500, 105
Trd, 431954.117, 106
Trd, 431954.183, 89
Trd, 431954.550, 93
Trd, 431955.483, 91
Trd, 431955.750, 87
Trd, 431956.767, 101
Trd, 431957.517, 99
Trd, 431957.633, 93
Trd, 431958.267, 100
Trd, 431958.333, 92
Trd, 431958.900, 99
Trd, 431959.333, 84
Trd, 431960.133, 104
Trd, 431962.367, 113
Trd, 431963.117, 106
Trd, 431963.167, 101
Trd, 431964.667, 93
Trd, 431965.150, 109
Trd, 431965.283, 93
Trd, 431966.000, 87
Trd, 431966.083, 105
Trd, 431966.800, 96
Trd, 431967.267, 101
Trd, 431970.283, 115
Trd, 431970.600, 117
Trd, 431970.817, 106
Trd, 431971.283, 104
Trd, 431971.433, 94
Trd, 431971.567, 93
Trd, 431972.967, 103
Trd, 431973.617, 93
Trd, 431973.717, 116
Trd, 431974.150, 87
Trd, 431974.567, 76
Trd, 431975.983, 112
Trd, 431976.150, 111
Trd, 431977.300, 92
Trd, 431977.367, 96
Trd, 431977.867, 87
Trd, 431977.933, 91
Trd, 431978.383, 117
Trd, 431979.350, 106
Trd, 431980.000, 100
Trd, 431980.833, 106
Trd, 431981.783, 89
Trd, 431982.367, 108
Trd, 431983.833, 101
Trd, 431983.950, 93
Trd, 431984.367, 104
Trd, 431984.867, 87
Trd, 431986.950, 86
Trd, 431987.633, 96
Trd, 431990.833, 101
Trd, 431990.983, 106
Trd, 431991.033, 110
Trd, 431991.267, 99
Trd, 431992.400, 98
Trd, 431992.783, 93
Trd, 431993.567, 109
Trd, 431993.583, 107
Trd, 431993.917, 106
Trd, 431994.517, 105
Trd, 431995.167, 109
Trd, 431995.767, 96
Trd, 431996.150, 98
Trd, 431996.850, 93
Trd, 431998.133, 87
Trd, 431999.100, 92
Trd, 431999.383, 93
Trd, 431999.900, 95
