Trd, 430654.900, 106
Trd, 430655.233, 101
Trd, 430656.467, 97
Trd, 430657.083, 93
Trd, 430657.167, 107
Trd, 430658.400, 93
Trd, 430658.700, 95
Trd, 430659.117, 101
Trd, 430660.683, 115
Trd, 430661.467, 117
Trd, 430661.883, 109
Trd, 430664.617, 104
Trd, 430664.933, 103
Trd, 430665.283, 100
Trd, 430665.783, 105
Trd, 430667.200, 99
Trd, 430667.250, 98
Trd, 430668.383, 101
Trd, 430668.733, 106
Trd, 430668.833, 94
Trd, 430669.683, 94
Trd, 430669.933, 103
Trd, 430670.383, 106
Trd, 430671.733, 111
Trd, 430672.933, 113
Trd, 430673.150, 97
Trd, 430673.317, 94
Trd, 430673.400, 99
Trd, 430674.583, 99
Trd, 430675.717, 111
Trd, 430676.067, 103
Trd, 430677.167, 113
Trd, 430677.567, 108
Trd, 430677.700, 123
Trd, 430678.817, 102
Trd, 430679.367, 98
Trd, 430679.683, 95
Trd, 430682.733, 100
Trd, 430682.800, 99
Trd, 430683.417, 101
Trd, 430683.550, 98
Trd, 430684.300, 96
Trd, 430685.533, 106
Trd, 430686.217, 104
Trd, 430686.483, 105
Trd, 430688.633, 111
Trd, 430689.333, 105
Trd, 430690.867, 104
Trd, 430691.067, 105
Trd, 430691.467, 101
Trd, 430692.233, 101
Trd, 430692.717, 112
Trd, 430693.083, 97
Trd, 430693.583, 94
Trd, 430694.700, 95
Trd, 430695.283, 97
Trd, 430697.067, 93
Trd, 430697.533, 97
Trd, 430697.883, 107
Trd, 430698.467, 95
Trd, 430699.317, 96
Trd, 430700.017, 94
Trd, 430701.417, 105
Trd, 430701.517, 96
Trd, 430701.867, 103
Trd, 430701.967, 106
Trd, 430702.883, 101
Trd, 430703.050, 99
Trd, 430703.733, 96
Trd, 430704.967, 97
Trd, 430706.400, 97
Trd, 430707.383, 102
Trd, 430707.817, 100
Trd, 430709.600, 106
Trd, 430709.800, 106
Trd, 430709.833, 105
Trd, 430709.933, 103
Trd, 430710.167, 101
Trd, 430710.917, 95
Trd, 430711.833, 112
Trd, 430711.867, 105
Trd, 430713.267, 98
Trd, 430714.500, 96
Trd, 430714.833, 114
Trd, 430715.050, 100
Trd, 430715.250, 95
Trd, 430716.517, 100
Trd, 430716.567, 113
Trd, 430717.617, 98
Trd, 430719.000, 105
Trd, 430720.283, 102
Trd, 430722.233, 108
Trd, 430722.483, 101
Trd, 430723.517, 107
Trd, 430723.950, 105
Trd, 430725.833, 98
Trd, 430726.117, 96
Trd, 430726.183, 95
Trd, 430727.717, 96
Trd, 430727.733, 98
Trd, 430729.067, 100
Trd, 430729.633, 99
Trd, 430730.167, 103
Trd, 430730.517, 106
Trd, 430730.667, 107
Trd, 430731.400, 95
Trd, 430731.583, 109
Trd, 430732.050, 94
Trd, 430733.367, 93
Trd, 430734.400, 110
Trd, 430734.933, 112
Trd, 430735.200, 104
Trd, 430735.933, 95
Trd, 430736.533, 94
Trd, 430738.150, 106
Trd, 430739.717, 108
Trd, 430739.800, 103
Trd, 430740.017, 118
Trd, 430740.367, 111
Trd, 430740.433, 102
Trd, 430740.967, 101
Trd, 430741.533, 98
Trd, 430741.933, 94
Trd, 430743.333, 99
Trd, 430743.967, 105
Trd, 430744.633, 110
Trd, 430745.500, 94
Trd, 430746.117, 106
Trd, 430746.550, 120
Trd, 430746.800, 94
Trd, 430746.967, 93
Trd, 430747.383, 94
Trd, 430747.400, 93
Trd, 430748.400, 101
Trd, 430748.600, 118
Trd, 430749.683, 96
Trd, 430749.883, 97
Trd, 430751.000, 89
Trd, 430752.317, 96
Trd, 430754.417, 98
Trd, 430755.433, 100
Trd, 430756.683, 100
Trd, 430758.217, 89
Trd, 430758.600, 94
Trd, 430760.083, 101
Trd, 430760.400, 100
Trd, 430760.717, 105
Trd, 430762.017, 101
Trd, 430762.083, 98
Trd, 430762.117, 106
Trd, 430763.117, 111
Trd, 430764.833, 110
Trd, 430765.383, 97
Trd, 430766.000, 95
Trd, 430767.583, 98
Trd, 430768.450, 96
Trd, 430769.433, 99
Trd, 430770.150, 100
Trd, 430770.733, 98
Trd, 430770.900, 93
Trd, 430771.183, 91
Trd, 430771.700, 93
Trd, 430772.550, 94
Trd, 430773.350, 95
Trd, 430773.383, 106
Trd, 430773.400, 87
Trd, 430773.550, 120
Trd, 430774.217, 95
Trd, 430774.250, 106
Trd, 430775.067, 89
Trd, 430775.183, 79
Trd, 430776.250, 97
Trd, 430776.433, 104
Trd, 430776.967, 99
Trd, 430778.517, 97
Trd, 430779.267, 98
Trd, 430779.450, 96
Trd, 430779.833, 112
Trd, 430780.467, 114
Trd, 430781.567, 93
Trd, 430781.900, 89
Trd, 430784.633, 104
Trd, 430784.933, 110
Trd, 430785.317, 111
Trd, 430787.900, 107
Trd, 430788.717, 94
Trd, 430789.200, 101
Trd, 430790.117, 105
Trd, 430791.283, 103
Trd, 430791.400, 101
Trd, 430791.733, 99
Trd, 430792.100, 95
Trd, 430792.350, 105
Trd, 430792.517, 102
Trd, 430793.617, 102
Trd, 430793.950, 97
Trd, 430794.667, 102
Trd, 430794.883, 95
Trd, 430795.533, 106
Trd, 430796.750, 112
Trd, 430797.033, 103
Trd, 430797.567, 101
Trd, 430797.833, 99
Trd, 430798.183, 103
Trd, 430798.300, 113
Trd, 430798.567, 114
Trd, 430799.183, 98
Trd, 430800.683, 106
Trd, 430803.267, 109
Trd, 430803.600, 108
Trd, 430805.733, 102
Trd, 430805.933, 106
Trd, 430806.600, 101
Trd, 430807.067, 105
Trd, 430807.883, 108
Trd, 430808.267, 114
Trd, 430809.050, 104
Trd, 430809.333, 101
Trd, 430809.817, 98
Trd, 430810.267, 95
Trd, 430810.567, 117
Trd, 430810.750, 93
Trd, 430811.183, 100
Trd, 430813.767, 104
Trd, 430813.883, 100
Trd, 430814.200, 96
Trd, 430814.350, 95
Trd, 430814.983, 97
Trd, 430815.150, 100
Trd, 430815.683, 116
Trd, 430816.950, 109
Trd, 430818.117, 95
Trd, 430818.900, 96
Trd, 430820.033, 102
Trd, 430821.433, 101
Trd, 430823.583, 97
Trd, 430824.500, 102
Trd, 430824.817, 106
Trd, 430825.000, 102
Trd, 430825.217, 106
Trd, 430825.467, 105
Trd, 430826.150, 100
Trd, 430827.067, 95
Trd, 430827.400, 93
Trd, 430827.433, 95
Trd, 430828.867, 95
Trd, 430829.317, 92
Trd, 430829.667, 107
Trd, 430830.000, 107
Trd, 430831.667, 105
Trd, 430832.033, 104
Trd, 430832.800, 106
Trd, 430833.417, 112
Trd, 430833.967, 115
Trd, 430834.467, 95
Trd, 430835.667, 102
Trd, 430836.017, 97
Trd, 430837.033, 113
Trd, 430838.217, 120
Trd, 430839.933, 115
Trd, 430840.200, 111
Trd, 430840.683, 100
Trd, 430841.667, 107
Trd, 430842.067, 108
Trd, 430843.183, 96
Trd, 430843.367, 98
Trd, 430843.650, 97
Trd, 430843.800, 100
Trd, 430845.867, 100
Trd, 430846.733, 99
Trd, 430846.917, 103
Trd, 430847.100, 100
Trd, 430847.700, 104
Trd, 430847.900, 106
Trd, 430848.017, 98
Trd, 430848.383, 95
Trd, 430849.750, 93
Trd, 430850.067, 112
Trd, 430851.483, 98
Trd, 430851.583, 97
Trd, 430851.850, 97
Trd, 430852.817, 112
Trd, 430854.167, 104
Trd, 430855.017, 87
Trd, 430855.717, 88
Trd, 430856.583, 97
Trd, 430856.667, 104
Trd, 430856.867, 106
Trd, 430858.400, 97
Trd, 430859.217, 104
Trd, 430860.483, 105
Trd, 430860.767, 104
Trd, 430860.783, 117
Trd, 430863.400, 97
Trd, 430863.900, 97
Trd, 430864.717, 104
Trd, 430864.983, 105
Trd, 430865.133, 115
Trd, 430865.933, 117
Trd, 430866.083, 107
Trd, 430866.750, 101
Trd, 430866.850, 99
Trd, 430867.000, 114
Trd, 430867.800, 98
Trd, 430871.983, 101
Trd, 430872.100, 99
Trd, 430873.933, 100
Trd, 430874.467, 97
Trd, 430874.733, 94
Trd, 430874.750, 93
Trd, 430875.550, 105
Trd, 430875.717, 104
Trd, 430875.950, 106
Trd, 430876.600, 98
Trd, 430877.033, 118
Trd, 430877.267, 88
Trd, 430879.317, 101
Trd, 430879.450, 93
Trd, 430880.717, 108
Trd, 430881.200, 108
Trd, 430882.833, 88
Trd, 430883.650, 89
Trd, 430883.950, 91
Trd, 430884.017, 98
Trd, 430884.517, 89
Trd, 430885.233, 106
Trd, 430885.633, 100
Trd, 430886.033, 100
Trd, 430886.583, 100
Trd, 430886.767, 103
Trd, 430887.950, 95
Trd, 430887.983, 95
Trd, 430888.033, 93
Trd, 430888.133, 95
Trd, 430888.533, 109
Trd, 430889.717, 106
Trd, 430890.217, 113
Trd, 430890.400, 104
Trd, 430891.250, 98
Trd, 430892.617, 102
Trd, 430892.733, 101
Trd, 430895.367, 97
Trd, 430896.317, 95
Trd, 430896.950, 105
Trd, 430897.050, 95
Trd, 430899.500, 111
Trd, 430899.567, 92
Trd, 430899.750, 110
Trd, 430900.117, 104
Trd, 430900.183, 111
Trd, 430900.350, 115
Trd, 430900.933, 105
Trd, 430902.133, 97
Trd, 430902.450, 100
Trd, 430902.567, 98
Trd, 430902.933, 97
Trd, 430903.117, 93
Trd, 430903.483, 96
Trd, 430905.200, 98
Trd, 430906.183, 100
Trd, 430907.817, 101
Trd, 430908.283, 99
Trd, 430908.517, 95
Trd, 430909.067, 93
Trd, 430910.483, 98
Trd, 430910.933, 100
Trd, 430911.250, 98
Trd, 430911.400, 97
Trd, 430912.800, 89
Trd, 430913.400, 93
Trd, 430913.783, 104
Trd, 430914.467, 104
Trd, 430915.217, 106
Trd, 430915.417, 105
Trd, 430917.750, 101
Trd, 430917.917, 101
Trd, 430918.500, 115
Trd, 430919.183, 99
Trd, 430920.583, 97
Trd, 430920.617, 96
Trd, 430920.767, 96
Trd, 430920.850, 104
Trd, 430923.267, 100
Trd, 430924.300, 99
Trd, 430925.067, 99
Trd, 430925.500, 98
Trd, 430925.983, 99
Trd, 430926.783, 95
Trd, 430927.400, 100
Trd, 430927.650, 93
Trd, 430927.967, 114
Trd, 430928.500, 117
Trd, 430928.883, 89
Trd, 430929.900, 104
Trd, 430931.250, 120
Trd, 430931.633, 101
Trd, 430932.133, 100
Trd, 430932.850, 96
Trd, 430934.483, 98
Trd, 430935.050, 97
Trd, 430935.550, 123
Trd, 430937.067, 111
Trd, 430937.783, 109
Trd, 430939.267, 111
Trd, 430939.650, 112
Trd, 430940.317, 104
Trd, 430940.917, 115
Trd, 430941.183, 110
Trd, 430941.267, 103
Trd, 430941.883, 105
Trd, 430942.233, 101
Trd, 430942.600, 98
Trd, 430942.800, 95
Trd, 430943.817, 93
Trd, 430944.083, 79
Trd, 430944.200, 93
Trd, 430945.100, 103
Trd, 430945.617, 117
Trd, 430946.800, 94
Trd, 430946.867, 87
Trd, 430949.300, 99
Trd, 430949.650, 106
Trd, 430950.367, 98
Trd, 430950.933, 109
Trd, 430951.117, 91
Trd, 430951.233, 90
Trd, 430951.400, 89
Trd, 430952.183, 97
Trd, 430952.567, 94
Trd, 430953.950, 102
Trd, 430954.517, 102
Trd, 430955.767, 99
Trd, 430955.933, 94
Trd, 430958.033, 105
Trd, 430958.817, 97
Trd, 430959.483, 105
Trd, 430960.283, 94
Trd, 430960.767, 104
Trd, 430961.250, 106
Trd, 430961.767, 95
Trd, 430963.133, 102
Trd, 430963.200, 93
Trd, 430964.250, 103
Trd, 430964.650, 100
Trd, 430965.683, 99
Trd, 430965.750, 105
Trd, 430965.917, 98
Trd, 430968.483, 105
Trd, 430969.283, 109
Trd, 430969.500, 101
Trd, 430970.583, 115
Trd, 430970.733, 120
Trd, 430971.250, 111
Trd, 430971.633, 95
Trd, 430972.367, 101
Trd, 430974.467, 99
Trd, 430975.550, 99
Trd, 430975.933, 99
Trd, 430976.083, 99
Trd, 430976.550, 95
Trd, 430976.583, 93
Trd, 430977.483, 97
Trd, 430979.433, 107
Trd, 430979.683, 110
Trd, 430980.000, 94
Trd, 430980.850, 102
Trd, 430981.600, 109
Trd, 430981.650, 112
Trd, 430981.667, 115
Trd, 430982.083, 104
Trd, 430982.867, 108
Trd, 430983.467, 101
Trd, 430984.283, 97
Trd, 430985.433, 109
Trd, 430985.683, 104
Trd, 430986.633, 120
Trd, 430987.400, 121
Trd, 430987.417, 95
Trd, 430987.583, 100
Trd, 430987.667, 93
Trd, 430987.933, 123
Trd, 430988.433, 94
Trd, 430990.783, 84
Trd, 430991.883, 102
Trd, 430992.833, 104
Trd, 430994.167, 101
Trd, 430994.367, 112
Trd, 430994.917, 98
Trd, 430995.933, 104
Trd, 430996.483, 93
Trd, 430997.133, 92
Trd, 430999.017, 104
Trd, 430999.783, 101
Trd, 430999.933, 104
Trd, 431000.400, 100
Trd, 431001.167, 98
Trd, 431001.483, 95
Trd, 431001.817, 99
Trd, 431002.267, 99
Trd, 431002.750, 106
Trd, 431003.883, 102
Trd, 431004.200, 113
Trd, 431004.650, 98
Trd, 431005.333, 93
Trd, 431005.467, 105
Trd, 431006.700, 102
Trd, 431007.550, 101
Trd, 431008.350, 104
Trd, 431008.983, 94
Trd, 431009.750, 106
Trd, 431009.983, 98
Trd, 431010.100, 92
Trd, 431011.450, 118
Trd, 431012.000, 97
Trd, 431012.017, 119
Trd, 431012.033, 88
Trd, 431013.900, 100
Trd, 431014.267, 112
Trd, 431014.717, 99
Trd, 431015.050, 99
Trd, 431015.717, 94
Trd, 431015.817, 87
Trd, 431016.767, 81
Trd, 431018.650, 90
Trd, 431019.633, 95
Trd, 431020.450, 83
Trd, 431021.350, 100
Trd, 431022.433, 106
Trd, 431023.183, 105
Trd, 431024.083, 105
Trd, 431024.300, 104
Trd, 431024.933, 109
Trd, 431025.250, 104
Trd, 431025.850, 99
Trd, 431025.933, 97
Trd, 431026.850, 96
Trd, 431027.450, 113
Trd, 431027.883, 112
Trd, 431028.517, 110
Trd, 431028.733, 111
Trd, 431029.217, 109
Trd, 431029.317, 105
Trd, 431030.217, 100
Trd, 431030.433, 102
Trd, 431031.133, 98
Trd, 431031.433, 97
Trd, 431032.517, 98
Trd, 431033.567, 95
Trd, 431034.583, 95
Trd, 431034.767, 103
Trd, 431035.433, 105
Trd, 431036.717, 97
Trd, 431037.483, 100
Trd, 431038.500, 103
Trd, 431038.583, 108
Trd, 431038.800, 102
Trd, 431038.900, 101
Trd, 431040.050, 93
Trd, 431040.383, 96
Trd, 431040.883, 96
Trd, 431041.550, 106
Trd, 431042.633, 106
Trd, 431044.933, 107
Trd, 431045.300, 108
Trd, 431049.067, 107
Trd, 431049.200, 110
Trd, 431049.400, 112
Trd, 431050.667, 105
Trd, 431050.750, 108
Trd, 431050.800, 104
Trd, 431051.183, 101
Trd, 431052.567, 98
Trd, 431053.567, 94
Trd, 431053.933, 95
Trd, 431053.967, 97
Trd, 431054.050, 95
Trd, 431054.117, 95
Trd, 431055.800, 97
Trd, 431056.133, 101
Trd, 431056.200, 96
Trd, 431056.567, 105
Trd, 431056.733, 95
Trd, 431057.583, 107
Trd, 431058.450, 93
Trd, 431059.133, 91
Trd, 431059.650, 93
Trd, 431061.317, 102
Trd, 431062.250, 101
Trd, 431062.333, 97
Trd, 431062.350, 106
Trd, 431062.583, 94
Trd, 431062.600, 93
Trd, 431062.667, 113
Trd, 431062.983, 99
Trd, 431064.917, 113
Trd, 431066.233, 93
Trd, 431066.583, 115
Trd, 431068.400, 102
Trd, 431068.633, 103
Trd, 431069.517, 102
Trd, 431069.600, 96
Trd, 431071.400, 95
Trd, 431071.617, 87
Trd, 431072.633, 106
Trd, 431074.117, 100
Trd, 431074.283, 98
Trd, 431075.050, 96
Trd, 431075.533, 104
Trd, 431076.317, 119
Trd, 431076.483, 101
Trd, 431076.750, 98
Trd, 431076.817, 95
Trd, 431077.000, 95
Trd, 431077.533, 94
Trd, 431078.800, 93
Trd, 431079.067, 99
Trd, 431079.650, 107
Trd, 431079.917, 116
Trd, 431080.450, 118
Trd, 431081.900, 101
Trd, 431082.083, 99
Trd, 431084.050, 95
Trd, 431085.017, 95
Trd, 431085.167, 93
Trd, 431085.767, 92
Trd, 431086.733, 103
Trd, 431089.233, 116
Trd, 431090.117, 102
Trd, 431090.517, 106
Trd, 431090.950, 117
Trd, 431091.133, 101
Trd, 431091.767, 115
Trd, 431091.800, 112
Trd, 431093.117, 91
Trd, 431093.333, 118
Trd, 431094.500, 112
Trd, 431096.683, 109
Trd, 431096.717, 97
Trd, 431096.850, 94
Trd, 431097.900, 95
Trd, 431098.367, 112
Trd, 431098.650, 112
Trd, 431099.417, 93
Trd, 431099.450, 111
Trd, 431100.383, 99
Trd, 431101.250, 88
Trd, 431101.600, 87
Trd, 431103.117, 95
Trd, 431103.567, 96
Trd, 431103.583, 100
Trd, 431104.350, 105
Trd, 431104.517, 95
Trd, 431104.750, 93
Trd, 431105.817, 113
Trd, 431105.900, 120
Trd, 431106.383, 110
Trd, 431107.417, 99
Trd, 431109.100, 89
Trd, 431109.467, 92
Trd, 431110.583, 105
Trd, 431111.217, 95
Trd, 431111.383, 100
Trd, 431111.667, 89
Trd, 431112.550, 105
Trd, 431113.550, 104
Trd, 431113.600, 104
Trd, 431113.883, 103
Trd, 431115.600, 101
Trd, 431116.133, 104
Trd, 431116.583, 100
Trd, 431118.517, 98
Trd, 431118.800, 99
Trd, 431118.967, 97
Trd, 431119.717, 94
Trd, 431119.933, 93
Trd, 431122.167, 99
Trd, 431123.083, 112
Trd, 431123.867, 107
Trd, 431125.267, 100
Trd, 431125.900, 102
Trd, 431126.467, 102
Trd, 431127.033, 103
Trd, 431127.600, 104
Trd, 431127.783, 101
Trd, 431127.817, 104
Trd, 431128.033, 95
Trd, 431130.533, 110
Trd, 431131.983, 110
Trd, 431132.950, 109
Trd, 431133.367, 102
Trd, 431133.400, 112
Trd, 431133.867, 113
Trd, 431134.683, 123
Trd, 431134.800, 116
Trd, 431134.950, 107
Trd, 431135.117, 106
Trd, 431135.200, 104
Trd, 431135.700, 106
Trd, 431136.417, 108
Trd, 431137.100, 111
Trd, 431137.167, 98
Trd, 431140.333, 94
Trd, 431140.833, 105
Trd, 431140.983, 109
Trd, 431141.883, 120
Trd, 431142.733, 121
Trd, 431142.750, 108
Trd, 431143.767, 97
Trd, 431143.867, 96
Trd, 431143.933, 93
Trd, 431145.250, 102
Trd, 431146.300, 104
Trd, 431146.600, 106
Trd, 431147.967, 104
Trd, 431148.717, 104
Trd, 431149.600, 110
Trd, 431149.850, 101
Trd, 431150.800, 94
Trd, 431151.300, 111
Trd, 431151.650, 98
Trd, 431152.433, 98
Trd, 431153.550, 101
Trd, 431153.717, 97
Trd, 431154.033, 102
Trd, 431155.333, 95
Trd, 431155.583, 106
Trd, 431155.633, 93
Trd, 431155.900, 106
Trd, 431156.567, 116
Trd, 431157.083, 101
Trd, 431157.217, 97
Trd, 431158.450, 103
Trd, 431158.483, 87
Trd, 431159.650, 86
Trd, 431160.933, 95
Trd, 431162.783, 102
Trd, 431163.150, 106
Trd, 431163.217, 89
Trd, 431163.433, 106
Trd, 431163.983, 112
Trd, 431166.217, 93
Trd, 431166.750, 105
Trd, 431167.883, 98
Trd, 431168.217, 118
Trd, 431168.783, 97
Trd, 431169.367, 94
Trd, 431170.017, 94
Trd, 431170.400, 98
Trd, 431170.833, 100
Trd, 431170.967, 87
Trd, 431170.983, 86
Trd, 431172.067, 88
Trd, 431173.033, 84
Trd, 431173.300, 81
Trd, 431175.067, 109
Trd, 431175.233, 106
Trd, 431177.317, 105
Trd, 431177.767, 109
Trd, 431178.383, 104
Trd, 431178.983, 92
Trd, 431179.217, 104
Trd, 431180.250, 103
Trd, 431180.417, 89
Trd, 431180.667, 109
Trd, 431182.150, 112
Trd, 431182.750, 93
Trd, 431183.117, 98
Trd, 431184.250, 102
Trd, 431185.333, 112
Trd, 431185.500, 113
Trd, 431187.800, 107
Trd, 431189.133, 104
Trd, 431189.483, 99
Trd, 431189.600, 98
Trd, 431190.517, 98
Trd, 431190.633, 97
Trd, 431191.217, 104
Trd, 431192.150, 94
Trd, 431192.967, 103
Trd, 431193.067, 106
Trd, 431194.333, 105
Trd, 431195.767, 111
Trd, 431197.633, 102
Trd, 431198.033, 101
Trd, 431199.017, 100
Trd, 431199.967, 107
Trd, 431201.933, 112
Trd, 431202.033, 98
Trd, 431202.783, 112
Trd, 431203.467, 115
Trd, 431203.633, 116
Trd, 431204.567, 106
Trd, 431205.517, 105
Trd, 431206.350, 107
Trd, 431206.400, 111
Trd, 431206.950, 103
Trd, 431206.967, 103
Trd, 431207.433, 113
Trd, 431207.967, 101
Trd, 431208.650, 115
Trd, 431208.967, 102
Trd, 431209.033, 100
Trd, 431212.367, 108
Trd, 431212.383, 109
Trd, 431212.600, 103
Trd, 431214.517, 98
Trd, 431214.800, 112
Trd, 431215.117, 95
Trd, 431215.133, 93
Trd, 431216.133, 89
Trd, 431216.583, 104
Trd, 431217.350, 94
Trd, 431219.100, 110
Trd, 431220.900, 100
Trd, 431221.883, 99
Trd, 431222.633, 98
Trd, 431223.133, 99
Trd, 431223.267, 97
Trd, 431223.933, 101
Trd, 431224.667, 96
Trd, 431224.783, 93
Trd, 431224.933, 106
Trd, 431225.033, 111
Trd, 431225.850, 94
Trd, 431226.667, 109
Trd, 431227.233, 112
Trd, 431227.533, 120
Trd, 431228.217, 93
Trd, 431228.433, 122
Trd, 431228.933, 86
Trd, 431230.250, 104
Trd, 431230.400, 107
Trd, 431230.583, 103
Trd, 431231.017, 102
Trd, 431231.133, 103
Trd, 431231.883, 98
Trd, 431232.817, 87
Trd, 431234.000, 100
Trd, 431234.400, 94
Trd, 431235.717, 104
Trd, 431237.150, 101
Trd, 431239.283, 106
Trd, 431240.633, 101
Trd, 431240.783, 98
Trd, 431240.800, 94
Trd, 431243.233, 98
Trd, 431243.250, 96
Trd, 431243.283, 104
Trd, 431243.350, 95
Trd, 431244.217, 99
Trd, 431244.717, 93
Trd, 431245.233, 120
Trd, 431245.350, 120
Trd, 431245.467, 103
Trd, 431245.867, 107
Trd, 431245.883, 105
Trd, 431247.133, 101
Trd, 431248.017, 88
Trd, 431248.600, 95
Trd, 431248.883, 93
Trd, 431249.100, 100
Trd, 431249.117, 105
Trd, 431249.750, 87
Trd, 431250.033, 106
Trd, 431250.167, 90
Trd, 431252.617, 90
Trd, 431252.667, 95
Trd, 431252.683, 95
Trd, 431254.283, 96
Trd, 431254.450, 94
Trd, 431255.833, 105
Trd, 431257.800, 106
Trd, 431258.400, 104
Trd, 431259.283, 100
Trd, 431261.083, 102
Trd, 431261.583, 102
Trd, 431261.967, 110
Trd, 431262.067, 101
Trd, 431263.233, 101
Trd, 431264.317, 103
Trd, 431264.450, 98
Trd, 431264.500, 95
Trd, 431265.083, 111
Trd, 431265.250, 95
Trd, 431265.733, 97
Trd, 431267.067, 95
Trd, 431269.717, 94
Trd, 431269.750, 93
Trd, 431270.783, 95
Trd, 431271.033, 95
Trd, 431271.250, 93
Trd, 431271.333, 87
Trd, 431271.350, 84
Trd, 431271.417, 109
Trd, 431273.233, 105
Trd, 431273.600, 113
Trd, 431273.933, 106
Trd, 431275.183, 100
Trd, 431276.550, 100
Trd, 431277.283, 101
Trd, 431277.750, 98
Trd, 431278.400, 99
Trd, 431278.833, 95
Trd, 431279.717, 91
Trd, 431279.883, 104
Trd, 431280.017, 89
Trd, 431282.133, 103
Trd, 431282.317, 106
Trd, 431283.100, 113
Trd, 431283.667, 99
Trd, 431283.733, 97
Trd, 431284.333, 119
Trd, 431285.483, 104
Trd, 431285.833, 105
Trd, 431285.950, 103
Trd, 431286.233, 105
Trd, 431286.417, 102
Trd, 431286.467, 101
Trd, 431287.717, 98
Trd, 431288.583, 93
Trd, 431288.667, 88
Trd, 431288.817, 87
Trd, 431289.433, 101
Trd, 431290.500, 102
Trd, 431290.567, 106
Trd, 431292.117, 112
Trd, 431294.433, 95
Trd, 431294.783, 96
Trd, 431294.950, 111
Trd, 431295.383, 95
Trd, 431296.850, 80
Trd, 431296.900, 98
Trd, 431297.250, 94
Trd, 431297.917, 97
Trd, 431298.750, 94
Trd, 431299.133, 94
Trd, 431300.267, 105
Trd, 431300.333, 98
Trd, 431300.583, 106
Trd, 431301.533, 108
Trd, 431302.133, 94
Trd, 431302.633, 94
Trd, 431303.017, 112
Trd, 431303.250, 98
Trd, 431304.067, 98
Trd, 431304.900, 99
Trd, 431305.750, 107
Trd, 431306.417, 109
Trd, 431307.917, 102
Trd, 431308.417, 101
Trd, 431308.617, 99
Trd, 431309.367, 104
Trd, 431311.833, 105
Trd, 431312.083, 101
Trd, 431312.500, 94
Trd, 431312.683, 107
Trd, 431313.133, 93
Trd, 431313.633, 110
Trd, 431313.733, 93
Trd, 431313.900, 88
Trd, 431314.917, 94
Trd, 431316.600, 106
Trd, 431318.000, 95
Trd, 431318.567, 95
Trd, 431318.983, 96
Trd, 431319.133, 93
Trd, 431319.233, 106
Trd, 431320.800, 99
Trd, 431321.500, 98
Trd, 431321.983, 87
Trd, 431323.133, 101
Trd, 431323.383, 85
Trd, 431325.050, 104
Trd, 431325.683, 94
Trd, 431326.100, 101
Trd, 431326.600, 112
Trd, 431326.917, 119
Trd, 431327.483, 119
Trd, 431328.517, 102
Trd, 431329.150, 104
Trd, 431329.817, 104
Trd, 431330.117, 98
Trd, 431330.533, 108
Trd, 431330.750, 98
Trd, 431331.267, 115
Trd, 431331.933, 95
Trd, 431332.483, 95
Trd, 431332.867, 102
Trd, 431334.417, 94
Trd, 431334.733, 100
Trd, 431334.817, 111
Trd, 431335.333, 95
Trd, 431335.633, 93
Trd, 431335.783, 114
Trd, 431336.267, 87
Trd, 431336.917, 87
Trd, 431340.383, 100
Trd, 431340.900, 110
Trd, 431341.450, 100
Trd, 431343.533, 112
Trd, 431344.483, 102
Trd, 431344.550, 111
Trd, 431344.967, 101
Trd, 431345.683, 97
Trd, 431345.967, 102
Trd, 431346.100, 112
Trd, 431346.750, 95
Trd, 431346.883, 117
Trd, 431347.300, 114
Trd, 431348.350, 109
Trd, 431349.750, 89
Trd, 431350.067, 108
Trd, 431351.567, 100
Trd, 431352.183, 98
Trd, 431352.800, 106
Trd, 431354.983, 96
Trd, 431355.417, 105
Trd, 431355.600, 106
Trd, 431356.350, 103
Trd, 431357.033, 95
Trd, 431359.000, 101
Trd, 431359.083, 101
Trd, 431359.800, 98
Trd, 431359.983, 94
Trd, 431361.167, 101
Trd, 431361.317, 105
Trd, 431362.483, 106
Trd, 431363.533, 116
Trd, 431363.700, 100
Trd, 431364.283, 98
Trd, 431365.200, 97
Trd, 431367.633, 95
Trd, 431367.650, 110
Trd, 431369.300, 99
Trd, 431369.717, 98
Trd, 431369.967, 97
Trd, 431370.233, 106
Trd, 431370.550, 94
Trd, 431371.100, 116
Trd, 431371.433, 120
Trd, 431373.083, 97
Trd, 431373.117, 95
Trd, 431374.800, 104
Trd, 431375.317, 93
Trd, 431376.867, 103
Trd, 431376.900, 103
Trd, 431377.250, 101
Trd, 431377.783, 95
Trd, 431378.300, 91
Trd, 431378.883, 95
Trd, 431379.633, 103
Trd, 431380.450, 105
Trd, 431380.900, 105
Trd, 431380.967, 104
Trd, 431381.117, 104
Trd, 431383.400, 101
Trd, 431384.050, 99
Trd, 431384.717, 105
Trd, 431385.267, 98
Trd, 431386.317, 100
Trd, 431386.817, 106
Trd, 431388.867, 114
Trd, 431389.250, 111
Trd, 431389.300, 101
Trd, 431389.483, 106
Trd, 431389.583, 95
Trd, 431390.500, 104
Trd, 431391.200, 102
Trd, 431392.083, 101
Trd, 431392.917, 96
Trd, 431394.100, 97
Trd, 431394.233, 101
Trd, 431394.600, 105
Trd, 431395.583, 104
Trd, 431396.567, 105
Trd, 431397.367, 106
Trd, 431397.533, 98
Trd, 431397.917, 96
Trd, 431401.017, 101
Trd, 431401.367, 94
Trd, 431401.867, 95
Trd, 431402.333, 94
Trd, 431402.867, 103
Trd, 431403.433, 93
Trd, 431404.217, 105
Trd, 431405.450, 104
Trd, 431405.583, 106
Trd, 431406.017, 106
Trd, 431407.000, 99
Trd, 431407.333, 109
Trd, 431407.767, 112
Trd, 431407.917, 111
Trd, 431408.017, 97
Trd, 431409.000, 116
Trd, 431409.800, 100
Trd, 431411.033, 106
Trd, 431413.833, 104
Trd, 431414.483, 105
Trd, 431415.333, 106
Trd, 431417.483, 106
Trd, 431417.900, 104
Trd, 431418.317, 103
Trd, 431418.567, 101
Trd, 431419.267, 110
Trd, 431419.883, 97
Trd, 431420.367, 95
Trd, 431421.117, 113
Trd, 431421.400, 115
Trd, 431422.450, 108
Trd, 431423.733, 119
Trd, 431425.000, 110
Trd, 431425.517, 105
Trd, 431425.767, 104
Trd, 431426.283, 105
Trd, 431426.300, 101
Trd, 431426.333, 117
Trd, 431426.833, 112
Trd, 431427.417, 93
Trd, 431429.733, 113
Trd, 431430.317, 100
Trd, 431430.783, 100
Trd, 431432.417, 105
Trd, 431433.933, 98
Trd, 431433.950, 95
Trd, 431434.717, 93
Trd, 431435.100, 95
Trd, 431435.183, 101
Trd, 431435.267, 105
Trd, 431435.283, 87
Trd, 431436.283, 103
Trd, 431437.183, 102
Trd, 431437.367, 101
Trd, 431437.517, 97
Trd, 431438.233, 106
Trd, 431438.833, 106
Trd, 431439.167, 95
Trd, 431439.450, 106
Trd, 431440.333, 89
Trd, 431440.750, 98
Trd, 431441.567, 92
Trd, 431442.133, 106
Trd, 431443.200, 112
Trd, 431445.350, 106
Trd, 431447.100, 107
Trd, 431448.583, 105
Trd, 431449.800, 106
Trd, 431450.433, 101
Trd, 431452.000, 99
Trd, 431452.333, 104
Trd, 431452.883, 99
Trd, 431453.000, 98
Trd, 431453.350, 101
Trd, 431454.050, 104
Trd, 431454.583, 106
Trd, 431454.950, 99
Trd, 431455.067, 109
Trd, 431455.917, 122
Trd, 431456.217, 122
Trd, 431456.300, 109
Trd, 431457.167, 98
Trd, 431457.450, 103
Trd, 431457.617, 95
Trd, 431458.750, 104
Trd, 431459.633, 94
Trd, 431460.717, 101
Trd, 431462.117, 106
Trd, 431462.300, 112
Trd, 431463.533, 106
Trd, 431464.117, 104
Trd, 431464.467, 107
Trd, 431465.283, 101
Trd, 431466.617, 97
Trd, 431466.917, 109
Trd, 431467.583, 105
Trd, 431468.250, 98
Trd, 431468.533, 97
Trd, 431469.083, 97
Trd, 431469.900, 93
Trd, 431471.283, 98
Trd, 431472.067, 103
Trd, 431472.133, 112
Trd, 431473.817, 103
Trd, 431474.883, 110
Trd, 431475.133, 101
Trd, 431475.267, 98
Trd, 431475.683, 95
Trd, 431475.833, 98
Trd, 431476.367, 116
Trd, 431476.783, 99
Trd, 431478.550, 112
Trd, 431480.100, 97
Trd, 431481.233, 111
Trd, 431481.800, 95
Trd, 431482.550, 104
Trd, 431482.950, 100
Trd, 431484.083, 106
Trd, 431485.467, 95
Trd, 431485.817, 96
Trd, 431486.183, 97
Trd, 431488.250, 105
Trd, 431488.350, 106
Trd, 431488.467, 100
Trd, 431488.617, 112
Trd, 431489.200, 106
Trd, 431489.950, 106
Trd, 431490.417, 102
Trd, 431490.717, 94
Trd, 431492.367, 101
Trd, 431492.633, 104
Trd, 431492.683, 106
Trd, 431493.133, 97
Trd, 431493.467, 120
Trd, 431493.800, 116
Trd, 431495.417, 100
Trd, 431495.917, 99
Trd, 431496.633, 98
Trd, 431498.133, 112
Trd, 431498.417, 93
Trd, 431499.150, 88
Trd, 431499.350, 96
Trd, 431500.633, 105
Trd, 431501.600, 94
Trd, 431502.383, 89
Trd, 431503.483, 95
Trd, 431503.767, 98
Trd, 431504.033, 98
Trd, 431504.550, 110
Trd, 431505.433, 100
Trd, 431505.883, 99
Trd, 431506.083, 114
Trd, 431506.950, 95
Trd, 431508.433, 104
Trd, 431508.483, 106
Trd, 431508.783, 96
Trd, 431509.600, 106
Trd, 431511.750, 97
Trd, 431512.233, 95
Trd, 431513.050, 98
Trd, 431513.183, 97
Trd, 431513.200, 96
Trd, 431513.633, 104
Trd, 431514.400, 112
Trd, 431515.000, 109
Trd, 431515.233, 117
Trd, 431516.150, 95
Trd, 431516.233, 93
Trd, 431516.717, 112
Trd, 431517.017, 111
Trd, 431517.100, 110
Trd, 431517.367, 107
Trd, 431518.600, 119
Trd, 431519.017, 112
Trd, 431520.100, 100
Trd, 431521.017, 112
Trd, 431522.700, 110
Trd, 431523.100, 108
Trd, 431523.217, 112
Trd, 431525.100, 102
Trd, 431525.633, 104
Trd, 431526.217, 104
Trd, 431526.317, 102
Trd, 431526.567, 101
Trd, 431526.933, 97
Trd, 431527.533, 98
Trd, 431527.550, 95
Trd, 431528.033, 93
Trd, 431528.400, 90
Trd, 431528.583, 96
Trd, 431529.017, 87
Trd, 431530.067, 100
Trd, 431530.517, 100
Trd, 431530.967, 96
Trd, 431531.233, 96
Trd, 431533.300, 105
Trd, 431535.033, 96
Trd, 431535.883, 106
Trd, 431535.933, 102
Trd, 431537.000, 97
Trd, 431538.433, 101
Trd, 431538.567, 111
Trd, 431538.917, 113
Trd, 431539.683, 115
Trd, 431539.983, 100
Trd, 431541.433, 105
Trd, 431542.217, 100
Trd, 431542.450, 94
Trd, 431542.733, 105
Trd, 431543.733, 87
Trd, 431544.517, 87
Trd, 431544.783, 94
Trd, 431544.917, 88
Trd, 431545.483, 105
Trd, 431546.683, 101
Trd, 431546.867, 98
Trd, 431547.183, 95
Trd, 431547.883, 95
Trd, 431549.900, 99
Trd, 431551.067, 99
Trd, 431551.150, 101
Trd, 431551.333, 106
Trd, 431551.367, 99
Trd, 431552.450, 96
Trd, 431555.150, 97
Trd, 431555.717, 101
Trd, 431555.950, 104
Trd, 431556.233, 98
Trd, 431556.533, 114
Trd, 431557.683, 105
Trd, 431559.383, 111
Trd, 431560.733, 96
Trd, 431561.133, 93
Trd, 431562.083, 97
Trd, 431563.417, 106
Trd, 431564.600, 112
Trd, 431564.933, 99
Trd, 431565.367, 117
Trd, 431566.100, 102
Trd, 431566.583, 98
Trd, 431566.833, 111
Trd, 431567.217, 108
Trd, 431567.267, 101
Trd, 431568.417, 106
Trd, 431568.433, 104
Trd, 431568.767, 104
Trd, 431568.817, 103
Trd, 431569.133, 120
Trd, 431569.833, 123
Trd, 431571.450, 104
Trd, 431571.600, 99
Trd, 431572.417, 120
Trd, 431574.050, 108
Trd, 431574.233, 101
Trd, 431575.283, 96
Trd, 431575.900, 95
Trd, 431577.167, 95
Trd, 431577.217, 95
Trd, 431577.633, 93
Trd, 431577.817, 95
Trd, 431578.050, 95
Trd, 431578.783, 87
Trd, 431580.150, 97
Trd, 431580.500, 101
Trd, 431581.050, 104
Trd, 431582.300, 98
Trd, 431582.917, 95
Trd, 431583.300, 104
Trd, 431584.350, 98
Trd, 431584.450, 97
Trd, 431584.700, 106
Trd, 431587.900, 109
Trd, 431588.067, 110
Trd, 431588.750, 109
Trd, 431589.117, 115
Trd, 431589.200, 106
Trd, 431589.433, 101
Trd, 431589.617, 94
Trd, 431589.867, 95
Trd, 431590.100, 93
Trd, 431590.483, 114
Trd, 431591.033, 98
Trd, 431591.750, 101
Trd, 431592.700, 87
Trd, 431593.183, 118
Trd, 431594.567, 107
Trd, 431595.083, 114
Trd, 431595.967, 113
Trd, 431596.117, 105
Trd, 431596.767, 104
Trd, 431597.300, 114
Trd, 431597.533, 120
Trd, 431599.000, 104
Trd, 431599.267, 108
Trd, 431601.250, 104
Trd, 431601.267, 108
Trd, 431602.083, 110
Trd, 431603.550, 112
Trd, 431603.633, 101
Trd, 431603.717, 98
Trd, 431604.233, 110
Trd, 431604.667, 111
Trd, 431605.050, 107
Trd, 431605.250, 100
Trd, 431606.767, 99
Trd, 431606.917, 106
Trd, 431607.500, 96
Trd, 431608.283, 96
Trd, 431608.567, 110
Trd, 431611.850, 106
Trd, 431611.950, 104
Trd, 431612.283, 101
Trd, 431613.417, 101
Trd, 431613.467, 98
Trd, 431615.117, 101
Trd, 431615.317, 97
Trd, 431615.350, 106
Trd, 431615.700, 96
Trd, 431616.417, 93
Trd, 431618.150, 109
Trd, 431619.200, 96
Trd, 431619.783, 98
Trd, 431619.817, 104
Trd, 431620.267, 108
Trd, 431620.367, 95
Trd, 431620.667, 104
Trd, 431621.217, 106
Trd, 431621.567, 112
Trd, 431622.350, 116
Trd, 431623.083, 120
Trd, 431624.583, 87
Trd, 431626.067, 103
Trd, 431626.617, 106
Trd, 431628.067, 100
Trd, 431628.650, 98
Trd, 431629.350, 98
Trd, 431630.100, 99
Trd, 431630.417, 108
Trd, 431633.633, 106
Trd, 431633.917, 105
Trd, 431634.183, 104
Trd, 431634.450, 107
Trd, 431634.650, 100
Trd, 431635.167, 113
Trd, 431636.050, 102
Trd, 431636.200, 115
Trd, 431636.217, 98
Trd, 431636.883, 95
Trd, 431637.350, 93
Trd, 431638.100, 90
Trd, 431639.300, 95
Trd, 431640.067, 105
Trd, 431640.717, 102
Trd, 431641.550, 110
Trd, 431642.567, 106
Trd, 431642.800, 108
Trd, 431643.517, 118
Trd, 431644.667, 100
Trd, 431645.933, 96
Trd, 431646.500, 95
Trd, 431646.800, 100
Trd, 431647.850, 101
Trd, 431649.117, 104
Trd, 431650.017, 110
Trd, 431650.050, 103
Trd, 431650.433, 93
Trd, 431651.250, 111
Trd, 431651.350, 102
Trd, 431652.467, 95
Trd, 431653.217, 103
Trd, 431653.833, 109
Trd, 431653.917, 103
Trd, 431654.067, 95
Trd, 431654.350, 112
Trd, 431654.717, 102
Trd, 431656.283, 96
Trd, 431658.000, 105
Trd, 431658.517, 115
Trd, 431659.250, 109
Trd, 431660.000, 95
Trd, 431661.700, 93
Trd, 431663.400, 102
Trd, 431664.133, 103
Trd, 431664.733, 106
Trd, 431664.917, 100
Trd, 431665.717, 99
Trd, 431665.833, 104
Trd, 431665.850, 113
Trd, 431665.967, 97
Trd, 431666.733, 101
Trd, 431667.650, 118
Trd, 431667.983, 108
Trd, 431668.467, 120
Trd, 431668.700, 107
Trd, 431669.950, 113
Trd, 431671.067, 104
Trd, 431672.050, 107
Trd, 431672.267, 96
Trd, 431672.283, 97
Trd, 431672.317, 95
Trd, 431673.150, 109
Trd, 431673.617, 114
Trd, 431673.733, 99
Trd, 431674.950, 104
Trd, 431675.317, 119
Trd, 431677.050, 101
Trd, 431678.150, 100
Trd, 431679.000, 95
Trd, 431680.400, 99
Trd, 431680.617, 93
Trd, 431682.000, 87
Trd, 431682.133, 93
Trd, 431682.317, 81
Trd, 431682.367, 79
Trd, 431683.067, 106
Trd, 431683.950, 102
Trd, 431684.517, 95
Trd, 431685.083, 103
Trd, 431685.150, 112
Trd, 431685.767, 114
Trd, 431687.167, 119
Trd, 431688.383, 109
Trd, 431688.950, 109
Trd, 431690.217, 104
Trd, 431691.100, 101
Trd, 431691.117, 97
Trd, 431693.617, 113
Trd, 431693.750, 120
Trd, 431694.117, 109
Trd, 431694.583, 102
Trd, 431694.783, 97
Trd, 431695.817, 94
Trd, 431696.033, 96
Trd, 431696.117, 113
Trd, 431698.067, 106
Trd, 431698.283, 107
Trd, 431698.467, 110
Trd, 431700.933, 108
Trd, 431701.567, 104
Trd, 431702.133, 106
Trd, 431702.150, 104
Trd, 431703.717, 101
Trd, 431704.500, 111
Trd, 431704.950, 110
Trd, 431705.417, 94
Trd, 431705.517, 93
Trd, 431705.900, 110
Trd, 431706.000, 111
Trd, 431707.250, 110
Trd, 431707.433, 98
Trd, 431708.250, 86
Trd, 431708.533, 97
Trd, 431708.683, 89
Trd, 431709.200, 91
Trd, 431711.850, 103
Trd, 431712.633, 105
Trd, 431713.050, 101
Trd, 431713.383, 111
Trd, 431714.583, 112
Trd, 431715.250, 98
Trd, 431715.850, 106
Trd, 431716.467, 102
Trd, 431717.433, 110
Trd, 431718.067, 111
Trd, 431718.600, 114
Trd, 431720.650, 105
Trd, 431720.967, 102
Trd, 431721.633, 103
Trd, 431721.750, 105
Trd, 431721.917, 102
Trd, 431722.117, 107
Trd, 431723.783, 102
Trd, 431724.133, 99
Trd, 431725.583, 98
Trd, 431726.617, 96
Trd, 431726.783, 98
Trd, 431727.133, 94
Trd, 431728.067, 101
Trd, 431728.133, 104
Trd, 431729.317, 93
Trd, 431731.133, 112
Trd, 431731.567, 109
Trd, 431731.967, 106
Trd, 431732.717, 105
Trd, 431732.900, 104
Trd, 431733.117, 100
Trd, 431733.967, 109
Trd, 431734.683, 109
Trd, 431736.350, 101
Trd, 431736.400, 106
Trd, 431737.200, 101
Trd, 431737.517, 96
Trd, 431737.900, 104
Trd, 431739.467, 104
Trd, 431740.317, 98
Trd, 431740.533, 106
Trd, 431741.967, 99
Trd, 431742.883, 95
Trd, 431744.000, 96
Trd, 431744.283, 94
Trd, 431744.483, 93
Trd, 431744.883, 105
Trd, 431745.217, 91
Trd, 431746.050, 112
Trd, 431746.217, 112
Trd, 431746.683, 109
Trd, 431748.183, 101
Trd, 431748.833, 110
Trd, 431748.967, 101
Trd, 431749.417, 112
Trd, 431750.700, 93
Trd, 431751.283, 88
Trd, 431751.467, 87
Trd, 431751.767, 87
Trd, 431752.817, 91
Trd, 431753.417, 85
Trd, 431753.517, 100
Trd, 431754.617, 100
Trd, 431755.117, 101
Trd, 431756.450, 100
Trd, 431756.633, 104
Trd, 431756.683, 98
Trd, 431757.817, 102
Trd, 431758.467, 94
Trd, 431759.983, 92
Trd, 431760.733, 98
Trd, 431761.150, 89
Trd, 431761.400, 101
Trd, 431762.117, 106
Trd, 431763.483, 109
Trd, 431764.517, 104
Trd, 431764.633, 103
Trd, 431766.000, 107
Trd, 431766.433, 102
Trd, 431766.483, 101
Trd, 431766.550, 106
Trd, 431768.117, 107
Trd, 431769.017, 98
Trd, 431769.417, 97
Trd, 431770.100, 95
Trd, 431770.767, 98
Trd, 431772.083, 104
Trd, 431773.233, 101
Trd, 431774.417, 104
Trd, 431774.717, 106
Trd, 431774.833, 98
Trd, 431774.900, 93
Trd, 431774.967, 93
Trd, 431776.783, 114
Trd, 431777.517, 101
Trd, 431778.017, 101
Trd, 431778.400, 87
Trd, 431778.533, 104
Trd, 431779.050, 95
Trd, 431779.817, 109
Trd, 431780.367, 106
Trd, 431780.383, 105
Trd, 431781.667, 109
Trd, 431781.733, 114
Trd, 431782.433, 114
Trd, 431783.150, 114
Trd, 431783.817, 104
Trd, 431785.133, 106
Trd, 431785.200, 114
Trd, 431786.983, 101
Trd, 431787.467, 100
Trd, 431787.650, 95
Trd, 431788.233, 93
Trd, 431788.800, 87
Trd, 431790.000, 98
Trd, 431790.250, 99
Trd, 431791.533, 100
Trd, 431792.100, 96
Trd, 431794.233, 105
Trd, 431795.117, 106
Trd, 431796.567, 111
Trd, 431796.950, 106
Trd, 431797.450, 104
Trd, 431799.400, 111
Trd, 431799.567, 111
Trd, 431800.083, 116
Trd, 431800.200, 117
Trd, 431800.367, 112
Trd, 431800.967, 123
Trd, 431801.233, 98
Trd, 431801.350, 95
Trd, 431801.517, 93
Trd, 431802.633, 118
Trd, 431803.300, 103
Trd, 431805.083, 103
Trd, 431805.650, 101
Trd, 431806.067, 99
Trd, 431807.050, 95
Trd, 431807.083, 94
Trd, 431808.717, 101
Trd, 431809.667, 105
Trd, 431811.017, 93
Trd, 431811.700, 104
Trd, 431812.100, 95
Trd, 431813.300, 90
Trd, 431813.650, 95
Trd, 431814.600, 92
Trd, 431814.650, 86
Trd, 431815.333, 104
Trd, 431815.767, 95
Trd, 431816.200, 104
Trd, 431816.633, 106
Trd, 431817.517, 105
Trd, 431818.017, 106
Trd, 431818.617, 104
Trd, 431818.683, 98
Trd, 431819.833, 95
Trd, 431820.467, 93
Trd, 431821.000, 112
Trd, 431821.217, 123
Trd, 431821.867, 123
Trd, 431822.900, 105
Trd, 431824.000, 106
Trd, 431824.617, 104
Trd, 431826.150, 104
Trd, 431826.167, 102
Trd, 431827.333, 103
Trd, 431827.650, 104
Trd, 431828.367, 98
Trd, 431829.783, 101
Trd, 431830.233, 95
Trd, 431830.450, 87
Trd, 431831.900, 104
Trd, 431831.933, 106
Trd, 431832.317, 110
Trd, 431832.467, 117
Trd, 431833.633, 116
Trd, 431834.100, 107
Trd, 431834.400, 104
Trd, 431834.833, 80
Trd, 431835.500, 84
Trd, 431836.717, 106
Trd, 431837.683, 110
Trd, 431838.700, 101
Trd, 431839.033, 93
Trd, 431839.300, 99
Trd, 431839.417, 112
Trd, 431840.183, 99
Trd, 431840.900, 108
Trd, 431841.633, 85
Trd, 431842.183, 93
Trd, 431843.350, 102
Trd, 431843.417, 110
Trd, 431843.733, 90
Trd, 431844.617, 99
Trd, 431845.767, 98
Trd, 431845.833, 93
Trd, 431846.217, 112
Trd, 431846.833, 116
Trd, 431847.467, 99
Trd, 431847.650, 116
Trd, 431849.500, 106
Trd, 431849.950, 100
Trd, 431850.183, 98
Trd, 431851.683, 94
Trd, 431852.483, 95
Trd, 431852.950, 93
Trd, 431853.300, 93
Trd, 431854.200, 98
Trd, 431854.383, 96
Trd, 431854.883, 91
Trd, 431855.000, 96
Trd, 431856.483, 106
Trd, 431856.983, 92
Trd, 431858.100, 104
Trd, 431858.183, 95
Trd, 431858.800, 101
Trd, 431859.117, 99
Trd, 431861.183, 100
Trd, 431862.450, 108
Trd, 431863.283, 102
Trd, 431864.450, 102
Trd, 431865.333, 105
Trd, 431866.333, 106
Trd, 431866.933, 105
Trd, 431867.133, 104
Trd, 431867.300, 101
Trd, 431867.583, 101
Trd, 431868.717, 102
Trd, 431869.000, 98
Trd, 431869.883, 106
Trd, 431870.100, 95
Trd, 431870.783, 95
Trd, 431870.800, 111
Trd, 431871.200, 98
Trd, 431872.267, 109
Trd, 431873.900, 95
Trd, 431874.917, 95
Trd, 431875.550, 93
Trd, 431876.583, 96
Trd, 431877.417, 104
Trd, 431878.350, 106
Trd, 431878.767, 102
Trd, 431879.150, 114
Trd, 431879.683, 93
Trd, 431880.333, 102
Trd, 431882.067, 103
Trd, 431882.833, 106
Trd, 431884.867, 103
Trd, 431885.333, 110
Trd, 431885.500, 112
Trd, 431885.933, 99
Trd, 431886.300, 112
Trd, 431886.750, 101
Trd, 431887.150, 97
Trd, 431887.317, 112
Trd, 431887.383, 95
Trd, 431887.633, 98
Trd, 431887.917, 101
Trd, 431890.517, 106
Trd, 431891.017, 105
Trd, 431891.633, 104
Trd, 431893.183, 98
Trd, 431893.800, 107
Trd, 431894.100, 108
Trd, 431894.567, 98
Trd, 431894.983, 104
Trd, 431895.700, 100
Trd, 431896.217, 113
Trd, 431896.433, 95
Trd, 431898.100, 95
Trd, 431898.150, 96
Trd, 431898.583, 101
Trd, 431899.033, 108
Trd, 431899.650, 115
Trd, 431900.083, 114
Trd, 431900.867, 107
Trd, 431901.250, 105
Trd, 431902.450, 104
Trd, 431903.050, 101
Trd, 431903.733, 97
Trd, 431903.817, 104
Trd, 431904.683, 96
Trd, 431905.083, 104
Trd, 431906.583, 93
Trd, 431907.983, 112
Trd, 431908.133, 100
Trd, 431908.233, 95
Trd, 431908.933, 108
Trd, 431911.500, 105
Trd, 431912.683, 101
Trd, 431913.750, 97
Trd, 431914.833, 100
Trd, 431915.133, 105
Trd, 431915.450, 105
Trd, 431915.967, 97
Trd, 431917.083, 106
Trd, 431917.533, 95
Trd, 431917.983, 108
Trd, 431918.017, 99
Trd, 431918.883, 99
Trd, 431918.900, 98
Trd, 431919.700, 96
Trd, 431920.867, 91
Trd, 431921.100, 91
Trd, 431921.600, 106
Trd, 431922.383, 98
Trd, 431924.367, 105
Trd, 431924.933, 98
Trd, 431925.633, 101
Trd, 431926.150, 104
Trd, 431926.383, 97
Trd, 431927.583, 107
Trd, 431928.033, 116
Trd, 431928.133, 102
Trd, 431929.083, 112
Trd, 431929.200, 98
Trd, 431929.400, 118
Trd, 431930.533, 98
Trd, 431931.100, 105
Trd, 431932.383, 110
Trd, 431933.200, 98
Trd, 431933.933, 110
Trd, 431934.050, 98
Trd, 431934.567, 115
Trd, 431936.567, 101
Trd, 431937.317, 101
Trd, 431937.517, 105
Trd, 431938.133, 101
Trd, 431939.733, 98
Trd, 431940.633, 103
Trd, 431940.667, 102
Trd, 431942.750, 100
Trd, 431943.050, 97
Trd, 431944.217, 109
Trd, 431944.533, 101
Trd, 431944.600, 95
Trd, 431944.783, 93
Trd, 431944.817, 87
Trd, 431945.050, 110
Trd, 431945.583, 119
Trd, 431946.150, 105
Trd, 431948.183, 111
Trd, 431948.317, 111
Trd, 431948.333, 100
Trd, 431948.600, 104
Trd, 431950.450, 100
Trd, 431950.517, 109
Trd, 431953.467, 107
Trd, 431953.783, 104
Trd, 431955.400, 100
Trd, 431955.950, 98
Trd, 431956.500, 97
Trd, 431956.783, 103
Trd, 431956.933, 117
Trd, 431957.733, 95
Trd, 431957.767, 115
Trd, 431957.833, 104
Trd, 431958.167, 93
Trd, 431958.967, 87
Trd, 431959.400, 94
Trd, 431959.700, 79
Trd, 431960.300, 95
Trd, 431960.717, 107
Trd, 431961.700, 120
Trd, 431962.083, 97
Trd, 431962.783, 100
Trd, 431963.500, 102
Trd, 431964.733, 90
Trd, 431967.183, 96
Trd, 431968.050, 105
Trd, 431968.117, 106
Trd, 431968.550, 106
Trd, 431968.950, 106
Trd, 431969.033, 95
Trd, 431970.533, 115
Trd, 431971.583, 105
Trd, 431971.833, 120
Trd, 431972.150, 104
Trd, 431973.150, 110
Trd, 431973.450, 106
Trd, 431974.133, 102
Trd, 431975.300, 101
Trd, 431975.467, 95
Trd, 431975.900, 106
Trd, 431976.183, 98
Trd, 431977.417, 108
Trd, 431978.967, 97
Trd, 431979.200, 94
Trd, 431979.633, 94
Trd, 431980.633, 108
Trd, 431980.700, 104
Trd, 431981.017, 98
Trd, 431981.950, 97
Trd, 431983.417, 98
Trd, 431986.333, 109
Trd, 431986.950, 104
Trd, 431987.067, 101
Trd, 431987.483, 101
Trd, 431987.867, 98
Trd, 431987.900, 89
Trd, 431989.033, 94
Trd, 431989.217, 105
Trd, 431989.867, 107
Trd, 431990.267, 92
Trd, 431991.300, 93
Trd, 431992.083, 92
Trd, 431992.417, 93
Trd, 431993.633, 94
Trd, 431994.067, 100
Trd, 431996.167, 94
Trd, 431996.933, 104
Trd, 431997.233, 106
Trd, 431998.133, 112
Trd, 431999.583, 103
Trd, 431999.717, 102
Trd, 431999.800, 107
