Trd, 430625.850, 109
Trd, 430625.867, 97
Trd, 430628.317, 115
Trd, 430628.783, 103
Trd, 430629.467, 106
Trd, 430629.900, 106
Trd, 430630.683, 106
Trd, 430630.700, 105
Trd, 430631.400, 92
Trd, 430632.050, 116
Trd, 430632.883, 100
Trd, 430633.600, 115
Trd, 430634.933, 108
Trd, 430635.533, 104
Trd, 430636.733, 105
Trd, 430638.850, 96
Trd, 430639.033, 100
Trd, 430640.700, 96
Trd, 430640.867, 98
Trd, 430641.183, 104
Trd, 430643.017, 116
Trd, 430644.500, 98
Trd, 430644.867, 99
Trd, 430644.883, 100
Trd, 430645.483, 98
Trd, 430645.533, 121
Trd, 430646.367, 95
Trd, 430646.467, 121
Trd, 430648.817, 100
Trd, 430649.067, 94
Trd, 430649.317, 90
Trd, 430651.017, 104
Trd, 430651.500, 88
Trd, 430651.817, 108
Trd, 430652.283, 97
Trd, 430653.533, 108
Trd, 430655.283, 115
Trd, 430656.517, 116
Trd, 430657.483, 103
Trd, 430657.883, 113
Trd, 430657.950, 114
Trd, 430658.300, 104
Trd, 430658.900, 115
Trd, 430659.467, 104
Trd, 430660.333, 103
Trd, 430661.583, 113
Trd, 430662.117, 105
Trd, 430662.983, 116
Trd, 430665.233, 113
Trd, 430665.300, 107
Trd, 430665.600, 105
Trd, 430667.433, 96
Trd, 430668.467, 91
Trd, 430669.333, 96
Trd, 430670.233, 109
Trd, 430670.300, 92
Trd, 430671.367, 107
Trd, 430671.600, 95
Trd, 430671.617, 108
Trd, 430672.717, 97
Trd, 430672.750, 96
Trd, 430674.000, 113
Trd, 430677.050, 106
Trd, 430677.500, 93
Trd, 430678.100, 110
Trd, 430678.200, 113
Trd, 430678.550, 95
Trd, 430680.133, 97
Trd, 430680.867, 115
Trd, 430682.383, 106
Trd, 430682.717, 106
Trd, 430684.333, 95
Trd, 430684.567, 94
Trd, 430684.817, 113
Trd, 430686.533, 112
Trd, 430688.100, 111
Trd, 430690.250, 91
Trd, 430690.967, 97
Trd, 430691.433, 121
Trd, 430692.033, 107
Trd, 430693.067, 101
Trd, 430693.250, 117
Trd, 430693.850, 118
Trd, 430694.450, 115
Trd, 430694.633, 112
Trd, 430695.950, 92
Trd, 430696.467, 113
Trd, 430696.817, 96
Trd, 430697.417, 103
Trd, 430697.850, 103
Trd, 430699.833, 111
Trd, 430700.667, 109
Trd, 430701.267, 108
Trd, 430703.350, 98
Trd, 430705.500, 102
Trd, 430705.567, 104
Trd, 430706.500, 111
Trd, 430707.017, 105
Trd, 430707.583, 105
Trd, 430709.233, 112
Trd, 430709.417, 114
Trd, 430711.633, 105
Trd, 430712.083, 114
Trd, 430712.183, 107
Trd, 430713.267, 107
Trd, 430713.783, 103
Trd, 430713.817, 114
Trd, 430714.183, 117
Trd, 430715.483, 90
Trd, 430716.783, 91
Trd, 430718.833, 93
Trd, 430719.017, 103
Trd, 430720.833, 113
Trd, 430721.200, 107
Trd, 430721.900, 100
Trd, 430722.150, 98
Trd, 430722.383, 107
Trd, 430722.450, 97
Trd, 430722.467, 112
Trd, 430723.383, 101
Trd, 430724.250, 112
Trd, 430725.550, 112
Trd, 430727.250, 113
Trd, 430727.433, 121
Trd, 430727.517, 111
Trd, 430729.267, 115
Trd, 430731.167, 116
Trd, 430731.767, 116
Trd, 430732.050, 114
Trd, 430732.400, 109
Trd, 430733.267, 109
Trd, 430733.550, 110
Trd, 430733.750, 109
Trd, 430734.017, 96
Trd, 430734.433, 98
Trd, 430735.017, 102
Trd, 430735.233, 101
Trd, 430735.500, 101
Trd, 430735.917, 98
Trd, 430736.467, 102
Trd, 430737.717, 106
Trd, 430737.867, 107
Trd, 430738.433, 106
Trd, 430739.067, 102
Trd, 430740.183, 90
Trd, 430740.567, 87
Trd, 430741.400, 94
Trd, 430742.817, 106
Trd, 430743.083, 90
Trd, 430743.283, 98
Trd, 430744.217, 120
Trd, 430748.100, 96
Trd, 430750.100, 101
Trd, 430750.167, 95
Trd, 430751.383, 101
Trd, 430751.950, 116
Trd, 430752.017, 115
Trd, 430752.450, 114
Trd, 430753.283, 107
Trd, 430754.567, 109
Trd, 430755.200, 101
Trd, 430755.350, 110
Trd, 430755.467, 104
Trd, 430755.583, 93
Trd, 430756.583, 100
Trd, 430757.850, 112
Trd, 430758.267, 98
Trd, 430761.617, 109
Trd, 430761.883, 116
Trd, 430762.717, 106
Trd, 430763.283, 107
Trd, 430763.583, 108
Trd, 430763.700, 112
Trd, 430764.117, 106
Trd, 430764.983, 100
Trd, 430765.017, 94
Trd, 430766.883, 105
Trd, 430767.600, 109
Trd, 430769.450, 97
Trd, 430769.933, 96
Trd, 430770.650, 92
Trd, 430771.117, 99
Trd, 430771.350, 91
Trd, 430771.367, 99
Trd, 430772.033, 90
Trd, 430772.350, 99
Trd, 430774.467, 97
Trd, 430774.683, 96
Trd, 430775.883, 94
Trd, 430776.117, 93
Trd, 430776.750, 90
Trd, 430776.883, 90
Trd, 430777.633, 108
Trd, 430777.983, 113
Trd, 430779.567, 113
Trd, 430781.833, 103
Trd, 430782.150, 101
Trd, 430782.433, 99
Trd, 430782.750, 104
Trd, 430783.567, 105
Trd, 430784.033, 113
Trd, 430785.533, 104
Trd, 430785.617, 103
Trd, 430785.900, 98
Trd, 430787.950, 103
Trd, 430788.917, 103
Trd, 430789.517, 96
Trd, 430790.217, 107
Trd, 430790.350, 106
Trd, 430791.233, 96
Trd, 430791.300, 104
Trd, 430792.417, 98
Trd, 430793.683, 115
Trd, 430794.100, 114
Trd, 430794.233, 93
Trd, 430794.533, 90
Trd, 430795.483, 103
Trd, 430795.800, 113
Trd, 430797.783, 90
Trd, 430798.350, 86
Trd, 430798.467, 106
Trd, 430799.150, 90
Trd, 430799.667, 100
Trd, 430801.767, 110
Trd, 430802.083, 104
Trd, 430802.750, 105
Trd, 430803.883, 111
Trd, 430804.967, 114
Trd, 430805.633, 116
Trd, 430806.700, 115
Trd, 430806.800, 121
Trd, 430807.750, 117
Trd, 430809.567, 115
Trd, 430811.717, 114
Trd, 430812.317, 113
Trd, 430812.367, 112
Trd, 430812.617, 109
Trd, 430813.067, 114
Trd, 430814.167, 90
Trd, 430815.117, 91
Trd, 430815.433, 111
Trd, 430815.617, 91
Trd, 430817.167, 94
Trd, 430817.550, 90
Trd, 430817.583, 109
Trd, 430820.067, 98
Trd, 430820.233, 87
Trd, 430821.050, 100
Trd, 430821.700, 100
Trd, 430822.083, 104
Trd, 430823.700, 117
Trd, 430824.300, 98
Trd, 430826.383, 112
Trd, 430826.750, 112
Trd, 430827.633, 113
Trd, 430828.083, 108
Trd, 430828.300, 116
Trd, 430828.467, 106
Trd, 430829.783, 120
Trd, 430829.983, 106
Trd, 430830.217, 94
Trd, 430831.167, 91
Trd, 430832.367, 91
Trd, 430833.067, 94
Trd, 430834.417, 105
Trd, 430835.683, 105
Trd, 430835.733, 105
Trd, 430836.017, 113
Trd, 430837.083, 98
Trd, 430837.617, 90
Trd, 430838.083, 109
Trd, 430838.933, 96
Trd, 430839.900, 103
Trd, 430840.383, 102
Trd, 430840.650, 111
Trd, 430843.400, 101
Trd, 430843.700, 90
Trd, 430845.000, 101
Trd, 430845.450, 98
Trd, 430845.983, 99
Trd, 430846.433, 104
Trd, 430846.483, 117
Trd, 430847.150, 98
Trd, 430848.150, 115
Trd, 430848.317, 114
Trd, 430848.900, 112
Trd, 430851.300, 108
Trd, 430851.483, 98
Trd, 430853.300, 94
Trd, 430853.667, 93
Trd, 430854.067, 93
Trd, 430855.217, 103
Trd, 430856.050, 105
Trd, 430856.367, 105
Trd, 430857.033, 93
Trd, 430857.233, 93
Trd, 430857.417, 106
Trd, 430857.617, 104
Trd, 430857.650, 92
Trd, 430859.200, 103
Trd, 430859.233, 112
Trd, 430860.733, 116
Trd, 430860.850, 114
Trd, 430861.583, 112
Trd, 430864.900, 99
Trd, 430864.967, 101
Trd, 430865.083, 116
Trd, 430865.400, 99
Trd, 430865.617, 98
Trd, 430865.717, 97
Trd, 430866.867, 110
Trd, 430867.750, 110
Trd, 430867.783, 101
Trd, 430868.300, 105
Trd, 430870.450, 122
Trd, 430871.167, 102
Trd, 430873.083, 115
Trd, 430873.683, 115
Trd, 430875.517, 115
Trd, 430876.450, 114
Trd, 430877.467, 114
Trd, 430877.833, 112
Trd, 430878.783, 93
Trd, 430878.867, 98
Trd, 430879.967, 109
Trd, 430880.050, 115
Trd, 430880.633, 96
Trd, 430881.750, 98
Trd, 430883.200, 116
Trd, 430883.467, 115
Trd, 430883.817, 114
Trd, 430884.567, 116
Trd, 430885.900, 107
Trd, 430886.583, 120
Trd, 430887.333, 99
Trd, 430887.833, 130
Trd, 430888.517, 97
Trd, 430888.617, 90
Trd, 430889.033, 101
Trd, 430889.467, 105
Trd, 430889.683, 104
Trd, 430890.000, 105
Trd, 430891.033, 106
Trd, 430894.183, 113
Trd, 430894.517, 112
Trd, 430895.867, 115
Trd, 430897.933, 111
Trd, 430898.717, 117
Trd, 430900.383, 110
Trd, 430900.600, 110
Trd, 430900.767, 111
Trd, 430900.850, 113
Trd, 430901.400, 96
Trd, 430901.517, 95
Trd, 430901.700, 94
Trd, 430902.633, 92
Trd, 430903.617, 93
Trd, 430904.133, 101
Trd, 430906.683, 104
Trd, 430906.883, 103
Trd, 430907.983, 120
Trd, 430910.550, 99
Trd, 430911.400, 99
Trd, 430911.917, 97
Trd, 430912.267, 102
Trd, 430912.833, 102
Trd, 430913.467, 90
Trd, 430914.883, 100
Trd, 430915.550, 95
Trd, 430915.817, 102
Trd, 430916.867, 97
Trd, 430916.883, 102
Trd, 430916.917, 97
Trd, 430917.067, 96
Trd, 430917.383, 104
Trd, 430917.883, 93
Trd, 430918.250, 107
Trd, 430919.833, 90
Trd, 430920.750, 100
Trd, 430922.700, 87
Trd, 430923.667, 113
Trd, 430924.367, 114
Trd, 430925.917, 115
Trd, 430925.967, 107
Trd, 430926.167, 100
Trd, 430926.850, 119
Trd, 430927.083, 108
Trd, 430927.783, 107
Trd, 430929.017, 91
Trd, 430929.150, 102
Trd, 430930.333, 94
Trd, 430930.883, 90
Trd, 430931.767, 104
Trd, 430932.850, 95
Trd, 430935.033, 98
Trd, 430935.933, 94
Trd, 430935.983, 91
Trd, 430936.783, 100
Trd, 430936.833, 102
Trd, 430937.300, 104
Trd, 430937.317, 94
Trd, 430939.483, 94
Trd, 430940.617, 95
Trd, 430941.617, 95
Trd, 430943.783, 96
Trd, 430943.833, 97
Trd, 430944.183, 97
Trd, 430944.667, 114
Trd, 430944.983, 95
Trd, 430946.033, 90
Trd, 430946.467, 93
Trd, 430947.250, 101
Trd, 430947.700, 123
Trd, 430947.750, 87
Trd, 430950.450, 93
Trd, 430950.767, 108
Trd, 430951.600, 94
Trd, 430952.433, 96
Trd, 430953.200, 95
Trd, 430953.267, 94
Trd, 430953.733, 105
Trd, 430953.800, 109
Trd, 430954.900, 91
Trd, 430955.183, 98
Trd, 430955.383, 99
Trd, 430956.717, 113
Trd, 430956.867, 114
Trd, 430957.350, 95
Trd, 430958.417, 94
Trd, 430959.050, 91
Trd, 430959.267, 91
Trd, 430959.717, 90
Trd, 430962.267, 92
Trd, 430965.100, 112
Trd, 430965.383, 114
Trd, 430966.467, 103
Trd, 430966.733, 102
Trd, 430967.617, 112
Trd, 430968.117, 113
Trd, 430968.233, 121
Trd, 430968.650, 113
Trd, 430970.050, 123
Trd, 430971.900, 112
Trd, 430972.250, 112
Trd, 430972.400, 111
Trd, 430972.650, 109
Trd, 430972.917, 109
Trd, 430973.100, 114
Trd, 430977.367, 107
Trd, 430977.517, 103
Trd, 430977.900, 108
Trd, 430978.383, 111
Trd, 430979.100, 105
Trd, 430979.433, 110
Trd, 430981.117, 109
Trd, 430981.750, 118
Trd, 430981.783, 112
Trd, 430982.767, 114
Trd, 430983.183, 120
Trd, 430983.267, 113
Trd, 430983.983, 112
Trd, 430984.317, 103
Trd, 430984.833, 115
Trd, 430985.233, 90
Trd, 430987.483, 96
Trd, 430987.900, 91
Trd, 430988.167, 109
Trd, 430988.450, 93
Trd, 430989.533, 98
Trd, 430989.833, 95
Trd, 430990.333, 98
Trd, 430990.450, 118
Trd, 430993.283, 98
Trd, 430993.450, 99
Trd, 430993.883, 91
Trd, 430995.333, 111
Trd, 430996.017, 110
Trd, 430996.333, 109
Trd, 430998.000, 110
Trd, 430999.783, 109
Trd, 431000.733, 104
Trd, 431001.650, 105
Trd, 431002.250, 95
Trd, 431002.317, 96
Trd, 431002.733, 115
Trd, 431003.050, 117
Trd, 431003.400, 102
Trd, 431003.750, 91
Trd, 431005.283, 115
Trd, 431006.267, 98
Trd, 431007.267, 94
Trd, 431007.900, 96
Trd, 431008.917, 94
Trd, 431011.300, 101
Trd, 431011.850, 102
Trd, 431013.850, 100
Trd, 431014.100, 104
Trd, 431014.233, 105
Trd, 431014.317, 104
Trd, 431014.700, 104
Trd, 431015.450, 110
Trd, 431015.683, 103
Trd, 431015.917, 110
Trd, 431016.950, 109
Trd, 431018.400, 104
Trd, 431018.883, 105
Trd, 431019.583, 107
Trd, 431019.867, 97
Trd, 431020.200, 108
Trd, 431020.917, 101
Trd, 431022.267, 95
Trd, 431022.967, 89
Trd, 431023.167, 88
Trd, 431024.533, 88
Trd, 431025.083, 91
Trd, 431025.750, 114
Trd, 431027.783, 120
Trd, 431028.517, 93
Trd, 431028.600, 121
Trd, 431028.883, 91
Trd, 431029.550, 115
Trd, 431029.667, 92
Trd, 431031.750, 105
Trd, 431031.917, 98
Trd, 431033.567, 98
Trd, 431034.917, 90
Trd, 431035.417, 103
Trd, 431035.667, 108
Trd, 431035.917, 91
Trd, 431036.483, 87
Trd, 431036.783, 109
Trd, 431037.083, 108
Trd, 431039.067, 100
Trd, 431040.050, 94
Trd, 431040.183, 104
Trd, 431041.017, 112
Trd, 431041.967, 118
Trd, 431042.133, 117
Trd, 431044.183, 110
Trd, 431044.583, 117
Trd, 431044.683, 99
Trd, 431044.967, 118
Trd, 431046.633, 115
Trd, 431048.050, 105
Trd, 431048.350, 115
Trd, 431048.583, 108
Trd, 431050.067, 110
Trd, 431050.650, 114
Trd, 431051.167, 109
Trd, 431051.683, 98
Trd, 431052.017, 114
Trd, 431053.117, 107
Trd, 431053.617, 103
Trd, 431053.633, 101
Trd, 431053.817, 109
Trd, 431054.200, 107
Trd, 431055.633, 108
Trd, 431056.500, 103
Trd, 431057.533, 90
Trd, 431057.800, 113
Trd, 431058.683, 111
Trd, 431059.733, 107
Trd, 431060.433, 98
Trd, 431061.217, 105
Trd, 431062.300, 97
Trd, 431062.717, 97
Trd, 431063.367, 103
Trd, 431064.400, 94
Trd, 431064.483, 116
Trd, 431065.767, 95
Trd, 431066.367, 97
Trd, 431066.567, 98
Trd, 431067.183, 98
Trd, 431069.000, 110
Trd, 431069.033, 93
Trd, 431073.050, 100
Trd, 431073.817, 98
Trd, 431074.050, 99
Trd, 431075.450, 111
Trd, 431075.650, 111
Trd, 431076.150, 111
Trd, 431077.083, 117
Trd, 431077.350, 109
Trd, 431078.167, 90
Trd, 431078.567, 102
Trd, 431078.783, 98
Trd, 431078.850, 108
Trd, 431079.850, 91
Trd, 431080.867, 90
Trd, 431081.283, 90
Trd, 431081.550, 88
Trd, 431082.033, 95
Trd, 431085.150, 116
Trd, 431085.367, 117
Trd, 431087.167, 116
Trd, 431089.367, 116
Trd, 431089.467, 113
Trd, 431090.967, 113
Trd, 431091.267, 112
Trd, 431093.300, 109
Trd, 431094.467, 111
Trd, 431095.467, 104
Trd, 431096.167, 90
Trd, 431097.617, 91
Trd, 431098.117, 90
Trd, 431098.350, 92
Trd, 431098.767, 90
Trd, 431098.800, 92
Trd, 431100.033, 114
Trd, 431100.150, 96
Trd, 431101.167, 86
Trd, 431102.467, 110
Trd, 431102.650, 110
Trd, 431103.850, 116
Trd, 431104.300, 95
Trd, 431104.383, 123
Trd, 431105.900, 117
Trd, 431106.517, 116
Trd, 431108.183, 116
Trd, 431108.400, 122
Trd, 431109.100, 116
Trd, 431109.767, 122
Trd, 431110.800, 116
Trd, 431111.100, 115
Trd, 431111.767, 112
Trd, 431112.850, 108
Trd, 431112.967, 99
Trd, 431113.400, 87
Trd, 431113.800, 88
Trd, 431114.267, 109
Trd, 431114.950, 92
Trd, 431116.150, 99
Trd, 431116.917, 109
Trd, 431117.267, 102
Trd, 431118.117, 93
Trd, 431118.367, 112
Trd, 431118.583, 112
Trd, 431119.317, 119
Trd, 431120.050, 105
Trd, 431121.717, 101
Trd, 431121.817, 93
Trd, 431122.033, 92
Trd, 431122.300, 91
Trd, 431122.533, 90
Trd, 431125.300, 111
Trd, 431126.183, 108
Trd, 431127.217, 103
Trd, 431127.983, 104
Trd, 431128.333, 103
Trd, 431128.817, 102
Trd, 431129.317, 84
Trd, 431129.733, 102
Trd, 431130.183, 93
Trd, 431130.467, 101
Trd, 431131.667, 102
Trd, 431132.083, 104
Trd, 431133.383, 113
Trd, 431134.267, 104
Trd, 431135.067, 106
Trd, 431135.517, 94
Trd, 431136.367, 105
Trd, 431136.817, 100
Trd, 431138.117, 116
Trd, 431139.083, 96
Trd, 431140.317, 99
Trd, 431140.967, 114
Trd, 431141.217, 115
Trd, 431142.233, 113
Trd, 431143.933, 120
Trd, 431144.733, 119
Trd, 431144.867, 117
Trd, 431147.017, 100
Trd, 431147.633, 91
Trd, 431148.033, 106
Trd, 431148.450, 107
Trd, 431150.867, 99
Trd, 431150.950, 97
Trd, 431151.417, 96
Trd, 431152.233, 91
Trd, 431153.800, 99
Trd, 431154.533, 104
Trd, 431154.783, 106
Trd, 431157.133, 105
Trd, 431159.200, 109
Trd, 431159.217, 108
Trd, 431159.367, 104
Trd, 431160.133, 96
Trd, 431162.450, 93
Trd, 431162.567, 98
Trd, 431162.950, 104
Trd, 431163.183, 103
Trd, 431163.500, 118
Trd, 431164.267, 116
Trd, 431164.467, 99
Trd, 431164.833, 116
Trd, 431166.100, 115
Trd, 431166.233, 114
Trd, 431167.033, 113
Trd, 431167.600, 114
Trd, 431168.050, 112
Trd, 431168.717, 109
Trd, 431169.300, 115
Trd, 431171.817, 105
Trd, 431172.117, 105
Trd, 431172.400, 103
Trd, 431172.433, 119
Trd, 431172.783, 93
Trd, 431176.000, 93
Trd, 431176.367, 102
Trd, 431176.533, 117
Trd, 431177.550, 106
Trd, 431177.883, 107
Trd, 431179.917, 95
Trd, 431180.317, 114
Trd, 431181.400, 95
Trd, 431181.900, 94
Trd, 431184.150, 90
Trd, 431184.183, 110
Trd, 431185.167, 87
Trd, 431185.950, 86
Trd, 431186.000, 88
Trd, 431186.633, 103
Trd, 431187.083, 104
Trd, 431188.633, 116
Trd, 431189.650, 109
Trd, 431190.100, 110
Trd, 431191.517, 109
Trd, 431191.867, 106
Trd, 431192.717, 94
Trd, 431192.783, 106
Trd, 431193.500, 108
Trd, 431195.450, 106
Trd, 431195.667, 96
Trd, 431196.083, 96
Trd, 431198.617, 98
Trd, 431198.917, 95
Trd, 431199.950, 90
Trd, 431201.283, 99
Trd, 431201.683, 104
Trd, 431201.733, 117
Trd, 431202.117, 97
Trd, 431202.250, 124
Trd, 431202.583, 128
Trd, 431202.767, 91
Trd, 431203.367, 90
Trd, 431203.983, 90
Trd, 431206.200, 107
Trd, 431206.867, 116
Trd, 431207.383, 115
Trd, 431208.217, 109
Trd, 431208.333, 96
Trd, 431209.050, 89
Trd, 431209.133, 86
Trd, 431211.717, 106
Trd, 431211.817, 105
Trd, 431212.500, 104
Trd, 431212.583, 105
Trd, 431213.500, 110
Trd, 431214.117, 111
Trd, 431217.267, 98
Trd, 431217.850, 109
Trd, 431218.117, 95
Trd, 431218.917, 93
Trd, 431219.900, 89
Trd, 431220.483, 122
Trd, 431221.967, 104
Trd, 431222.283, 103
Trd, 431222.367, 102
Trd, 431222.750, 89
Trd, 431224.033, 110
Trd, 431224.133, 111
Trd, 431225.200, 115
Trd, 431225.517, 112
Trd, 431226.817, 114
Trd, 431228.000, 111
Trd, 431228.267, 109
Trd, 431228.783, 112
Trd, 431230.100, 115
Trd, 431231.917, 96
Trd, 431232.250, 95
Trd, 431233.333, 95
Trd, 431233.450, 94
Trd, 431233.883, 94
Trd, 431233.967, 93
Trd, 431235.167, 91
Trd, 431235.600, 90
Trd, 431235.667, 91
Trd, 431236.867, 96
Trd, 431237.483, 86
Trd, 431240.267, 113
Trd, 431240.367, 102
Trd, 431240.467, 98
Trd, 431241.150, 97
Trd, 431241.800, 95
Trd, 431242.667, 104
Trd, 431242.883, 110
Trd, 431244.383, 102
Trd, 431244.417, 115
Trd, 431245.050, 101
Trd, 431245.433, 117
Trd, 431245.483, 115
Trd, 431246.067, 93
Trd, 431248.400, 102
Trd, 431248.983, 98
Trd, 431249.100, 97
Trd, 431249.400, 96
Trd, 431251.467, 97
Trd, 431251.750, 98
Trd, 431251.833, 95
Trd, 431252.367, 104
Trd, 431253.050, 112
Trd, 431253.417, 99
Trd, 431255.200, 114
Trd, 431255.900, 112
Trd, 431256.200, 96
Trd, 431258.033, 111
Trd, 431260.050, 99
Trd, 431260.167, 95
Trd, 431260.317, 113
Trd, 431260.333, 94
Trd, 431260.633, 92
Trd, 431261.550, 114
Trd, 431262.367, 116
Trd, 431263.783, 102
Trd, 431263.967, 102
Trd, 431264.717, 100
Trd, 431265.267, 86
Trd, 431265.350, 114
Trd, 431265.650, 117
Trd, 431265.817, 119
Trd, 431267.567, 117
Trd, 431268.533, 106
Trd, 431269.233, 95
Trd, 431270.550, 99
Trd, 431270.750, 106
Trd, 431270.967, 99
Trd, 431271.250, 90
Trd, 431272.550, 90
Trd, 431272.717, 120
Trd, 431273.900, 108
Trd, 431273.933, 98
Trd, 431275.317, 101
Trd, 431276.983, 119
Trd, 431277.417, 106
Trd, 431278.950, 115
Trd, 431279.417, 111
Trd, 431279.833, 91
Trd, 431280.033, 90
Trd, 431280.700, 117
Trd, 431282.017, 112
Trd, 431282.667, 113
Trd, 431282.950, 112
Trd, 431283.750, 87
Trd, 431284.400, 90
Trd, 431285.250, 95
Trd, 431285.383, 97
Trd, 431285.983, 98
Trd, 431286.200, 118
Trd, 431287.233, 120
Trd, 431287.950, 103
Trd, 431288.017, 120
Trd, 431288.333, 113
Trd, 431288.883, 109
Trd, 431289.933, 118
Trd, 431291.733, 97
Trd, 431291.750, 91
Trd, 431293.183, 93
Trd, 431293.383, 94
Trd, 431295.717, 99
Trd, 431296.367, 100
Trd, 431297.883, 90
Trd, 431299.750, 96
Trd, 431299.933, 97
Trd, 431300.283, 98
Trd, 431300.600, 103
Trd, 431302.333, 103
Trd, 431303.033, 104
Trd, 431303.483, 116
Trd, 431304.683, 115
Trd, 431304.917, 105
Trd, 431305.167, 123
Trd, 431306.433, 108
Trd, 431306.717, 108
Trd, 431307.033, 90
Trd, 431307.067, 87
Trd, 431307.450, 95
Trd, 431308.300, 122
Trd, 431309.217, 97
Trd, 431309.800, 115
Trd, 431310.483, 94
Trd, 431311.100, 115
Trd, 431311.317, 90
Trd, 431313.883, 114
Trd, 431314.583, 112
Trd, 431315.133, 110
Trd, 431315.950, 108
Trd, 431316.133, 114
Trd, 431316.650, 115
Trd, 431316.850, 110
Trd, 431317.100, 108
Trd, 431318.500, 113
Trd, 431318.683, 111
Trd, 431320.333, 106
Trd, 431321.583, 94
Trd, 431322.433, 101
Trd, 431323.233, 98
Trd, 431324.167, 101
Trd, 431324.367, 102
Trd, 431324.833, 100
Trd, 431325.000, 104
Trd, 431326.800, 99
Trd, 431327.917, 93
Trd, 431330.033, 98
Trd, 431330.183, 106
Trd, 431330.550, 109
Trd, 431330.750, 109
Trd, 431332.133, 96
Trd, 431332.267, 90
Trd, 431332.483, 87
Trd, 431333.283, 110
Trd, 431333.750, 89
Trd, 431335.267, 111
Trd, 431335.833, 112
Trd, 431335.917, 109
Trd, 431336.367, 98
Trd, 431336.617, 96
Trd, 431337.117, 120
Trd, 431337.150, 115
Trd, 431337.700, 86
Trd, 431338.667, 88
Trd, 431340.067, 98
Trd, 431340.767, 115
Trd, 431341.450, 100
Trd, 431342.200, 105
Trd, 431343.050, 110
Trd, 431344.117, 114
Trd, 431344.150, 112
Trd, 431345.633, 98
Trd, 431347.000, 114
Trd, 431347.517, 112
Trd, 431347.650, 111
Trd, 431349.167, 115
Trd, 431350.700, 116
Trd, 431351.167, 117
Trd, 431351.517, 114
Trd, 431352.000, 115
Trd, 431352.717, 118
Trd, 431353.717, 106
Trd, 431354.300, 107
Trd, 431355.017, 108
Trd, 431355.117, 98
Trd, 431356.550, 111
Trd, 431357.267, 100
Trd, 431357.767, 99
Trd, 431358.017, 104
Trd, 431358.450, 100
Trd, 431360.633, 116
Trd, 431360.917, 104
Trd, 431361.183, 97
Trd, 431363.150, 98
Trd, 431363.567, 98
Trd, 431363.750, 100
Trd, 431363.900, 97
Trd, 431364.400, 104
Trd, 431365.783, 97
Trd, 431365.800, 117
Trd, 431366.450, 118
Trd, 431367.367, 96
Trd, 431367.650, 114
Trd, 431368.733, 98
Trd, 431369.667, 118
Trd, 431370.650, 101
Trd, 431371.150, 93
Trd, 431371.933, 110
Trd, 431373.800, 93
Trd, 431374.767, 89
Trd, 431375.250, 92
Trd, 431375.333, 89
Trd, 431376.317, 92
Trd, 431377.367, 90
Trd, 431378.350, 90
Trd, 431378.367, 91
Trd, 431379.317, 98
Trd, 431380.233, 102
Trd, 431381.917, 99
Trd, 431384.200, 102
Trd, 431384.483, 102
Trd, 431384.667, 104
Trd, 431385.333, 116
Trd, 431385.583, 104
Trd, 431386.450, 114
Trd, 431386.533, 112
Trd, 431387.900, 100
Trd, 431388.167, 120
Trd, 431389.000, 102
Trd, 431389.133, 92
Trd, 431391.717, 104
Trd, 431392.350, 114
Trd, 431392.717, 93
Trd, 431392.750, 92
Trd, 431394.100, 93
Trd, 431394.400, 90
Trd, 431396.050, 113
Trd, 431396.750, 112
Trd, 431397.817, 99
Trd, 431398.183, 101
Trd, 431399.100, 103
Trd, 431401.683, 94
Trd, 431401.867, 105
Trd, 431402.833, 119
Trd, 431402.883, 112
Trd, 431404.633, 100
Trd, 431404.767, 111
Trd, 431405.117, 102
Trd, 431406.583, 98
Trd, 431407.083, 100
Trd, 431408.067, 108
Trd, 431409.017, 100
Trd, 431409.733, 96
Trd, 431409.767, 112
Trd, 431409.967, 90
Trd, 431412.233, 106
Trd, 431412.567, 106
Trd, 431412.900, 105
Trd, 431413.967, 98
Trd, 431414.533, 96
Trd, 431414.683, 117
Trd, 431415.583, 101
Trd, 431416.267, 100
Trd, 431417.467, 104
Trd, 431417.533, 102
Trd, 431418.867, 101
Trd, 431419.583, 107
Trd, 431419.750, 108
Trd, 431420.200, 99
Trd, 431422.683, 115
Trd, 431423.467, 115
Trd, 431423.583, 110
Trd, 431424.550, 111
Trd, 431424.917, 110
Trd, 431425.950, 112
Trd, 431426.450, 112
Trd, 431428.017, 119
Trd, 431428.483, 108
Trd, 431428.583, 121
Trd, 431429.483, 120
Trd, 431429.550, 119
Trd, 431430.533, 117
Trd, 431430.917, 93
Trd, 431431.483, 102
Trd, 431433.217, 94
Trd, 431434.617, 92
Trd, 431434.717, 102
Trd, 431434.933, 92
Trd, 431435.100, 102
Trd, 431435.750, 92
Trd, 431436.933, 99
Trd, 431437.917, 101
Trd, 431439.433, 101
Trd, 431439.850, 97
Trd, 431441.883, 98
Trd, 431442.317, 104
Trd, 431443.917, 106
Trd, 431444.550, 103
Trd, 431445.300, 117
Trd, 431445.667, 103
Trd, 431445.783, 114
Trd, 431445.800, 102
Trd, 431445.867, 94
Trd, 431447.583, 96
Trd, 431448.133, 94
Trd, 431448.183, 90
Trd, 431448.850, 98
Trd, 431449.467, 119
Trd, 431450.233, 96
Trd, 431450.800, 115
Trd, 431452.717, 100
Trd, 431454.233, 111
Trd, 431456.550, 112
Trd, 431456.800, 114
Trd, 431456.883, 99
Trd, 431457.217, 115
Trd, 431457.400, 92
Trd, 431459.067, 113
Trd, 431460.183, 115
Trd, 431461.017, 106
Trd, 431461.050, 103
Trd, 431461.733, 94
Trd, 431462.367, 115
Trd, 431464.100, 104
Trd, 431464.300, 103
Trd, 431466.033, 104
Trd, 431466.167, 95
Trd, 431467.033, 91
Trd, 431467.533, 90
Trd, 431467.583, 92
Trd, 431468.167, 88
Trd, 431469.317, 88
Trd, 431469.467, 89
Trd, 431470.550, 87
Trd, 431470.567, 98
Trd, 431474.967, 108
Trd, 431475.383, 108
Trd, 431475.650, 112
Trd, 431475.700, 113
Trd, 431477.183, 115
Trd, 431478.717, 95
Trd, 431479.667, 97
Trd, 431479.800, 90
Trd, 431480.517, 104
Trd, 431481.067, 110
Trd, 431481.150, 99
Trd, 431481.700, 94
Trd, 431482.483, 102
Trd, 431482.883, 94
Trd, 431484.867, 96
Trd, 431484.917, 95
Trd, 431485.317, 118
Trd, 431486.083, 104
Trd, 431487.000, 87
Trd, 431487.900, 102
Trd, 431488.367, 115
Trd, 431488.883, 96
Trd, 431489.150, 94
Trd, 431489.667, 98
Trd, 431492.050, 103
Trd, 431493.000, 105
Trd, 431493.217, 113
Trd, 431493.517, 120
Trd, 431493.950, 109
Trd, 431495.167, 109
Trd, 431495.467, 106
Trd, 431495.950, 118
Trd, 431496.300, 118
Trd, 431496.700, 97
Trd, 431496.950, 102
Trd, 431497.083, 91
Trd, 431498.717, 110
Trd, 431498.817, 110
Trd, 431501.083, 91
Trd, 431501.367, 90
Trd, 431502.533, 87
Trd, 431504.033, 99
Trd, 431504.167, 114
Trd, 431504.233, 120
Trd, 431505.050, 108
Trd, 431506.217, 101
Trd, 431506.450, 97
Trd, 431507.100, 112
Trd, 431507.350, 97
Trd, 431507.883, 114
Trd, 431508.117, 89
Trd, 431508.667, 90
Trd, 431508.900, 104
Trd, 431510.950, 99
Trd, 431511.683, 89
Trd, 431512.183, 116
Trd, 431515.717, 110
Trd, 431516.033, 109
Trd, 431517.067, 98
Trd, 431518.283, 108
Trd, 431519.050, 99
Trd, 431520.700, 106
Trd, 431521.233, 116
Trd, 431522.433, 110
Trd, 431522.517, 109
Trd, 431523.000, 115
Trd, 431523.650, 119
Trd, 431524.050, 107
Trd, 431524.400, 93
Trd, 431525.083, 90
Trd, 431525.983, 87
Trd, 431526.667, 96
Trd, 431527.083, 101
Trd, 431527.683, 111
Trd, 431528.450, 97
Trd, 431529.100, 95
Trd, 431529.200, 88
Trd, 431531.000, 96
Trd, 431531.117, 98
Trd, 431531.900, 99
Trd, 431532.267, 97
Trd, 431532.767, 103
Trd, 431534.633, 94
Trd, 431535.183, 103
Trd, 431535.300, 104
Trd, 431535.767, 95
Trd, 431536.583, 99
Trd, 431537.867, 101
Trd, 431540.317, 114
Trd, 431541.300, 109
Trd, 431542.400, 101
Trd, 431542.750, 100
Trd, 431542.967, 109
Trd, 431545.267, 95
Trd, 431545.733, 96
Trd, 431546.067, 98
Trd, 431546.717, 98
Trd, 431548.483, 98
Trd, 431549.133, 109
Trd, 431550.367, 102
Trd, 431550.467, 101
Trd, 431550.483, 112
Trd, 431550.750, 113
Trd, 431551.600, 115
Trd, 431553.200, 105
Trd, 431554.550, 116
Trd, 431554.700, 113
Trd, 431554.717, 111
Trd, 431554.733, 121
Trd, 431555.067, 98
Trd, 431557.733, 101
Trd, 431558.100, 116
Trd, 431558.750, 100
Trd, 431560.617, 104
Trd, 431560.767, 103
Trd, 431561.067, 92
Trd, 431561.467, 97
Trd, 431562.333, 96
Trd, 431562.767, 104
Trd, 431564.033, 114
Trd, 431564.367, 95
Trd, 431564.650, 110
Trd, 431566.083, 120
Trd, 431566.433, 95
Trd, 431567.833, 111
Trd, 431568.000, 90
Trd, 431568.033, 89
Trd, 431568.617, 112
Trd, 431568.867, 90
Trd, 431570.233, 114
Trd, 431570.967, 103
Trd, 431573.667, 104
Trd, 431573.833, 111
Trd, 431574.983, 102
Trd, 431576.167, 98
Trd, 431577.350, 100
Trd, 431577.750, 101
Trd, 431577.867, 102
Trd, 431579.450, 114
Trd, 431579.983, 99
Trd, 431581.317, 112
Trd, 431581.667, 101
Trd, 431582.800, 103
Trd, 431583.650, 104
Trd, 431586.017, 108
Trd, 431586.233, 112
Trd, 431586.483, 108
Trd, 431586.750, 106
Trd, 431586.883, 92
Trd, 431586.933, 115
Trd, 431587.917, 128
Trd, 431587.933, 102
Trd, 431589.217, 92
Trd, 431590.817, 104
Trd, 431593.667, 118
Trd, 431594.167, 117
Trd, 431594.783, 112
Trd, 431594.933, 110
Trd, 431595.900, 103
Trd, 431597.783, 103
Trd, 431598.300, 96
Trd, 431599.683, 90
Trd, 431600.467, 87
Trd, 431600.583, 114
Trd, 431600.917, 87
Trd, 431601.233, 97
Trd, 431602.250, 95
Trd, 431603.317, 98
Trd, 431604.650, 97
Trd, 431604.683, 114
Trd, 431606.117, 99
Trd, 431606.183, 110
Trd, 431606.317, 95
Trd, 431607.600, 99
Trd, 431608.400, 98
Trd, 431610.183, 110
Trd, 431610.383, 114
Trd, 431612.650, 99
Trd, 431612.900, 101
Trd, 431613.350, 94
Trd, 431614.850, 102
Trd, 431615.567, 102
Trd, 431615.950, 102
Trd, 431616.167, 97
Trd, 431616.267, 104
Trd, 431617.400, 112
Trd, 431617.467, 111
Trd, 431617.733, 94
Trd, 431618.317, 92
Trd, 431618.617, 100
Trd, 431620.300, 97
Trd, 431620.567, 104
Trd, 431620.600, 90
Trd, 431622.267, 114
Trd, 431622.383, 94
Trd, 431624.750, 112
Trd, 431625.750, 108
Trd, 431628.150, 98
Trd, 431628.850, 103
Trd, 431629.183, 102
Trd, 431631.617, 120
Trd, 431632.400, 118
Trd, 431634.217, 110
Trd, 431634.417, 108
Trd, 431634.833, 98
Trd, 431635.000, 107
Trd, 431635.517, 106
Trd, 431635.583, 97
Trd, 431635.967, 90
Trd, 431636.600, 103
Trd, 431636.717, 93
Trd, 431637.467, 94
Trd, 431639.633, 114
Trd, 431641.367, 106
Trd, 431643.133, 110
Trd, 431643.283, 108
Trd, 431643.717, 110
Trd, 431645.233, 100
Trd, 431645.767, 99
Trd, 431646.733, 116
Trd, 431647.200, 99
Trd, 431647.233, 116
Trd, 431648.517, 112
Trd, 431649.217, 114
Trd, 431649.650, 114
Trd, 431650.017, 107
Trd, 431650.900, 108
Trd, 431650.950, 103
Trd, 431650.983, 97
Trd, 431651.367, 93
Trd, 431652.283, 104
Trd, 431653.450, 99
Trd, 431656.550, 101
Trd, 431656.750, 98
Trd, 431656.933, 93
Trd, 431657.017, 90
Trd, 431657.850, 103
Trd, 431658.200, 90
Trd, 431658.583, 97
Trd, 431659.600, 102
Trd, 431661.117, 91
Trd, 431661.350, 89
Trd, 431662.600, 115
Trd, 431662.917, 120
Trd, 431664.767, 116
Trd, 431665.800, 115
Trd, 431667.683, 113
Trd, 431668.033, 114
Trd, 431669.150, 112
Trd, 431669.700, 119
Trd, 431670.000, 116
Trd, 431670.367, 101
Trd, 431672.883, 106
Trd, 431673.017, 104
Trd, 431674.133, 101
Trd, 431674.883, 106
Trd, 431676.933, 105
Trd, 431677.067, 106
Trd, 431677.417, 107
Trd, 431677.817, 108
Trd, 431678.550, 105
Trd, 431678.983, 112
Trd, 431679.433, 115
Trd, 431680.300, 99
Trd, 431680.550, 93
Trd, 431680.967, 90
Trd, 431682.383, 93
Trd, 431683.150, 112
Trd, 431684.550, 115
Trd, 431685.917, 105
Trd, 431686.367, 106
Trd, 431686.867, 113
Trd, 431686.900, 105
Trd, 431686.917, 103
Trd, 431687.833, 88
Trd, 431690.483, 112
Trd, 431691.867, 119
Trd, 431692.433, 93
Trd, 431692.717, 103
Trd, 431692.950, 92
Trd, 431693.333, 91
Trd, 431693.833, 106
Trd, 431694.600, 98
Trd, 431695.100, 90
Trd, 431695.817, 118
Trd, 431697.367, 115
Trd, 431698.617, 116
Trd, 431698.750, 114
Trd, 431698.950, 97
Trd, 431700.300, 116
Trd, 431701.550, 112
Trd, 431703.267, 112
Trd, 431703.550, 112
Trd, 431704.250, 111
Trd, 431704.383, 109
Trd, 431704.950, 96
Trd, 431705.567, 101
Trd, 431705.633, 115
Trd, 431707.600, 99
Trd, 431708.433, 120
Trd, 431708.750, 101
Trd, 431709.183, 100
Trd, 431711.033, 111
Trd, 431711.917, 109
Trd, 431712.600, 102
Trd, 431712.633, 100
Trd, 431714.917, 102
Trd, 431715.567, 94
Trd, 431716.283, 104
Trd, 431716.450, 101
Trd, 431716.533, 95
Trd, 431716.800, 92
Trd, 431718.767, 98
Trd, 431719.050, 99
Trd, 431719.367, 97
Trd, 431720.150, 91
Trd, 431720.800, 117
Trd, 431721.950, 102
Trd, 431722.483, 104
Trd, 431724.200, 109
Trd, 431724.900, 110
Trd, 431725.583, 111
Trd, 431726.467, 113
Trd, 431726.517, 107
Trd, 431727.800, 93
Trd, 431727.917, 114
Trd, 431729.217, 118
Trd, 431730.883, 102
Trd, 431732.617, 88
Trd, 431732.933, 90
Trd, 431733.683, 89
Trd, 431733.850, 89
Trd, 431734.017, 90
Trd, 431734.517, 98
Trd, 431734.717, 89
Trd, 431735.000, 104
Trd, 431735.433, 91
Trd, 431736.500, 90
Trd, 431737.317, 102
Trd, 431738.150, 101
Trd, 431742.317, 114
Trd, 431743.033, 111
Trd, 431744.083, 110
Trd, 431744.600, 109
Trd, 431745.750, 109
Trd, 431745.867, 94
Trd, 431746.267, 115
Trd, 431746.767, 112
Trd, 431746.883, 116
Trd, 431747.283, 96
Trd, 431749.517, 97
Trd, 431750.400, 97
Trd, 431752.017, 106
Trd, 431752.500, 106
Trd, 431752.533, 102
Trd, 431752.850, 90
Trd, 431753.183, 93
Trd, 431753.467, 88
Trd, 431753.667, 106
Trd, 431754.633, 106
Trd, 431756.183, 107
Trd, 431756.883, 114
Trd, 431756.917, 115
Trd, 431758.083, 108
Trd, 431758.733, 113
Trd, 431759.150, 107
Trd, 431759.300, 97
Trd, 431761.050, 106
Trd, 431761.383, 105
Trd, 431761.533, 97
Trd, 431763.783, 97
Trd, 431764.067, 97
Trd, 431765.467, 98
Trd, 431766.917, 103
Trd, 431767.733, 100
Trd, 431768.833, 104
Trd, 431769.383, 104
Trd, 431771.000, 109
Trd, 431771.900, 107
Trd, 431773.317, 104
Trd, 431773.617, 99
Trd, 431773.800, 98
Trd, 431775.133, 94
Trd, 431775.500, 104
Trd, 431775.583, 90
Trd, 431775.667, 114
Trd, 431776.850, 118
Trd, 431777.317, 114
Trd, 431778.567, 112
Trd, 431778.933, 90
Trd, 431779.083, 98
Trd, 431781.050, 106
Trd, 431781.267, 90
Trd, 431782.983, 101
Trd, 431784.667, 102
Trd, 431785.167, 102
Trd, 431786.083, 102
Trd, 431786.467, 104
Trd, 431786.600, 104
Trd, 431786.983, 110
Trd, 431787.250, 111
Trd, 431787.383, 90
Trd, 431787.917, 102
Trd, 431788.217, 95
Trd, 431788.367, 87
Trd, 431788.550, 115
Trd, 431790.617, 92
Trd, 431791.117, 93
Trd, 431791.367, 113
Trd, 431793.033, 112
Trd, 431794.200, 95
Trd, 431794.733, 100
Trd, 431795.033, 98
Trd, 431795.633, 112
Trd, 431795.867, 96
Trd, 431796.817, 97
Trd, 431797.133, 112
Trd, 431797.900, 112
Trd, 431798.500, 100
Trd, 431798.667, 120
Trd, 431801.167, 108
Trd, 431801.350, 107
Trd, 431801.400, 116
Trd, 431801.783, 104
Trd, 431802.500, 101
Trd, 431803.833, 113
Trd, 431805.583, 110
Trd, 431806.900, 98
Trd, 431807.467, 101
Trd, 431807.683, 102
Trd, 431808.650, 100
Trd, 431809.867, 106
Trd, 431810.167, 103
Trd, 431812.267, 110
Trd, 431812.350, 114
Trd, 431812.367, 108
Trd, 431813.100, 111
Trd, 431813.217, 101
Trd, 431813.417, 99
Trd, 431814.833, 99
Trd, 431816.200, 100
Trd, 431816.250, 99
Trd, 431818.267, 101
Trd, 431818.517, 92
Trd, 431819.333, 104
Trd, 431819.800, 111
Trd, 431820.683, 105
Trd, 431820.800, 104
Trd, 431821.217, 118
Trd, 431821.683, 117
Trd, 431823.217, 115
Trd, 431823.250, 98
Trd, 431824.117, 92
Trd, 431826.917, 113
Trd, 431829.800, 115
Trd, 431830.033, 113
Trd, 431830.100, 112
Trd, 431830.200, 111
Trd, 431832.317, 93
Trd, 431832.500, 110
Trd, 431833.633, 93
Trd, 431833.650, 89
Trd, 431833.800, 87
Trd, 431834.283, 101
Trd, 431834.333, 92
Trd, 431835.133, 94
Trd, 431835.850, 103
Trd, 431836.567, 100
Trd, 431836.967, 96
Trd, 431837.583, 104
Trd, 431837.933, 116
Trd, 431841.150, 91
Trd, 431841.533, 90
Trd, 431842.217, 92
Trd, 431843.233, 98
Trd, 431844.733, 95
Trd, 431844.800, 94
Trd, 431845.000, 104
Trd, 431845.367, 112
Trd, 431846.167, 93
Trd, 431847.567, 94
Trd, 431847.800, 93
Trd, 431847.817, 93
Trd, 431848.183, 100
Trd, 431848.400, 93
Trd, 431849.517, 91
Trd, 431849.567, 90
Trd, 431850.667, 92
Trd, 431851.800, 88
Trd, 431852.067, 96
Trd, 431852.750, 88
Trd, 431854.150, 93
Trd, 431854.750, 94
Trd, 431855.617, 96
Trd, 431855.850, 98
Trd, 431856.200, 97
Trd, 431856.967, 104
Trd, 431857.383, 99
Trd, 431859.683, 104
Trd, 431860.633, 107
Trd, 431861.183, 106
Trd, 431861.367, 107
Trd, 431862.617, 116
Trd, 431863.583, 117
Trd, 431863.617, 99
Trd, 431863.667, 98
Trd, 431864.133, 103
Trd, 431864.750, 114
Trd, 431864.800, 91
Trd, 431865.233, 90
Trd, 431865.667, 124
Trd, 431868.200, 101
Trd, 431869.883, 97
Trd, 431870.133, 97
Trd, 431871.117, 118
Trd, 431872.983, 117
Trd, 431873.067, 120
Trd, 431873.150, 115
Trd, 431874.350, 95
Trd, 431874.800, 99
Trd, 431875.333, 93
Trd, 431875.533, 92
Trd, 431876.733, 115
Trd, 431878.933, 103
Trd, 431879.933, 116
Trd, 431880.217, 119
Trd, 431880.850, 119
Trd, 431881.483, 115
Trd, 431882.300, 99
Trd, 431883.033, 98
Trd, 431883.267, 97
Trd, 431883.467, 100
Trd, 431886.600, 97
Trd, 431888.350, 104
Trd, 431889.450, 104
Trd, 431889.467, 104
Trd, 431890.683, 108
Trd, 431890.817, 99
Trd, 431891.150, 100
Trd, 431891.650, 92
Trd, 431891.750, 109
Trd, 431891.933, 121
Trd, 431893.983, 88
Trd, 431895.367, 89
Trd, 431896.300, 106
Trd, 431898.683, 104
Trd, 431898.950, 115
Trd, 431899.900, 111
Trd, 431900.683, 115
Trd, 431900.983, 115
Trd, 431901.317, 114
Trd, 431901.350, 126
Trd, 431902.000, 112
Trd, 431902.250, 111
Trd, 431902.467, 110
Trd, 431903.067, 109
Trd, 431906.617, 97
Trd, 431906.867, 93
Trd, 431907.150, 90
Trd, 431907.433, 98
Trd, 431908.683, 100
Trd, 431908.883, 99
Trd, 431910.067, 108
Trd, 431912.333, 93
Trd, 431913.467, 103
Trd, 431914.500, 96
Trd, 431915.400, 101
Trd, 431915.417, 97
Trd, 431915.700, 103
Trd, 431916.683, 93
Trd, 431917.150, 104
Trd, 431917.700, 115
Trd, 431918.000, 115
Trd, 431918.750, 119
Trd, 431918.783, 101
Trd, 431919.700, 101
Trd, 431919.717, 94
Trd, 431919.950, 127
Trd, 431921.200, 102
Trd, 431921.433, 101
Trd, 431922.567, 90
Trd, 431925.000, 103
Trd, 431925.767, 87
Trd, 431926.233, 97
Trd, 431927.683, 99
Trd, 431929.250, 101
Trd, 431929.833, 101
Trd, 431930.617, 96
Trd, 431931.500, 91
Trd, 431932.067, 97
Trd, 431932.517, 94
Trd, 431933.550, 98
Trd, 431933.833, 96
Trd, 431933.900, 104
Trd, 431934.967, 107
Trd, 431935.550, 105
Trd, 431937.633, 90
Trd, 431937.650, 110
Trd, 431939.667, 110
Trd, 431940.800, 110
Trd, 431941.467, 113
Trd, 431943.033, 113
Trd, 431943.367, 112
Trd, 431944.050, 112
Trd, 431944.267, 109
Trd, 431944.950, 110
Trd, 431945.200, 90
Trd, 431946.067, 108
Trd, 431946.433, 111
Trd, 431946.883, 120
Trd, 431947.150, 121
Trd, 431948.533, 94
Trd, 431948.833, 87
Trd, 431949.933, 117
Trd, 431950.150, 87
Trd, 431951.167, 91
Trd, 431951.383, 97
Trd, 431953.683, 88
Trd, 431954.517, 87
Trd, 431954.967, 89
Trd, 431956.167, 98
Trd, 431956.217, 104
Trd, 431957.200, 115
Trd, 431957.617, 104
Trd, 431957.817, 101
Trd, 431957.850, 100
Trd, 431957.900, 123
Trd, 431959.200, 124
Trd, 431960.050, 91
Trd, 431961.667, 96
Trd, 431961.717, 97
Trd, 431962.317, 94
Trd, 431962.383, 107
Trd, 431962.833, 108
Trd, 431963.283, 94
Trd, 431964.067, 105
Trd, 431964.800, 98
Trd, 431968.633, 107
Trd, 431970.583, 114
Trd, 431970.883, 98
Trd, 431970.967, 98
Trd, 431973.600, 102
Trd, 431973.967, 101
Trd, 431974.617, 107
Trd, 431975.217, 108
Trd, 431975.383, 109
Trd, 431975.700, 95
Trd, 431976.817, 90
Trd, 431977.400, 87
Trd, 431977.500, 88
Trd, 431979.400, 97
Trd, 431981.783, 96
Trd, 431981.950, 92
Trd, 431982.667, 106
Trd, 431982.917, 90
Trd, 431984.883, 107
Trd, 431986.483, 99
Trd, 431986.717, 105
Trd, 431986.933, 111
Trd, 431987.617, 104
Trd, 431987.733, 103
Trd, 431988.217, 101
Trd, 431988.383, 113
Trd, 431988.633, 101
Trd, 431989.117, 113
Trd, 431990.150, 102
Trd, 431990.283, 96
Trd, 431991.633, 103
Trd, 431992.217, 104
Trd, 431992.400, 104
Trd, 431993.433, 104
Trd, 431993.517, 115
Trd, 431994.350, 118
Trd, 431995.100, 99
Trd, 431995.800, 110
Trd, 431995.883, 90
Trd, 431996.400, 93
Trd, 431998.633, 88
Trd, 431998.867, 89
Trd, 431999.067, 120
Trd, 431999.333, 87
