Trd, 430686.083, 99
Trd, 430686.633, 99
Trd, 430686.767, 98
Trd, 430686.933, 93
Trd, 430687.150, 104
Trd, 430687.483, 104
Trd, 430687.583, 93
Trd, 430688.350, 104
Trd, 430690.100, 94
Trd, 430691.117, 96
Trd, 430692.217, 95
Trd, 430693.717, 100
Trd, 430694.550, 94
Trd, 430694.883, 93
Trd, 430695.050, 96
Trd, 430695.633, 89
Trd, 430696.333, 88
Trd, 430696.883, 89
Trd, 430697.150, 89
Trd, 430697.333, 91
Trd, 430697.583, 89
Trd, 430697.683, 101
Trd, 430698.100, 89
Trd, 430700.367, 95
Trd, 430700.867, 106
Trd, 430703.433, 104
Trd, 430703.567, 105
Trd, 430703.700, 109
Trd, 430704.117, 107
Trd, 430704.550, 108
Trd, 430704.667, 106
Trd, 430704.683, 104
Trd, 430706.583, 112
Trd, 430707.717, 107
Trd, 430709.250, 107
Trd, 430709.550, 107
Trd, 430710.067, 101
Trd, 430710.483, 95
Trd, 430710.767, 97
Trd, 430711.300, 96
Trd, 430711.633, 98
Trd, 430712.050, 97
Trd, 430713.850, 98
Trd, 430713.950, 97
Trd, 430714.500, 95
Trd, 430714.550, 98
Trd, 430714.583, 105
Trd, 430715.500, 108
Trd, 430715.833, 97
Trd, 430716.550, 100
Trd, 430716.700, 111
Trd, 430716.967, 97
Trd, 430717.500, 97
Trd, 430717.667, 96
Trd, 430717.800, 93
Trd, 430719.583, 95
Trd, 430721.900, 97
Trd, 430722.217, 98
Trd, 430722.417, 99
Trd, 430722.917, 106
Trd, 430723.600, 102
Trd, 430723.750, 106
Trd, 430723.850, 101
Trd, 430724.817, 97
Trd, 430724.833, 93
Trd, 430724.883, 104
Trd, 430725.400, 113
Trd, 430725.950, 92
Trd, 430726.417, 91
Trd, 430727.767, 94
Trd, 430727.800, 94
Trd, 430728.200, 105
Trd, 430728.767, 94
Trd, 430728.817, 106
Trd, 430729.733, 104
Trd, 430730.517, 92
Trd, 430731.317, 91
Trd, 430733.500, 95
Trd, 430735.383, 97
Trd, 430735.617, 97
Trd, 430735.667, 96
Trd, 430736.167, 98
Trd, 430736.833, 99
Trd, 430737.467, 98
Trd, 430738.617, 95
Trd, 430739.333, 103
Trd, 430739.400, 93
Trd, 430739.417, 104
Trd, 430740.317, 93
Trd, 430741.067, 95
Trd, 430741.233, 98
Trd, 430741.967, 90
Trd, 430742.317, 88
Trd, 430742.650, 93
Trd, 430745.417, 95
Trd, 430746.233, 97
Trd, 430746.367, 99
Trd, 430746.700, 101
Trd, 430746.717, 106
Trd, 430746.867, 109
Trd, 430747.267, 110
Trd, 430749.167, 107
Trd, 430749.867, 105
Trd, 430750.533, 106
Trd, 430750.917, 107
Trd, 430751.417, 107
Trd, 430751.750, 102
Trd, 430752.117, 101
Trd, 430752.733, 96
Trd, 430754.517, 97
Trd, 430754.700, 97
Trd, 430755.367, 96
Trd, 430755.933, 97
Trd, 430756.800, 98
Trd, 430756.917, 93
Trd, 430757.033, 109
Trd, 430757.133, 91
Trd, 430758.900, 92
Trd, 430759.400, 93
Trd, 430759.750, 91
Trd, 430761.600, 98
Trd, 430762.500, 105
Trd, 430762.700, 102
Trd, 430763.117, 101
Trd, 430763.733, 108
Trd, 430763.800, 109
Trd, 430764.650, 105
Trd, 430765.033, 104
Trd, 430765.317, 106
Trd, 430765.383, 104
Trd, 430765.817, 92
Trd, 430766.117, 90
Trd, 430766.883, 104
Trd, 430767.250, 94
Trd, 430767.850, 103
Trd, 430769.517, 103
Trd, 430770.467, 100
Trd, 430770.650, 93
Trd, 430770.900, 100
Trd, 430771.133, 93
Trd, 430771.467, 91
Trd, 430774.367, 97
Trd, 430775.067, 96
Trd, 430775.167, 95
Trd, 430776.083, 95
Trd, 430776.683, 97
Trd, 430777.183, 99
Trd, 430777.483, 107
Trd, 430777.683, 107
Trd, 430777.967, 98
Trd, 430778.550, 93
Trd, 430779.267, 109
Trd, 430781.033, 98
Trd, 430781.050, 97
Trd, 430782.433, 95
Trd, 430782.933, 97
Trd, 430783.050, 95
Trd, 430784.683, 94
Trd, 430784.833, 93
Trd, 430785.433, 96
Trd, 430785.917, 91
Trd, 430787.017, 98
Trd, 430787.050, 90
Trd, 430787.533, 97
Trd, 430788.783, 95
Trd, 430789.233, 96
Trd, 430789.283, 99
Trd, 430789.483, 101
Trd, 430789.583, 111
Trd, 430789.950, 96
Trd, 430791.867, 103
Trd, 430793.200, 105
Trd, 430793.617, 104
Trd, 430794.350, 103
Trd, 430794.933, 103
Trd, 430795.000, 102
Trd, 430795.317, 109
Trd, 430795.350, 114
Trd, 430795.400, 115
Trd, 430796.367, 94
Trd, 430797.267, 109
Trd, 430798.267, 110
Trd, 430800.950, 115
Trd, 430801.367, 94
Trd, 430802.150, 103
Trd, 430802.267, 93
Trd, 430803.283, 95
Trd, 430803.867, 94
Trd, 430804.417, 96
Trd, 430804.567, 96
Trd, 430804.967, 98
Trd, 430805.267, 95
Trd, 430806.350, 109
Trd, 430806.483, 113
Trd, 430807.350, 112
Trd, 430807.633, 112
Trd, 430808.417, 97
Trd, 430809.017, 112
Trd, 430809.717, 101
Trd, 430810.433, 104
Trd, 430811.300, 104
Trd, 430811.550, 93
Trd, 430811.700, 91
Trd, 430813.317, 102
Trd, 430813.400, 101
Trd, 430813.550, 100
Trd, 430813.750, 99
Trd, 430813.850, 105
Trd, 430813.917, 94
Trd, 430814.183, 90
Trd, 430814.633, 88
Trd, 430815.683, 111
Trd, 430815.750, 110
Trd, 430816.550, 89
Trd, 430817.017, 115
Trd, 430817.083, 115
Trd, 430818.167, 100
Trd, 430819.317, 104
Trd, 430819.750, 103
Trd, 430820.733, 93
Trd, 430821.033, 91
Trd, 430821.117, 90
Trd, 430822.433, 88
Trd, 430823.050, 90
Trd, 430823.817, 88
Trd, 430823.917, 98
Trd, 430825.983, 100
Trd, 430826.467, 95
Trd, 430826.717, 96
Trd, 430827.033, 101
Trd, 430827.750, 96
Trd, 430827.867, 95
Trd, 430830.950, 96
Trd, 430831.450, 97
Trd, 430831.733, 92
Trd, 430831.750, 98
Trd, 430831.817, 101
Trd, 430832.867, 94
Trd, 430833.750, 97
Trd, 430833.883, 96
Trd, 430834.383, 104
Trd, 430835.400, 107
Trd, 430835.433, 109
Trd, 430835.550, 115
Trd, 430835.733, 99
Trd, 430836.333, 97
Trd, 430837.383, 94
Trd, 430837.800, 105
Trd, 430839.050, 100
Trd, 430839.333, 98
Trd, 430840.450, 97
Trd, 430841.317, 95
Trd, 430841.950, 106
Trd, 430842.000, 109
Trd, 430842.450, 96
Trd, 430842.967, 95
Trd, 430844.167, 97
Trd, 430844.633, 102
Trd, 430844.667, 99
Trd, 430844.750, 98
Trd, 430844.783, 94
Trd, 430847.317, 99
Trd, 430848.000, 100
Trd, 430848.417, 100
Trd, 430849.500, 99
Trd, 430849.733, 93
Trd, 430849.983, 94
Trd, 430850.100, 99
Trd, 430850.783, 90
Trd, 430851.183, 99
Trd, 430851.300, 101
Trd, 430852.133, 102
Trd, 430855.067, 99
Trd, 430855.167, 104
Trd, 430856.383, 103
Trd, 430856.950, 101
Trd, 430857.783, 95
Trd, 430857.867, 94
Trd, 430857.883, 93
Trd, 430860.633, 92
Trd, 430861.083, 96
Trd, 430861.300, 101
Trd, 430861.383, 102
Trd, 430861.800, 91
Trd, 430861.850, 90
Trd, 430862.833, 92
Trd, 430863.317, 93
Trd, 430863.900, 102
Trd, 430864.733, 98
Trd, 430864.767, 104
Trd, 430866.783, 97
Trd, 430868.000, 101
Trd, 430868.750, 106
Trd, 430869.767, 103
Trd, 430870.867, 106
Trd, 430871.250, 108
Trd, 430871.383, 111
Trd, 430872.600, 106
Trd, 430872.633, 105
Trd, 430872.667, 104
Trd, 430873.217, 94
Trd, 430874.033, 111
Trd, 430874.350, 111
Trd, 430875.733, 101
Trd, 430876.117, 99
Trd, 430876.383, 101
Trd, 430877.167, 97
Trd, 430877.667, 99
Trd, 430877.783, 97
Trd, 430877.817, 100
Trd, 430878.067, 104
Trd, 430879.767, 107
Trd, 430879.983, 106
Trd, 430880.683, 106
Trd, 430881.083, 106
Trd, 430881.133, 104
Trd, 430881.467, 107
Trd, 430881.800, 109
Trd, 430882.333, 101
Trd, 430884.283, 93
Trd, 430884.800, 90
Trd, 430885.267, 93
Trd, 430885.717, 96
Trd, 430886.333, 93
Trd, 430888.233, 98
Trd, 430889.217, 95
Trd, 430889.567, 96
Trd, 430889.667, 101
Trd, 430890.483, 102
Trd, 430891.400, 100
Trd, 430892.200, 102
Trd, 430892.317, 101
Trd, 430892.400, 104
Trd, 430892.867, 94
Trd, 430893.150, 100
Trd, 430894.317, 104
Trd, 430895.200, 93
Trd, 430895.300, 106
Trd, 430896.317, 96
Trd, 430896.900, 104
Trd, 430897.583, 112
Trd, 430898.700, 99
Trd, 430899.250, 90
Trd, 430899.633, 110
Trd, 430900.633, 92
Trd, 430900.900, 93
Trd, 430901.983, 100
Trd, 430902.000, 95
Trd, 430902.567, 95
Trd, 430903.783, 98
Trd, 430904.067, 97
Trd, 430904.750, 95
Trd, 430904.817, 93
Trd, 430906.100, 98
Trd, 430906.283, 101
Trd, 430906.333, 98
Trd, 430906.783, 99
Trd, 430907.467, 99
Trd, 430907.700, 101
Trd, 430907.967, 109
Trd, 430908.183, 97
Trd, 430910.283, 102
Trd, 430910.783, 102
Trd, 430911.417, 93
Trd, 430912.200, 92
Trd, 430912.600, 92
Trd, 430912.800, 91
Trd, 430912.867, 90
Trd, 430913.133, 94
Trd, 430915.717, 92
Trd, 430916.483, 91
Trd, 430917.183, 101
Trd, 430917.300, 94
Trd, 430917.367, 102
Trd, 430917.400, 105
Trd, 430918.500, 92
Trd, 430919.550, 107
Trd, 430920.533, 90
Trd, 430920.850, 90
Trd, 430921.817, 99
Trd, 430922.183, 101
Trd, 430922.867, 94
Trd, 430923.433, 98
Trd, 430923.700, 99
Trd, 430923.833, 98
Trd, 430924.367, 98
Trd, 430924.550, 104
Trd, 430924.617, 97
Trd, 430925.217, 94
Trd, 430925.300, 93
Trd, 430925.883, 94
Trd, 430926.467, 87
Trd, 430927.067, 103
Trd, 430927.700, 93
Trd, 430929.133, 94
Trd, 430930.233, 98
Trd, 430930.567, 101
Trd, 430930.817, 97
Trd, 430931.283, 90
Trd, 430932.033, 103
Trd, 430932.817, 103
Trd, 430933.533, 104
Trd, 430935.433, 101
Trd, 430936.033, 103
Trd, 430936.483, 104
Trd, 430936.733, 104
Trd, 430937.317, 106
Trd, 430937.517, 104
Trd, 430937.767, 93
Trd, 430938.433, 94
Trd, 430938.450, 102
Trd, 430939.300, 92
Trd, 430939.900, 95
Trd, 430940.750, 105
Trd, 430942.283, 91
Trd, 430942.383, 90
Trd, 430943.167, 101
Trd, 430945.817, 91
Trd, 430946.717, 91
Trd, 430946.917, 101
Trd, 430947.200, 91
Trd, 430948.550, 92
Trd, 430948.817, 98
Trd, 430951.150, 100
Trd, 430951.267, 103
Trd, 430951.750, 101
Trd, 430952.033, 101
Trd, 430952.917, 103
Trd, 430953.550, 107
Trd, 430953.617, 104
Trd, 430953.783, 113
Trd, 430954.250, 105
Trd, 430954.350, 104
Trd, 430954.650, 107
Trd, 430955.500, 109
Trd, 430956.067, 94
Trd, 430957.417, 96
Trd, 430957.533, 104
Trd, 430958.367, 97
Trd, 430958.417, 91
Trd, 430960.200, 104
Trd, 430961.083, 103
Trd, 430961.117, 102
Trd, 430961.567, 103
Trd, 430961.767, 104
Trd, 430962.883, 104
Trd, 430963.500, 90
Trd, 430964.400, 97
Trd, 430965.750, 96
Trd, 430966.117, 93
Trd, 430966.300, 92
Trd, 430966.483, 91
Trd, 430966.783, 95
Trd, 430967.883, 94
Trd, 430967.983, 93
Trd, 430968.767, 95
Trd, 430969.267, 98
Trd, 430969.550, 97
Trd, 430970.083, 106
Trd, 430970.900, 100
Trd, 430970.933, 98
Trd, 430971.333, 111
Trd, 430971.633, 97
Trd, 430973.317, 93
Trd, 430973.650, 93
Trd, 430973.883, 104
Trd, 430974.733, 91
Trd, 430975.950, 96
Trd, 430976.233, 90
Trd, 430976.717, 104
Trd, 430977.300, 90
Trd, 430978.900, 92
Trd, 430979.217, 91
Trd, 430979.750, 90
Trd, 430980.183, 92
Trd, 430981.183, 93
Trd, 430981.217, 92
Trd, 430981.783, 109
Trd, 430982.767, 93
Trd, 430983.683, 102
Trd, 430983.767, 105
Trd, 430983.933, 94
Trd, 430985.433, 96
Trd, 430985.550, 94
Trd, 430985.850, 95
Trd, 430987.817, 101
Trd, 430988.450, 103
Trd, 430988.650, 103
Trd, 430989.217, 104
Trd, 430989.600, 103
Trd, 430990.150, 104
Trd, 430991.017, 106
Trd, 430991.067, 102
Trd, 430991.700, 101
Trd, 430993.100, 93
Trd, 430993.433, 107
Trd, 430993.833, 109
Trd, 430995.117, 106
Trd, 430995.467, 93
Trd, 430995.617, 90
Trd, 430995.833, 93
Trd, 430996.083, 111
Trd, 430996.300, 107
Trd, 430998.867, 109
Trd, 430998.983, 110
Trd, 430999.000, 109
Trd, 430999.633, 109
Trd, 430999.867, 108
Trd, 431000.233, 105
Trd, 431000.550, 104
Trd, 431001.217, 101
Trd, 431001.417, 96
Trd, 431003.350, 106
Trd, 431003.500, 105
Trd, 431003.967, 113
Trd, 431004.117, 93
Trd, 431004.817, 113
Trd, 431005.483, 93
Trd, 431006.617, 92
Trd, 431009.167, 106
Trd, 431009.667, 105
Trd, 431010.033, 105
Trd, 431010.550, 106
Trd, 431010.833, 105
Trd, 431011.033, 105
Trd, 431011.350, 104
Trd, 431012.317, 109
Trd, 431012.650, 104
Trd, 431013.167, 104
Trd, 431013.300, 103
Trd, 431014.467, 93
Trd, 431015.483, 102
Trd, 431016.750, 105
Trd, 431016.967, 101
Trd, 431017.017, 99
Trd, 431017.383, 99
Trd, 431017.833, 98
Trd, 431018.567, 94
Trd, 431019.100, 103
Trd, 431019.933, 93
Trd, 431020.133, 105
Trd, 431020.933, 97
Trd, 431023.217, 104
Trd, 431023.350, 103
Trd, 431023.517, 106
Trd, 431024.167, 106
Trd, 431024.600, 103
Trd, 431024.633, 100
Trd, 431025.017, 97
Trd, 431025.183, 108
Trd, 431027.650, 106
Trd, 431027.667, 109
Trd, 431028.717, 101
Trd, 431029.583, 103
Trd, 431030.217, 102
Trd, 431030.400, 102
Trd, 431031.200, 102
Trd, 431031.317, 101
Trd, 431031.900, 100
Trd, 431032.033, 94
Trd, 431032.383, 102
Trd, 431033.283, 94
Trd, 431033.400, 93
Trd, 431033.583, 91
Trd, 431034.100, 90
Trd, 431034.267, 95
Trd, 431035.150, 107
Trd, 431036.267, 110
Trd, 431037.283, 97
Trd, 431037.833, 98
Trd, 431040.517, 109
Trd, 431040.883, 97
Trd, 431040.900, 105
Trd, 431040.967, 97
Trd, 431041.817, 99
Trd, 431042.717, 100
Trd, 431043.033, 100
Trd, 431043.533, 97
Trd, 431043.950, 102
Trd, 431044.217, 109
Trd, 431044.817, 97
Trd, 431045.083, 107
Trd, 431045.167, 96
Trd, 431046.283, 105
Trd, 431047.533, 100
Trd, 431048.000, 102
Trd, 431048.267, 102
Trd, 431048.700, 100
Trd, 431050.933, 101
Trd, 431051.267, 100
Trd, 431051.983, 101
Trd, 431053.700, 104
Trd, 431053.833, 104
Trd, 431054.200, 105
Trd, 431054.433, 103
Trd, 431054.550, 91
Trd, 431054.883, 90
Trd, 431055.300, 98
Trd, 431055.583, 105
Trd, 431056.433, 93
Trd, 431058.683, 98
Trd, 431059.350, 94
Trd, 431059.450, 98
Trd, 431059.733, 97
Trd, 431060.050, 101
Trd, 431060.750, 101
Trd, 431060.883, 101
Trd, 431061.833, 101
Trd, 431062.017, 110
Trd, 431062.617, 112
Trd, 431063.733, 95
Trd, 431063.983, 94
Trd, 431064.450, 108
Trd, 431065.200, 97
Trd, 431066.617, 112
Trd, 431067.117, 97
Trd, 431067.317, 97
Trd, 431069.433, 105
Trd, 431069.883, 104
Trd, 431070.083, 103
Trd, 431070.267, 105
Trd, 431070.667, 102
Trd, 431070.833, 101
Trd, 431071.017, 101
Trd, 431071.583, 103
Trd, 431071.900, 103
Trd, 431072.083, 93
Trd, 431073.350, 98
Trd, 431073.467, 104
Trd, 431073.817, 91
Trd, 431074.217, 106
Trd, 431075.267, 91
Trd, 431075.367, 90
Trd, 431076.333, 87
Trd, 431077.800, 103
Trd, 431077.933, 106
Trd, 431078.417, 105
Trd, 431079.867, 93
Trd, 431080.983, 106
Trd, 431081.683, 97
Trd, 431081.883, 96
Trd, 431081.917, 95
Trd, 431082.617, 96
Trd, 431083.467, 95
Trd, 431083.850, 96
Trd, 431085.233, 97
Trd, 431085.550, 95
Trd, 431085.900, 97
Trd, 431086.183, 93
Trd, 431086.450, 92
Trd, 431086.700, 93
Trd, 431087.400, 95
Trd, 431088.700, 98
Trd, 431089.367, 97
Trd, 431089.883, 99
Trd, 431091.000, 101
Trd, 431091.483, 96
Trd, 431091.783, 94
Trd, 431091.817, 93
Trd, 431092.000, 90
Trd, 431093.283, 103
Trd, 431093.467, 106
Trd, 431095.433, 110
Trd, 431095.800, 92
Trd, 431096.550, 93
Trd, 431096.750, 104
Trd, 431097.767, 95
Trd, 431099.317, 100
Trd, 431099.383, 98
Trd, 431099.400, 106
Trd, 431099.767, 110
Trd, 431099.917, 97
Trd, 431100.400, 112
Trd, 431100.867, 94
Trd, 431103.933, 101
Trd, 431104.383, 102
Trd, 431104.467, 103
Trd, 431104.900, 104
Trd, 431105.217, 105
Trd, 431105.617, 102
Trd, 431106.833, 103
Trd, 431107.317, 118
Trd, 431107.783, 107
Trd, 431109.583, 112
Trd, 431110.050, 107
Trd, 431110.150, 106
Trd, 431110.683, 102
Trd, 431112.133, 101
Trd, 431113.000, 95
Trd, 431113.667, 94
Trd, 431114.650, 93
Trd, 431114.983, 97
Trd, 431115.033, 100
Trd, 431115.500, 91
Trd, 431115.950, 101
Trd, 431116.967, 91
Trd, 431117.150, 92
Trd, 431118.183, 102
Trd, 431118.650, 95
Trd, 431120.483, 98
Trd, 431121.350, 97
Trd, 431121.600, 96
Trd, 431121.817, 97
Trd, 431122.683, 99
Trd, 431123.267, 99
Trd, 431123.333, 96
Trd, 431123.550, 99
Trd, 431123.883, 94
Trd, 431123.983, 101
Trd, 431124.283, 95
Trd, 431125.200, 96
Trd, 431125.333, 103
Trd, 431125.600, 106
Trd, 431126.000, 95
Trd, 431127.467, 98
Trd, 431127.650, 98
Trd, 431128.150, 97
Trd, 431128.283, 101
Trd, 431129.450, 97
Trd, 431130.583, 97
Trd, 431131.650, 99
Trd, 431132.083, 96
Trd, 431132.233, 97
Trd, 431132.400, 91
Trd, 431133.450, 89
Trd, 431134.450, 99
Trd, 431136.083, 104
Trd, 431136.917, 109
Trd, 431137.083, 101
Trd, 431137.217, 109
Trd, 431138.050, 101
Trd, 431138.733, 101
Trd, 431141.467, 94
Trd, 431142.533, 98
Trd, 431142.817, 97
Trd, 431142.933, 97
Trd, 431143.150, 101
Trd, 431143.467, 99
Trd, 431143.517, 98
Trd, 431143.683, 93
Trd, 431144.050, 91
Trd, 431144.850, 92
Trd, 431145.350, 98
Trd, 431146.583, 95
Trd, 431147.233, 96
Trd, 431147.783, 91
Trd, 431148.100, 90
Trd, 431149.283, 104
Trd, 431149.567, 97
Trd, 431150.500, 97
Trd, 431151.083, 99
Trd, 431151.200, 98
Trd, 431152.017, 98
Trd, 431152.817, 97
Trd, 431152.933, 100
Trd, 431153.217, 102
Trd, 431153.350, 103
Trd, 431154.750, 97
Trd, 431155.917, 93
Trd, 431156.383, 91
Trd, 431156.550, 103
Trd, 431156.717, 91
Trd, 431158.800, 101
Trd, 431159.283, 103
Trd, 431159.450, 101
Trd, 431160.783, 108
Trd, 431160.883, 110
Trd, 431161.167, 108
Trd, 431161.567, 114
Trd, 431163.700, 109
Trd, 431163.967, 109
Trd, 431164.000, 107
Trd, 431164.267, 109
Trd, 431164.583, 105
Trd, 431165.133, 104
Trd, 431166.433, 102
Trd, 431166.467, 101
Trd, 431167.700, 93
Trd, 431167.867, 87
Trd, 431168.800, 84
Trd, 431169.200, 104
Trd, 431170.483, 99
Trd, 431170.550, 83
Trd, 431170.817, 102
Trd, 431171.267, 86
Trd, 431172.333, 87
Trd, 431173.100, 89
Trd, 431173.600, 98
Trd, 431174.300, 90
Trd, 431174.500, 89
Trd, 431174.783, 90
Trd, 431175.467, 106
Trd, 431175.550, 91
Trd, 431175.783, 89
Trd, 431176.017, 108
Trd, 431176.600, 108
Trd, 431176.800, 109
Trd, 431177.833, 104
Trd, 431179.100, 101
Trd, 431179.800, 113
Trd, 431179.850, 104
Trd, 431180.567, 105
Trd, 431182.017, 107
Trd, 431182.233, 106
Trd, 431182.667, 104
Trd, 431183.300, 102
Trd, 431183.383, 109
Trd, 431185.000, 102
Trd, 431185.917, 99
Trd, 431186.167, 99
Trd, 431186.250, 98
Trd, 431186.633, 100
Trd, 431186.683, 98
Trd, 431187.217, 95
Trd, 431189.300, 97
Trd, 431189.500, 93
Trd, 431190.283, 102
Trd, 431190.750, 99
Trd, 431190.767, 101
Trd, 431192.333, 102
Trd, 431192.383, 101
Trd, 431192.733, 91
Trd, 431193.100, 91
Trd, 431193.417, 95
Trd, 431194.250, 102
Trd, 431195.317, 95
Trd, 431195.517, 93
Trd, 431196.300, 106
Trd, 431196.917, 96
Trd, 431197.033, 106
Trd, 431198.400, 104
Trd, 431199.067, 106
Trd, 431199.567, 105
Trd, 431200.667, 100
Trd, 431201.100, 106
Trd, 431202.150, 98
Trd, 431202.400, 93
Trd, 431202.500, 105
Trd, 431202.917, 105
Trd, 431204.117, 92
Trd, 431204.917, 105
Trd, 431206.000, 99
Trd, 431206.217, 100
Trd, 431206.850, 101
Trd, 431207.167, 106
Trd, 431207.950, 102
Trd, 431208.283, 103
Trd, 431209.550, 109
Trd, 431210.433, 101
Trd, 431210.883, 101
Trd, 431210.900, 109
Trd, 431212.817, 100
Trd, 431212.833, 99
Trd, 431213.033, 93
Trd, 431213.067, 91
Trd, 431213.267, 92
Trd, 431213.467, 104
Trd, 431213.800, 105
Trd, 431214.283, 91
Trd, 431214.883, 112
Trd, 431215.350, 114
Trd, 431215.550, 109
Trd, 431216.500, 97
Trd, 431216.667, 96
Trd, 431217.567, 105
Trd, 431218.983, 112
Trd, 431219.267, 109
Trd, 431219.300, 102
Trd, 431219.833, 110
Trd, 431220.117, 105
Trd, 431221.017, 110
Trd, 431223.150, 106
Trd, 431223.167, 104
Trd, 431224.000, 91
Trd, 431224.433, 90
Trd, 431225.700, 90
Trd, 431226.200, 100
Trd, 431227.600, 89
Trd, 431228.533, 90
Trd, 431229.400, 94
Trd, 431229.733, 101
Trd, 431230.333, 90
Trd, 431230.600, 97
Trd, 431231.017, 89
Trd, 431233.533, 95
Trd, 431233.900, 98
Trd, 431234.033, 101
Trd, 431234.167, 104
Trd, 431234.283, 106
Trd, 431235.300, 102
Trd, 431235.917, 102
Trd, 431235.983, 101
Trd, 431236.083, 100
Trd, 431236.467, 94
Trd, 431236.617, 108
Trd, 431237.283, 108
Trd, 431237.450, 91
Trd, 431237.500, 90
Trd, 431238.717, 91
Trd, 431238.900, 94
Trd, 431239.017, 90
Trd, 431240.983, 103
Trd, 431242.050, 103
Trd, 431243.333, 100
Trd, 431244.250, 104
Trd, 431244.833, 103
Trd, 431245.867, 104
Trd, 431246.550, 110
Trd, 431246.667, 104
Trd, 431246.883, 109
Trd, 431247.367, 104
Trd, 431248.867, 111
Trd, 431249.283, 112
Trd, 431249.400, 112
Trd, 431249.467, 115
Trd, 431250.633, 115
Trd, 431250.933, 110
Trd, 431251.300, 108
Trd, 431251.500, 116
Trd, 431251.517, 106
Trd, 431251.850, 101
Trd, 431252.417, 112
Trd, 431253.383, 94
Trd, 431253.500, 94
Trd, 431253.700, 96
Trd, 431254.133, 93
Trd, 431254.567, 93
Trd, 431255.450, 91
Trd, 431256.000, 99
Trd, 431256.017, 94
Trd, 431256.250, 93
Trd, 431256.633, 93
Trd, 431257.617, 112
Trd, 431257.700, 93
Trd, 431258.150, 92
Trd, 431258.617, 91
Trd, 431259.567, 90
Trd, 431259.617, 105
Trd, 431259.917, 90
Trd, 431260.350, 109
Trd, 431263.200, 109
Trd, 431264.017, 102
Trd, 431264.983, 95
Trd, 431265.500, 106
Trd, 431265.983, 98
Trd, 431266.817, 100
Trd, 431268.100, 102
Trd, 431268.550, 102
Trd, 431268.717, 103
Trd, 431268.733, 101
Trd, 431268.850, 104
Trd, 431268.950, 93
Trd, 431269.367, 89
Trd, 431270.400, 89
Trd, 431270.667, 87
Trd, 431271.583, 91
Trd, 431271.783, 94
Trd, 431272.950, 104
Trd, 431274.033, 95
Trd, 431274.867, 98
Trd, 431275.250, 103
Trd, 431275.633, 102
Trd, 431277.333, 104
Trd, 431277.833, 105
Trd, 431278.050, 106
Trd, 431278.750, 104
Trd, 431278.783, 110
Trd, 431279.450, 110
Trd, 431279.883, 98
Trd, 431281.000, 101
Trd, 431281.133, 99
Trd, 431281.200, 101
Trd, 431281.867, 93
Trd, 431282.867, 107
Trd, 431285.183, 102
Trd, 431285.450, 102
Trd, 431286.283, 103
Trd, 431286.967, 104
Trd, 431286.983, 111
Trd, 431287.683, 112
Trd, 431287.833, 104
Trd, 431289.183, 108
Trd, 431290.217, 106
Trd, 431290.517, 101
Trd, 431290.550, 110
Trd, 431291.317, 97
Trd, 431291.833, 102
Trd, 431291.850, 101
Trd, 431292.100, 112
Trd, 431292.783, 110
Trd, 431293.150, 109
Trd, 431293.700, 94
Trd, 431294.233, 95
Trd, 431294.767, 90
Trd, 431296.117, 93
Trd, 431296.683, 104
Trd, 431296.933, 93
Trd, 431297.483, 92
Trd, 431298.700, 93
Trd, 431299.450, 93
Trd, 431300.767, 104
Trd, 431301.567, 96
Trd, 431301.583, 98
Trd, 431301.733, 95
Trd, 431302.050, 106
Trd, 431302.933, 97
Trd, 431304.700, 98
Trd, 431304.750, 103
Trd, 431305.433, 97
Trd, 431306.333, 97
Trd, 431306.683, 98
Trd, 431307.017, 99
Trd, 431307.350, 99
Trd, 431307.400, 98
Trd, 431308.883, 94
Trd, 431309.467, 98
Trd, 431309.567, 93
Trd, 431310.683, 94
Trd, 431311.183, 90
Trd, 431311.717, 97
Trd, 431312.250, 98
Trd, 431313.317, 98
Trd, 431313.417, 97
Trd, 431313.783, 100
Trd, 431314.617, 98
Trd, 431314.900, 98
Trd, 431315.317, 100
Trd, 431315.883, 101
Trd, 431316.433, 106
Trd, 431316.833, 100
Trd, 431318.683, 95
Trd, 431320.000, 96
Trd, 431321.450, 103
Trd, 431322.500, 101
Trd, 431322.667, 101
Trd, 431323.133, 102
Trd, 431323.250, 101
Trd, 431323.750, 104
Trd, 431324.083, 100
Trd, 431324.383, 108
Trd, 431324.433, 98
Trd, 431325.800, 108
Trd, 431327.467, 95
Trd, 431327.667, 95
Trd, 431329.000, 98
Trd, 431329.700, 98
Trd, 431329.717, 97
Trd, 431329.950, 95
Trd, 431330.250, 104
Trd, 431330.317, 105
Trd, 431330.733, 94
Trd, 431330.900, 105
Trd, 431331.400, 93
Trd, 431331.500, 91
Trd, 431331.550, 87
Trd, 431331.950, 82
Trd, 431333.600, 90
Trd, 431335.817, 104
Trd, 431336.800, 104
Trd, 431337.383, 103
Trd, 431337.550, 99
Trd, 431337.633, 103
Trd, 431337.950, 97
Trd, 431338.150, 109
Trd, 431339.017, 115
Trd, 431339.850, 97
Trd, 431340.300, 107
Trd, 431340.733, 93
Trd, 431343.367, 102
Trd, 431343.783, 102
Trd, 431343.800, 106
Trd, 431344.400, 103
Trd, 431344.717, 103
Trd, 431345.067, 102
Trd, 431345.150, 101
Trd, 431346.250, 101
Trd, 431346.517, 99
Trd, 431347.733, 96
Trd, 431347.900, 100
Trd, 431349.433, 102
Trd, 431349.633, 101
Trd, 431350.533, 98
Trd, 431350.750, 91
Trd, 431351.283, 93
Trd, 431351.533, 104
Trd, 431351.600, 109
Trd, 431351.850, 106
Trd, 431353.067, 97
Trd, 431353.600, 98
Trd, 431354.367, 100
Trd, 431354.600, 109
Trd, 431355.150, 98
Trd, 431355.500, 108
Trd, 431358.017, 106
Trd, 431358.967, 104
Trd, 431359.883, 105
Trd, 431360.033, 104
Trd, 431360.600, 101
Trd, 431360.767, 101
Trd, 431361.133, 100
Trd, 431361.267, 106
Trd, 431361.633, 94
Trd, 431361.650, 96
Trd, 431362.067, 93
Trd, 431362.567, 91
Trd, 431363.233, 92
Trd, 431363.367, 93
Trd, 431364.500, 109
Trd, 431365.183, 88
Trd, 431366.617, 91
Trd, 431367.867, 102
Trd, 431369.133, 101
Trd, 431370.067, 95
Trd, 431370.267, 92
Trd, 431371.767, 99
Trd, 431372.650, 99
Trd, 431372.817, 99
Trd, 431373.600, 100
Trd, 431373.917, 101
Trd, 431374.500, 106
Trd, 431374.550, 100
Trd, 431374.617, 93
Trd, 431374.750, 111
Trd, 431374.867, 104
Trd, 431375.483, 91
Trd, 431375.650, 91
Trd, 431376.250, 92
Trd, 431376.283, 103
Trd, 431376.650, 91
Trd, 431378.783, 92
Trd, 431379.383, 102
Trd, 431379.800, 103
Trd, 431380.883, 100
Trd, 431381.083, 98
Trd, 431381.133, 103
Trd, 431382.983, 95
Trd, 431383.467, 97
Trd, 431383.950, 101
Trd, 431384.083, 105
Trd, 431385.300, 104
Trd, 431385.367, 102
Trd, 431385.667, 97
Trd, 431385.933, 93
Trd, 431386.417, 109
Trd, 431387.000, 115
Trd, 431387.250, 112
Trd, 431387.417, 91
Trd, 431388.883, 92
Trd, 431389.117, 112
Trd, 431389.500, 91
Trd, 431389.583, 90
Trd, 431390.317, 90
Trd, 431390.567, 88
Trd, 431393.250, 95
Trd, 431393.667, 94
Trd, 431394.217, 89
Trd, 431394.817, 99
Trd, 431395.050, 101
Trd, 431396.100, 97
Trd, 431396.500, 98
Trd, 431397.167, 103
Trd, 431397.317, 109
Trd, 431398.033, 107
Trd, 431398.167, 106
Trd, 431398.433, 105
Trd, 431398.533, 105
Trd, 431398.683, 113
Trd, 431398.767, 115
Trd, 431399.483, 104
Trd, 431400.150, 103
Trd, 431400.483, 87
Trd, 431401.183, 106
Trd, 431402.917, 104
Trd, 431403.133, 94
Trd, 431404.683, 104
Trd, 431404.967, 97
Trd, 431405.217, 97
Trd, 431405.667, 97
Trd, 431407.333, 93
Trd, 431407.567, 96
Trd, 431408.833, 93
Trd, 431409.483, 92
Trd, 431409.767, 92
Trd, 431410.433, 91
Trd, 431411.333, 93
Trd, 431411.500, 93
Trd, 431412.850, 99
Trd, 431413.150, 100
Trd, 431413.300, 99
Trd, 431413.517, 100
Trd, 431414.117, 101
Trd, 431414.667, 92
Trd, 431416.117, 97
Trd, 431416.733, 105
Trd, 431417.150, 94
Trd, 431417.267, 93
Trd, 431418.017, 109
Trd, 431418.100, 110
Trd, 431419.617, 109
Trd, 431419.717, 100
Trd, 431421.350, 105
Trd, 431421.633, 109
Trd, 431422.767, 104
Trd, 431423.250, 107
Trd, 431423.400, 106
Trd, 431424.183, 104
Trd, 431424.217, 101
Trd, 431425.100, 91
Trd, 431425.250, 102
Trd, 431426.367, 94
Trd, 431427.150, 90
Trd, 431428.283, 94
Trd, 431428.717, 95
Trd, 431428.917, 106
Trd, 431429.750, 108
Trd, 431430.383, 108
Trd, 431430.500, 97
Trd, 431431.100, 105
Trd, 431431.467, 108
Trd, 431431.600, 103
Trd, 431432.733, 105
Trd, 431433.300, 106
Trd, 431433.883, 104
Trd, 431434.133, 101
Trd, 431434.917, 93
Trd, 431436.150, 107
Trd, 431436.500, 93
Trd, 431437.167, 93
Trd, 431437.950, 95
Trd, 431438.217, 92
Trd, 431438.933, 90
Trd, 431439.633, 90
Trd, 431439.983, 90
Trd, 431440.300, 91
Trd, 431440.550, 90
Trd, 431441.917, 87
Trd, 431442.933, 99
Trd, 431443.400, 101
Trd, 431443.550, 96
Trd, 431445.200, 103
Trd, 431445.517, 105
Trd, 431445.583, 101
Trd, 431445.883, 107
Trd, 431446.967, 103
Trd, 431447.317, 106
Trd, 431447.650, 104
Trd, 431447.900, 102
Trd, 431448.267, 101
Trd, 431448.300, 105
Trd, 431449.067, 93
Trd, 431449.167, 91
Trd, 431450.900, 97
Trd, 431451.083, 97
Trd, 431451.150, 94
Trd, 431454.450, 103
Trd, 431454.867, 102
Trd, 431455.583, 105
Trd, 431455.683, 106
Trd, 431456.000, 105
Trd, 431456.200, 106
Trd, 431456.267, 104
Trd, 431456.383, 93
Trd, 431457.167, 88
Trd, 431457.900, 91
Trd, 431458.400, 92
Trd, 431458.633, 107
Trd, 431458.767, 92
Trd, 431459.467, 93
Trd, 431459.933, 109
Trd, 431461.300, 94
Trd, 431463.333, 97
Trd, 431463.800, 97
Trd, 431464.033, 98
Trd, 431464.617, 96
Trd, 431464.933, 99
Trd, 431465.417, 98
Trd, 431466.900, 96
Trd, 431467.133, 92
Trd, 431467.483, 101
Trd, 431469.417, 104
Trd, 431469.683, 94
Trd, 431470.967, 95
Trd, 431471.000, 94
Trd, 431472.367, 95
Trd, 431473.117, 94
Trd, 431473.200, 93
Trd, 431473.317, 94
Trd, 431473.550, 99
Trd, 431474.200, 95
Trd, 431474.683, 95
Trd, 431475.033, 95
Trd, 431475.883, 101
Trd, 431478.367, 100
Trd, 431478.450, 104
Trd, 431479.233, 111
Trd, 431479.450, 99
Trd, 431480.367, 97
Trd, 431482.133, 106
Trd, 431482.767, 102
Trd, 431482.883, 101
Trd, 431482.933, 100
Trd, 431483.450, 107
Trd, 431483.867, 102
Trd, 431484.533, 104
Trd, 431484.567, 101
Trd, 431485.550, 104
Trd, 431486.100, 104
Trd, 431487.217, 98
Trd, 431488.117, 99
Trd, 431488.283, 94
Trd, 431490.233, 94
Trd, 431491.567, 96
Trd, 431491.667, 97
Trd, 431491.717, 97
Trd, 431491.750, 98
Trd, 431491.817, 110
Trd, 431492.383, 109
Trd, 431493.100, 94
Trd, 431493.800, 96
Trd, 431493.967, 95
Trd, 431494.183, 107
Trd, 431495.150, 99
Trd, 431495.533, 100
Trd, 431495.767, 105
Trd, 431498.383, 102
Trd, 431498.617, 102
Trd, 431498.733, 101
Trd, 431499.267, 102
Trd, 431500.050, 103
Trd, 431500.183, 104
Trd, 431500.333, 109
Trd, 431500.683, 100
Trd, 431501.383, 100
Trd, 431501.467, 93
Trd, 431502.300, 107
Trd, 431502.600, 101
Trd, 431506.567, 95
Trd, 431507.083, 94
Trd, 431508.267, 96
Trd, 431508.433, 93
Trd, 431508.750, 101
Trd, 431509.267, 94
Trd, 431509.417, 94
Trd, 431509.917, 104
Trd, 431510.383, 93
Trd, 431512.117, 101
Trd, 431512.233, 101
Trd, 431512.483, 100
Trd, 431512.550, 99
Trd, 431513.417, 100
Trd, 431514.267, 93
Trd, 431515.867, 93
Trd, 431516.983, 98
Trd, 431517.133, 101
Trd, 431517.367, 99
Trd, 431518.067, 101
Trd, 431519.150, 101
Trd, 431519.500, 101
Trd, 431520.283, 94
Trd, 431520.883, 93
Trd, 431521.583, 96
Trd, 431521.967, 98
Trd, 431522.000, 101
Trd, 431522.267, 93
Trd, 431523.117, 104
Trd, 431523.517, 106
Trd, 431523.933, 105
Trd, 431523.950, 109
Trd, 431524.800, 96
Trd, 431525.300, 90
Trd, 431527.167, 92
Trd, 431527.283, 92
Trd, 431527.750, 92
Trd, 431529.317, 106
Trd, 431529.550, 109
Trd, 431529.783, 95
Trd, 431531.583, 98
Trd, 431531.917, 97
Trd, 431532.500, 99
Trd, 431532.517, 101
Trd, 431532.867, 98
Trd, 431533.200, 97
Trd, 431534.450, 101
Trd, 431534.850, 100
Trd, 431535.500, 98
Trd, 431535.667, 93
Trd, 431535.733, 99
Trd, 431536.700, 106
Trd, 431537.400, 90
Trd, 431538.883, 94
Trd, 431539.367, 99
Trd, 431540.367, 100
Trd, 431540.883, 100
Trd, 431541.150, 99
Trd, 431541.200, 100
Trd, 431542.650, 101
Trd, 431543.433, 106
Trd, 431544.183, 97
Trd, 431544.783, 95
Trd, 431544.883, 96
Trd, 431545.133, 96
Trd, 431545.850, 113
Trd, 431546.017, 96
Trd, 431546.233, 93
Trd, 431548.217, 94
Trd, 431548.717, 94
Trd, 431549.117, 98
Trd, 431550.150, 107
Trd, 431551.217, 98
Trd, 431551.383, 102
Trd, 431552.733, 104
Trd, 431553.050, 103
Trd, 431553.383, 102
Trd, 431553.717, 103
Trd, 431554.217, 104
Trd, 431554.300, 101
Trd, 431555.233, 93
Trd, 431555.400, 91
Trd, 431555.850, 103
Trd, 431556.017, 89
Trd, 431557.217, 104
Trd, 431557.733, 92
Trd, 431558.617, 93
Trd, 431559.000, 93
Trd, 431559.900, 95
Trd, 431560.533, 98
Trd, 431560.600, 88
Trd, 431561.917, 106
Trd, 431562.883, 101
Trd, 431563.300, 89
Trd, 431563.417, 89
Trd, 431564.317, 104
Trd, 431564.433, 90
Trd, 431565.783, 98
Trd, 431566.850, 102
Trd, 431567.900, 103
Trd, 431568.200, 103
Trd, 431568.317, 100
Trd, 431568.550, 98
Trd, 431569.067, 104
Trd, 431569.400, 106
Trd, 431570.717, 106
Trd, 431572.800, 104
Trd, 431572.850, 104
Trd, 431573.833, 106
Trd, 431574.267, 105
Trd, 431574.283, 104
Trd, 431574.583, 106
Trd, 431575.233, 104
Trd, 431575.717, 111
Trd, 431576.833, 103
Trd, 431577.367, 102
Trd, 431577.917, 101
Trd, 431579.133, 96
Trd, 431580.850, 102
Trd, 431581.050, 101
Trd, 431581.100, 100
Trd, 431581.200, 98
Trd, 431581.250, 106
Trd, 431581.900, 95
Trd, 431581.967, 93
Trd, 431582.383, 105
Trd, 431582.867, 92
Trd, 431584.083, 94
Trd, 431584.250, 93
Trd, 431584.300, 101
Trd, 431584.650, 90
Trd, 431585.800, 90
Trd, 431586.233, 91
Trd, 431587.133, 95
Trd, 431587.400, 95
Trd, 431587.683, 96
Trd, 431587.833, 95
Trd, 431588.017, 98
Trd, 431588.167, 106
Trd, 431588.433, 115
Trd, 431588.967, 96
Trd, 431589.783, 93
Trd, 431590.950, 92
Trd, 431591.900, 92
Trd, 431593.417, 92
Trd, 431595.850, 94
Trd, 431595.917, 95
Trd, 431597.033, 97
Trd, 431597.483, 98
Trd, 431597.883, 100
Trd, 431598.717, 99
Trd, 431599.017, 100
Trd, 431599.083, 98
Trd, 431599.233, 91
Trd, 431599.567, 101
Trd, 431600.967, 96
Trd, 431602.000, 108
Trd, 431602.117, 99
Trd, 431602.150, 97
Trd, 431603.450, 97
Trd, 431604.833, 97
Trd, 431605.350, 93
Trd, 431606.133, 106
Trd, 431607.483, 104
Trd, 431607.633, 104
Trd, 431608.133, 104
Trd, 431609.100, 104
Trd, 431610.333, 106
Trd, 431610.867, 105
Trd, 431610.950, 107
Trd, 431611.167, 104
Trd, 431613.533, 104
Trd, 431614.367, 94
Trd, 431614.783, 93
Trd, 431615.100, 106
Trd, 431615.683, 106
Trd, 431615.950, 107
Trd, 431616.000, 106
Trd, 431616.283, 93
Trd, 431618.167, 90
Trd, 431618.883, 88
Trd, 431619.417, 88
Trd, 431619.467, 89
Trd, 431619.483, 87
Trd, 431619.917, 94
Trd, 431620.167, 90
Trd, 431621.717, 106
Trd, 431622.133, 98
Trd, 431622.267, 106
Trd, 431624.783, 98
Trd, 431624.950, 98
Trd, 431625.400, 109
Trd, 431626.050, 100
Trd, 431627.000, 104
Trd, 431627.450, 104
Trd, 431627.800, 104
Trd, 431628.050, 103
Trd, 431628.250, 103
Trd, 431628.550, 101
Trd, 431629.383, 102
Trd, 431629.867, 98
Trd, 431630.600, 91
Trd, 431631.133, 91
Trd, 431631.833, 106
Trd, 431632.900, 90
Trd, 431634.350, 94
Trd, 431634.667, 98
Trd, 431635.067, 91
Trd, 431635.417, 99
Trd, 431636.250, 91
Trd, 431637.317, 104
Trd, 431637.367, 109
Trd, 431637.933, 100
Trd, 431638.000, 99
Trd, 431638.500, 100
Trd, 431639.317, 101
Trd, 431639.433, 100
Trd, 431639.900, 99
Trd, 431641.017, 105
Trd, 431641.650, 100
Trd, 431641.767, 106
Trd, 431642.800, 93
Trd, 431644.150, 93
Trd, 431644.417, 108
Trd, 431644.800, 105
Trd, 431645.383, 107
Trd, 431645.483, 93
Trd, 431646.000, 94
Trd, 431646.700, 97
Trd, 431647.717, 99
Trd, 431648.483, 98
Trd, 431648.883, 93
Trd, 431649.950, 97
Trd, 431650.767, 97
Trd, 431651.000, 93
Trd, 431652.350, 98
Trd, 431652.750, 99
Trd, 431653.283, 99
Trd, 431653.633, 99
Trd, 431653.800, 101
Trd, 431653.900, 98
Trd, 431653.950, 106
Trd, 431655.117, 109
Trd, 431656.033, 110
Trd, 431656.700, 110
Trd, 431657.000, 96
Trd, 431659.800, 102
Trd, 431660.817, 96
Trd, 431661.267, 102
Trd, 431661.483, 103
Trd, 431662.100, 109
Trd, 431662.583, 99
Trd, 431663.317, 100
Trd, 431663.450, 98
Trd, 431664.633, 93
Trd, 431664.817, 91
Trd, 431665.200, 92
Trd, 431665.750, 93
Trd, 431666.667, 98
Trd, 431667.100, 98
Trd, 431667.250, 97
Trd, 431667.667, 104
Trd, 431667.917, 104
Trd, 431669.017, 98
Trd, 431669.233, 98
Trd, 431670.500, 100
Trd, 431670.750, 99
Trd, 431671.517, 99
Trd, 431671.817, 100
Trd, 431672.550, 95
Trd, 431673.000, 102
Trd, 431673.583, 97
Trd, 431673.750, 107
Trd, 431674.383, 93
Trd, 431676.733, 94
Trd, 431677.550, 93
Trd, 431677.650, 104
Trd, 431678.000, 105
Trd, 431679.867, 98
Trd, 431680.783, 101
Trd, 431681.000, 102
Trd, 431681.583, 102
Trd, 431682.083, 104
Trd, 431682.283, 105
Trd, 431682.367, 96
Trd, 431685.250, 102
Trd, 431685.433, 103
Trd, 431685.567, 101
Trd, 431685.650, 96
Trd, 431686.183, 91
Trd, 431687.183, 93
Trd, 431687.550, 92
Trd, 431687.817, 103
Trd, 431689.683, 101
Trd, 431690.000, 103
Trd, 431690.267, 103
Trd, 431691.383, 102
Trd, 431692.317, 108
Trd, 431692.883, 93
Trd, 431693.500, 106
Trd, 431693.650, 97
Trd, 431693.717, 109
Trd, 431694.067, 113
Trd, 431694.417, 113
Trd, 431696.800, 99
Trd, 431697.117, 99
Trd, 431697.817, 100
Trd, 431698.500, 103
Trd, 431698.967, 104
Trd, 431699.917, 94
Trd, 431700.000, 93
Trd, 431700.617, 100
Trd, 431701.850, 99
Trd, 431702.050, 100
Trd, 431702.283, 101
Trd, 431705.117, 104
Trd, 431705.267, 109
Trd, 431705.283, 112
Trd, 431706.700, 105
Trd, 431706.783, 104
Trd, 431707.750, 104
Trd, 431707.983, 107
Trd, 431708.783, 95
Trd, 431709.167, 91
Trd, 431709.450, 107
Trd, 431710.417, 103
Trd, 431710.950, 94
Trd, 431711.850, 98
Trd, 431712.300, 98
Trd, 431712.800, 105
Trd, 431712.917, 100
Trd, 431713.083, 106
Trd, 431713.900, 109
Trd, 431716.333, 103
Trd, 431716.350, 102
Trd, 431716.417, 101
Trd, 431716.550, 90
Trd, 431717.033, 109
Trd, 431717.217, 112
Trd, 431719.633, 110
Trd, 431720.350, 104
Trd, 431720.383, 109
Trd, 431721.400, 106
Trd, 431721.817, 106
Trd, 431722.017, 105
Trd, 431723.500, 102
Trd, 431723.517, 101
Trd, 431725.117, 96
Trd, 431725.133, 95
Trd, 431725.450, 93
Trd, 431725.583, 98
Trd, 431725.750, 93
Trd, 431726.567, 98
Trd, 431727.000, 93
Trd, 431727.233, 101
Trd, 431727.300, 91
Trd, 431727.767, 112
Trd, 431728.950, 114
Trd, 431729.067, 113
Trd, 431729.767, 124
Trd, 431730.133, 112
Trd, 431732.350, 107
Trd, 431733.750, 106
Trd, 431734.233, 105
Trd, 431735.667, 104
Trd, 431735.683, 101
Trd, 431735.800, 97
Trd, 431736.683, 91
Trd, 431736.733, 90
Trd, 431737.200, 99
Trd, 431737.250, 89
Trd, 431739.133, 96
Trd, 431739.600, 97
Trd, 431739.683, 98
Trd, 431740.417, 97
Trd, 431741.450, 100
Trd, 431741.700, 96
Trd, 431742.867, 98
Trd, 431743.950, 96
Trd, 431744.067, 93
Trd, 431744.317, 98
Trd, 431744.633, 92
Trd, 431744.783, 103
Trd, 431745.050, 107
Trd, 431745.400, 94
Trd, 431747.250, 100
Trd, 431748.333, 108
Trd, 431748.650, 104
Trd, 431748.733, 103
Trd, 431750.267, 104
Trd, 431751.917, 94
Trd, 431752.733, 95
Trd, 431752.850, 94
Trd, 431753.017, 92
Trd, 431753.550, 90
Trd, 431753.850, 91
Trd, 431754.517, 95
Trd, 431755.117, 98
Trd, 431755.200, 101
Trd, 431756.100, 99
Trd, 431757.450, 101
Trd, 431758.067, 103
Trd, 431758.817, 104
Trd, 431758.967, 103
Trd, 431759.850, 103
Trd, 431759.883, 102
Trd, 431761.133, 101
Trd, 431761.717, 97
Trd, 431761.783, 101
Trd, 431762.117, 103
Trd, 431762.800, 106
Trd, 431763.400, 108
Trd, 431763.900, 95
Trd, 431764.283, 99
Trd, 431764.717, 98
Trd, 431764.917, 112
Trd, 431765.967, 101
Trd, 431767.433, 109
Trd, 431768.383, 109
Trd, 431768.733, 111
Trd, 431768.883, 109
Trd, 431768.967, 106
Trd, 431769.400, 105
Trd, 431769.550, 110
Trd, 431769.700, 113
Trd, 431771.733, 104
Trd, 431772.133, 106
Trd, 431772.317, 104
Trd, 431772.467, 102
Trd, 431772.500, 115
Trd, 431772.750, 101
Trd, 431774.283, 104
Trd, 431774.817, 105
Trd, 431775.983, 101
Trd, 431777.967, 94
Trd, 431778.100, 98
Trd, 431778.233, 99
Trd, 431778.250, 101
Trd, 431779.383, 105
Trd, 431779.983, 97
Trd, 431780.783, 93
Trd, 431781.867, 97
Trd, 431783.183, 95
Trd, 431783.800, 98
Trd, 431784.533, 99
Trd, 431785.067, 97
Trd, 431785.367, 103
Trd, 431786.933, 97
Trd, 431786.967, 95
Trd, 431787.100, 93
Trd, 431787.250, 99
Trd, 431787.333, 90
Trd, 431788.200, 107
Trd, 431788.383, 92
Trd, 431790.650, 101
Trd, 431790.850, 98
Trd, 431790.950, 100
Trd, 431792.767, 103
Trd, 431792.917, 101
Trd, 431793.450, 101
Trd, 431793.800, 100
Trd, 431794.483, 101
Trd, 431794.500, 103
Trd, 431795.617, 96
Trd, 431795.833, 110
Trd, 431797.083, 97
Trd, 431797.483, 101
Trd, 431797.500, 95
Trd, 431797.767, 103
Trd, 431798.717, 93
Trd, 431799.350, 92
Trd, 431799.483, 101
Trd, 431801.633, 95
Trd, 431801.817, 96
Trd, 431802.650, 97
Trd, 431802.783, 96
Trd, 431803.267, 97
Trd, 431804.267, 98
Trd, 431805.617, 101
Trd, 431806.067, 101
Trd, 431806.800, 107
Trd, 431806.850, 100
Trd, 431807.517, 94
Trd, 431807.983, 108
Trd, 431808.233, 93
Trd, 431809.000, 113
Trd, 431809.217, 115
Trd, 431809.933, 93
Trd, 431810.133, 92
Trd, 431811.500, 96
Trd, 431811.750, 101
Trd, 431812.650, 95
Trd, 431813.317, 100
Trd, 431813.467, 96
Trd, 431813.650, 93
Trd, 431813.750, 100
Trd, 431815.200, 98
Trd, 431815.783, 98
Trd, 431817.200, 100
Trd, 431818.583, 101
Trd, 431819.367, 98
Trd, 431819.617, 102
Trd, 431820.583, 99
Trd, 431820.817, 98
Trd, 431822.250, 92
Trd, 431822.783, 91
Trd, 431823.500, 90
Trd, 431823.583, 87
Trd, 431823.867, 83
Trd, 431823.917, 92
Trd, 431824.300, 91
Trd, 431824.867, 93
Trd, 431826.150, 101
Trd, 431827.133, 104
Trd, 431828.083, 100
Trd, 431828.733, 104
Trd, 431829.367, 104
Trd, 431829.917, 106
Trd, 431830.350, 107
Trd, 431830.617, 106
Trd, 431831.233, 109
Trd, 431831.283, 113
Trd, 431832.000, 108
Trd, 431832.100, 108
Trd, 431832.950, 104
Trd, 431833.300, 106
Trd, 431833.317, 110
Trd, 431833.600, 101
Trd, 431833.650, 93
Trd, 431833.667, 91
Trd, 431834.117, 90
Trd, 431836.067, 99
Trd, 431836.300, 109
Trd, 431837.750, 98
Trd, 431837.867, 93
Trd, 431839.583, 98
Trd, 431839.750, 98
Trd, 431839.783, 99
Trd, 431839.967, 97
Trd, 431840.117, 107
Trd, 431842.367, 96
Trd, 431842.800, 96
Trd, 431843.183, 97
Trd, 431843.300, 97
Trd, 431843.383, 90
Trd, 431844.600, 94
Trd, 431844.750, 104
Trd, 431846.150, 103
Trd, 431846.517, 105
Trd, 431846.850, 95
Trd, 431846.883, 107
Trd, 431848.633, 94
Trd, 431849.217, 94
Trd, 431849.800, 91
Trd, 431850.417, 91
Trd, 431852.667, 105
Trd, 431853.467, 104
Trd, 431853.600, 106
Trd, 431855.417, 103
Trd, 431855.450, 106
Trd, 431855.850, 103
Trd, 431856.867, 104
Trd, 431856.883, 107
Trd, 431857.167, 105
Trd, 431857.650, 109
Trd, 431857.933, 107
Trd, 431858.000, 106
Trd, 431858.517, 110
Trd, 431858.867, 102
Trd, 431861.233, 104
Trd, 431861.283, 101
Trd, 431861.767, 108
Trd, 431861.900, 93
Trd, 431863.183, 113
Trd, 431863.950, 112
Trd, 431864.383, 111
Trd, 431864.517, 110
Trd, 431864.700, 108
Trd, 431865.283, 111
Trd, 431866.417, 106
Trd, 431867.150, 105
Trd, 431867.517, 104
Trd, 431868.667, 96
Trd, 431869.267, 93
Trd, 431869.700, 108
Trd, 431870.183, 110
Trd, 431871.383, 97
Trd, 431871.883, 107
Trd, 431872.283, 98
Trd, 431872.317, 95
Trd, 431873.283, 93
Trd, 431873.833, 92
Trd, 431874.217, 103
Trd, 431874.367, 103
Trd, 431875.317, 101
Trd, 431875.633, 100
Trd, 431876.667, 100
Trd, 431877.000, 100
Trd, 431877.450, 104
Trd, 431878.417, 108
Trd, 431878.550, 102
Trd, 431879.383, 100
Trd, 431879.500, 99
Trd, 431880.583, 105
Trd, 431881.233, 92
Trd, 431882.317, 107
Trd, 431882.917, 95
Trd, 431883.450, 94
Trd, 431884.067, 112
Trd, 431884.267, 107
Trd, 431885.817, 97
Trd, 431886.083, 93
Trd, 431886.883, 96
Trd, 431887.883, 96
Trd, 431888.333, 97
Trd, 431888.617, 96
Trd, 431889.967, 98
Trd, 431890.217, 97
Trd, 431890.833, 96
Trd, 431891.633, 101
Trd, 431891.817, 93
Trd, 431892.183, 91
Trd, 431892.550, 90
Trd, 431893.900, 102
Trd, 431895.833, 90
Trd, 431896.050, 89
Trd, 431896.167, 91
Trd, 431896.350, 102
Trd, 431896.517, 87
Trd, 431898.250, 100
Trd, 431898.333, 98
Trd, 431898.550, 100
Trd, 431898.567, 104
Trd, 431898.767, 97
Trd, 431899.183, 96
Trd, 431900.367, 98
Trd, 431901.200, 96
Trd, 431902.233, 99
Trd, 431902.600, 99
Trd, 431902.783, 98
Trd, 431903.017, 104
Trd, 431903.050, 108
Trd, 431903.150, 91
Trd, 431903.717, 92
Trd, 431905.233, 95
Trd, 431905.450, 94
Trd, 431905.667, 93
Trd, 431906.483, 93
Trd, 431906.850, 100
Trd, 431908.800, 98
Trd, 431909.600, 93
Trd, 431909.683, 100
Trd, 431910.450, 93
Trd, 431910.917, 101
Trd, 431911.317, 94
Trd, 431911.683, 93
Trd, 431913.367, 98
Trd, 431914.250, 96
Trd, 431915.067, 98
Trd, 431915.167, 96
Trd, 431915.350, 95
Trd, 431915.800, 95
Trd, 431916.550, 98
Trd, 431917.467, 91
Trd, 431917.717, 104
Trd, 431920.467, 93
Trd, 431921.017, 100
Trd, 431921.517, 96
Trd, 431921.533, 95
Trd, 431921.583, 93
Trd, 431922.033, 101
Trd, 431923.450, 100
Trd, 431923.800, 94
Trd, 431924.083, 106
Trd, 431924.333, 95
Trd, 431924.767, 93
Trd, 431926.350, 100
Trd, 431926.767, 101
Trd, 431926.883, 100
Trd, 431926.983, 99
Trd, 431927.467, 105
Trd, 431929.533, 102
Trd, 431929.883, 103
Trd, 431929.967, 106
Trd, 431930.417, 109
Trd, 431930.567, 102
Trd, 431931.583, 103
Trd, 431933.267, 102
Trd, 431934.317, 103
Trd, 431934.450, 103
Trd, 431934.567, 104
Trd, 431934.717, 102
Trd, 431934.950, 103
Trd, 431935.450, 102
Trd, 431935.833, 101
Trd, 431935.983, 103
Trd, 431937.067, 94
Trd, 431937.083, 93
Trd, 431937.383, 106
Trd, 431937.517, 90
Trd, 431937.917, 109
Trd, 431938.933, 89
Trd, 431940.483, 89
Trd, 431943.283, 90
Trd, 431943.617, 100
Trd, 431943.767, 90
Trd, 431943.950, 90
Trd, 431944.700, 96
Trd, 431944.850, 94
Trd, 431944.967, 97
Trd, 431945.083, 96
Trd, 431945.300, 95
Trd, 431945.783, 98
Trd, 431946.483, 105
Trd, 431947.783, 105
Trd, 431948.283, 104
Trd, 431949.350, 105
Trd, 431949.467, 106
Trd, 431949.783, 106
Trd, 431950.283, 110
Trd, 431950.867, 95
Trd, 431950.883, 93
Trd, 431951.267, 105
Trd, 431953.267, 96
Trd, 431953.350, 95
Trd, 431953.483, 94
Trd, 431954.633, 95
Trd, 431954.850, 95
Trd, 431954.883, 94
Trd, 431956.133, 99
Trd, 431956.217, 102
Trd, 431956.967, 92
Trd, 431957.500, 90
Trd, 431959.650, 99
Trd, 431959.883, 96
Trd, 431960.233, 97
Trd, 431960.333, 95
Trd, 431960.567, 106
Trd, 431961.100, 96
Trd, 431962.083, 102
Trd, 431963.683, 98
Trd, 431964.217, 101
Trd, 431964.500, 93
Trd, 431965.667, 103
Trd, 431966.100, 99
Trd, 431966.167, 102
Trd, 431967.467, 101
Trd, 431967.983, 100
Trd, 431968.067, 109
Trd, 431968.617, 99
Trd, 431969.167, 93
Trd, 431970.783, 94
Trd, 431971.667, 103
Trd, 431973.533, 103
Trd, 431974.333, 103
Trd, 431975.317, 103
Trd, 431975.500, 102
Trd, 431975.917, 101
Trd, 431976.100, 107
Trd, 431976.800, 104
Trd, 431976.883, 104
Trd, 431976.933, 108
Trd, 431977.200, 101
Trd, 431977.533, 94
Trd, 431978.017, 107
Trd, 431978.217, 107
Trd, 431979.350, 99
Trd, 431979.483, 99
Trd, 431979.600, 98
Trd, 431979.667, 109
Trd, 431979.717, 97
Trd, 431981.433, 102
Trd, 431982.217, 100
Trd, 431982.250, 109
Trd, 431983.683, 105
Trd, 431984.550, 109
Trd, 431985.333, 107
Trd, 431987.617, 97
Trd, 431987.800, 106
Trd, 431987.967, 95
Trd, 431988.267, 111
Trd, 431988.633, 94
Trd, 431989.633, 94
Trd, 431990.683, 93
Trd, 431990.817, 98
Trd, 431991.033, 98
Trd, 431991.433, 92
Trd, 431992.400, 93
Trd, 431992.733, 102
Trd, 431992.850, 92
Trd, 431994.933, 102
Trd, 431995.267, 96
Trd, 431995.633, 102
Trd, 431996.067, 96
Trd, 431996.167, 93
Trd, 431996.367, 95
Trd, 431997.183, 97
Trd, 431998.300, 101
Trd, 431999.433, 104
