Trd, 430643.633, 86
Trd, 430643.817, 100
Trd, 430644.233, 100
Trd, 430646.433, 98
Trd, 430646.850, 95
Trd, 430646.883, 94
Trd, 430647.083, 99
Trd, 430648.533, 91
Trd, 430648.833, 106
Trd, 430649.033, 84
Trd, 430649.450, 108
Trd, 430650.817, 99
Trd, 430651.450, 78
Trd, 430651.617, 112
Trd, 430652.400, 80
Trd, 430652.700, 78
Trd, 430652.833, 79
Trd, 430653.367, 112
Trd, 430654.117, 93
Trd, 430654.933, 78
Trd, 430655.500, 87
Trd, 430655.767, 94
Trd, 430656.517, 116
Trd, 430657.400, 85
Trd, 430658.450, 105
Trd, 430658.733, 91
Trd, 430659.617, 100
Trd, 430659.750, 85
Trd, 430661.133, 99
Trd, 430661.983, 89
Trd, 430662.583, 104
Trd, 430663.633, 112
Trd, 430664.267, 92
Trd, 430665.967, 112
Trd, 430665.983, 76
Trd, 430666.817, 91
Trd, 430667.233, 106
Trd, 430667.467, 105
Trd, 430668.433, 104
Trd, 430668.567, 97
Trd, 430670.083, 103
Trd, 430670.250, 100
Trd, 430670.750, 99
Trd, 430671.300, 108
Trd, 430673.350, 103
Trd, 430674.700, 107
Trd, 430675.283, 108
Trd, 430676.117, 106
Trd, 430676.567, 96
Trd, 430676.983, 94
Trd, 430678.533, 89
Trd, 430678.700, 88
Trd, 430678.950, 92
Trd, 430679.250, 98
Trd, 430679.517, 101
Trd, 430680.083, 111
Trd, 430681.233, 87
Trd, 430682.517, 105
Trd, 430683.350, 100
Trd, 430683.367, 112
Trd, 430683.700, 92
Trd, 430686.650, 99
Trd, 430687.233, 91
Trd, 430687.567, 88
Trd, 430687.750, 76
Trd, 430688.000, 75
Trd, 430688.800, 99
Trd, 430689.867, 101
Trd, 430690.117, 104
Trd, 430690.550, 101
Trd, 430693.217, 106
Trd, 430693.567, 104
Trd, 430694.000, 104
Trd, 430694.200, 87
Trd, 430694.283, 92
Trd, 430694.683, 93
Trd, 430695.550, 104
Trd, 430695.617, 110
Trd, 430696.967, 113
Trd, 430697.283, 101
Trd, 430698.333, 110
Trd, 430699.667, 106
Trd, 430700.000, 95
Trd, 430702.917, 99
Trd, 430703.217, 101
Trd, 430703.250, 91
Trd, 430704.417, 97
Trd, 430704.967, 101
Trd, 430706.033, 101
Trd, 430706.050, 100
Trd, 430706.583, 87
Trd, 430706.933, 76
Trd, 430707.800, 92
Trd, 430708.367, 104
Trd, 430708.417, 106
Trd, 430708.833, 112
Trd, 430710.133, 109
Trd, 430711.250, 116
Trd, 430711.350, 108
Trd, 430712.733, 106
Trd, 430713.000, 94
Trd, 430714.017, 88
Trd, 430714.783, 101
Trd, 430715.083, 101
Trd, 430715.700, 107
Trd, 430717.183, 82
Trd, 430719.683, 98
Trd, 430719.800, 97
Trd, 430720.067, 103
Trd, 430720.517, 104
Trd, 430722.600, 106
Trd, 430722.617, 108
Trd, 430722.750, 94
Trd, 430723.800, 106
Trd, 430724.483, 87
Trd, 430725.300, 89
Trd, 430725.800, 97
Trd, 430726.133, 90
Trd, 430726.550, 87
Trd, 430727.100, 97
Trd, 430727.433, 98
Trd, 430727.450, 104
Trd, 430727.733, 92
Trd, 430728.817, 117
Trd, 430731.150, 104
Trd, 430731.900, 102
Trd, 430732.117, 105
Trd, 430732.300, 107
Trd, 430732.800, 94
Trd, 430733.717, 107
Trd, 430734.550, 92
Trd, 430735.200, 109
Trd, 430736.867, 100
Trd, 430737.500, 100
Trd, 430737.667, 98
Trd, 430739.167, 91
Trd, 430739.433, 108
Trd, 430740.450, 98
Trd, 430740.483, 87
Trd, 430740.717, 99
Trd, 430740.900, 79
Trd, 430741.983, 111
Trd, 430742.183, 73
Trd, 430742.467, 114
Trd, 430744.800, 101
Trd, 430745.017, 114
Trd, 430746.067, 85
Trd, 430746.317, 104
Trd, 430747.900, 114
Trd, 430748.300, 88
Trd, 430749.417, 104
Trd, 430749.700, 98
Trd, 430750.350, 96
Trd, 430750.833, 107
Trd, 430752.050, 107
Trd, 430752.717, 92
Trd, 430753.183, 110
Trd, 430753.783, 113
Trd, 430754.167, 117
Trd, 430755.050, 120
Trd, 430755.717, 119
Trd, 430755.983, 116
Trd, 430758.383, 93
Trd, 430758.733, 96
Trd, 430759.800, 100
Trd, 430762.050, 87
Trd, 430762.333, 84
Trd, 430763.417, 83
Trd, 430763.450, 81
Trd, 430765.983, 90
Trd, 430767.150, 78
Trd, 430767.333, 92
Trd, 430767.450, 79
Trd, 430767.583, 93
Trd, 430769.367, 101
Trd, 430769.533, 90
Trd, 430770.283, 100
Trd, 430770.750, 89
Trd, 430770.983, 101
Trd, 430771.433, 90
Trd, 430772.333, 101
Trd, 430773.267, 103
Trd, 430773.683, 104
Trd, 430774.117, 91
Trd, 430775.317, 103
Trd, 430776.100, 101
Trd, 430776.350, 101
Trd, 430776.867, 103
Trd, 430777.217, 87
Trd, 430779.467, 98
Trd, 430780.017, 99
Trd, 430780.433, 100
Trd, 430780.733, 93
Trd, 430780.783, 104
Trd, 430781.150, 106
Trd, 430782.683, 96
Trd, 430782.817, 88
Trd, 430783.350, 113
Trd, 430783.717, 97
Trd, 430783.950, 87
Trd, 430785.383, 96
Trd, 430785.500, 72
Trd, 430786.467, 98
Trd, 430786.517, 108
Trd, 430789.267, 93
Trd, 430789.867, 111
Trd, 430791.500, 107
Trd, 430792.267, 105
Trd, 430793.017, 106
Trd, 430793.617, 112
Trd, 430793.967, 104
Trd, 430794.467, 93
Trd, 430794.500, 104
Trd, 430794.617, 111
Trd, 430794.633, 87
Trd, 430794.717, 112
Trd, 430795.733, 107
Trd, 430796.217, 106
Trd, 430798.450, 97
Trd, 430798.600, 100
Trd, 430798.683, 89
Trd, 430800.950, 89
Trd, 430800.983, 103
Trd, 430801.483, 98
Trd, 430801.517, 88
Trd, 430802.317, 104
Trd, 430803.367, 110
Trd, 430805.450, 103
Trd, 430805.867, 89
Trd, 430806.050, 87
Trd, 430806.483, 112
Trd, 430807.350, 86
Trd, 430807.367, 95
Trd, 430809.000, 101
Trd, 430809.567, 101
Trd, 430810.267, 97
Trd, 430810.733, 99
Trd, 430811.433, 104
Trd, 430811.767, 102
Trd, 430811.867, 87
Trd, 430812.217, 106
Trd, 430812.433, 90
Trd, 430813.550, 92
Trd, 430814.600, 111
Trd, 430815.133, 93
Trd, 430817.317, 94
Trd, 430817.383, 87
Trd, 430818.600, 99
Trd, 430818.783, 99
Trd, 430818.817, 101
Trd, 430818.950, 104
Trd, 430820.550, 113
Trd, 430822.017, 112
Trd, 430822.033, 111
Trd, 430822.867, 103
Trd, 430823.333, 92
Trd, 430824.000, 89
Trd, 430824.100, 98
Trd, 430824.167, 87
Trd, 430825.750, 100
Trd, 430826.517, 108
Trd, 430827.033, 106
Trd, 430827.317, 85
Trd, 430827.367, 107
Trd, 430827.783, 106
Trd, 430828.250, 91
Trd, 430830.733, 95
Trd, 430832.733, 95
Trd, 430832.933, 101
Trd, 430833.200, 101
Trd, 430834.017, 101
Trd, 430834.233, 96
Trd, 430834.667, 85
Trd, 430834.700, 102
Trd, 430835.250, 112
Trd, 430836.467, 99
Trd, 430836.733, 101
Trd, 430837.850, 82
Trd, 430840.583, 87
Trd, 430841.117, 101
Trd, 430841.233, 102
Trd, 430841.950, 98
Trd, 430841.983, 89
Trd, 430843.450, 99
Trd, 430844.217, 90
Trd, 430844.950, 87
Trd, 430845.283, 101
Trd, 430846.267, 104
Trd, 430847.067, 87
Trd, 430847.533, 105
Trd, 430847.983, 105
Trd, 430848.033, 106
Trd, 430849.567, 89
Trd, 430849.800, 80
Trd, 430850.150, 80
Trd, 430851.983, 105
Trd, 430852.633, 95
Trd, 430852.650, 109
Trd, 430853.467, 105
Trd, 430853.683, 87
Trd, 430855.233, 110
Trd, 430857.200, 108
Trd, 430857.217, 106
Trd, 430857.350, 95
Trd, 430857.533, 95
Trd, 430858.650, 97
Trd, 430859.533, 84
Trd, 430859.983, 106
Trd, 430860.000, 108
Trd, 430860.550, 93
Trd, 430863.033, 92
Trd, 430863.483, 103
Trd, 430866.067, 101
Trd, 430866.300, 103
Trd, 430866.583, 99
Trd, 430867.917, 104
Trd, 430868.917, 106
Trd, 430869.033, 98
Trd, 430869.383, 112
Trd, 430870.317, 97
Trd, 430871.100, 92
Trd, 430871.183, 107
Trd, 430871.483, 111
Trd, 430872.583, 99
Trd, 430873.133, 92
Trd, 430873.583, 98
Trd, 430874.117, 89
Trd, 430874.333, 87
Trd, 430875.233, 101
Trd, 430876.467, 99
Trd, 430876.650, 101
Trd, 430877.367, 115
Trd, 430877.400, 94
Trd, 430878.800, 76
Trd, 430880.100, 100
Trd, 430880.583, 106
Trd, 430880.933, 98
Trd, 430880.967, 114
Trd, 430883.783, 97
Trd, 430884.367, 99
Trd, 430884.500, 88
Trd, 430887.550, 78
Trd, 430887.683, 100
Trd, 430888.633, 99
Trd, 430889.050, 92
Trd, 430889.083, 100
Trd, 430890.567, 94
Trd, 430890.883, 97
Trd, 430891.633, 81
Trd, 430891.850, 99
Trd, 430893.667, 101
Trd, 430894.050, 104
Trd, 430894.633, 100
Trd, 430894.667, 106
Trd, 430895.683, 100
Trd, 430895.867, 84
Trd, 430896.333, 110
Trd, 430896.467, 112
Trd, 430896.617, 106
Trd, 430897.900, 103
Trd, 430900.100, 117
Trd, 430900.367, 119
Trd, 430900.833, 108
Trd, 430901.617, 96
Trd, 430904.333, 90
Trd, 430904.683, 89
Trd, 430906.033, 98
Trd, 430907.283, 94
Trd, 430907.450, 88
Trd, 430908.267, 95
Trd, 430908.350, 98
Trd, 430908.833, 102
Trd, 430909.400, 100
Trd, 430911.733, 91
Trd, 430912.033, 91
Trd, 430912.800, 104
Trd, 430913.033, 93
Trd, 430913.817, 106
Trd, 430915.033, 104
Trd, 430916.750, 95
Trd, 430917.167, 91
Trd, 430918.517, 117
Trd, 430919.633, 92
Trd, 430919.683, 87
Trd, 430919.700, 85
Trd, 430920.200, 94
Trd, 430920.300, 97
Trd, 430920.767, 107
Trd, 430921.133, 106
Trd, 430921.700, 104
Trd, 430922.100, 92
Trd, 430923.017, 102
Trd, 430924.183, 100
Trd, 430924.650, 100
Trd, 430925.167, 94
Trd, 430926.117, 74
Trd, 430926.133, 99
Trd, 430926.250, 104
Trd, 430927.633, 76
Trd, 430929.217, 89
Trd, 430929.317, 100
Trd, 430929.983, 101
Trd, 430930.267, 102
Trd, 430931.317, 107
Trd, 430931.533, 92
Trd, 430933.800, 89
Trd, 430934.400, 97
Trd, 430935.383, 95
Trd, 430935.400, 99
Trd, 430935.983, 114
Trd, 430939.717, 100
Trd, 430940.200, 100
Trd, 430941.750, 99
Trd, 430942.217, 96
Trd, 430942.750, 98
Trd, 430943.417, 98
Trd, 430943.717, 88
Trd, 430943.800, 101
Trd, 430944.533, 87
Trd, 430945.067, 85
Trd, 430946.133, 94
Trd, 430947.633, 92
Trd, 430947.767, 90
Trd, 430947.900, 106
Trd, 430948.033, 113
Trd, 430948.167, 87
Trd, 430948.850, 87
Trd, 430949.350, 90
Trd, 430949.450, 103
Trd, 430949.783, 84
Trd, 430950.267, 79
Trd, 430951.000, 102
Trd, 430953.500, 102
Trd, 430955.067, 98
Trd, 430955.633, 91
Trd, 430955.683, 87
Trd, 430956.000, 101
Trd, 430957.433, 83
Trd, 430957.483, 107
Trd, 430957.583, 114
Trd, 430958.133, 100
Trd, 430960.467, 109
Trd, 430961.400, 106
Trd, 430963.883, 93
Trd, 430964.117, 95
Trd, 430964.150, 88
Trd, 430965.033, 96
Trd, 430965.117, 99
Trd, 430965.400, 86
Trd, 430965.717, 101
Trd, 430966.100, 79
Trd, 430966.917, 95
Trd, 430967.000, 104
Trd, 430968.950, 91
Trd, 430970.050, 97
Trd, 430970.083, 98
Trd, 430971.083, 90
Trd, 430971.683, 100
Trd, 430972.300, 95
Trd, 430973.117, 84
Trd, 430974.183, 96
Trd, 430975.133, 80
Trd, 430975.317, 96
Trd, 430975.617, 101
Trd, 430978.183, 105
Trd, 430978.667, 99
Trd, 430978.983, 104
Trd, 430979.483, 97
Trd, 430981.133, 96
Trd, 430981.683, 104
Trd, 430982.383, 114
Trd, 430982.550, 97
Trd, 430982.583, 119
Trd, 430983.517, 87
Trd, 430984.083, 77
Trd, 430984.567, 101
Trd, 430985.833, 111
Trd, 430987.267, 101
Trd, 430988.117, 114
Trd, 430989.517, 109
Trd, 430989.967, 89
Trd, 430990.817, 98
Trd, 430991.000, 99
Trd, 430991.067, 90
Trd, 430991.700, 116
Trd, 430992.350, 115
Trd, 430993.867, 105
Trd, 430994.767, 106
Trd, 430995.367, 98
Trd, 430995.700, 88
Trd, 430996.367, 87
Trd, 430998.567, 86
Trd, 430999.167, 94
Trd, 430999.250, 99
Trd, 431000.133, 81
Trd, 431001.933, 98
Trd, 431002.250, 101
Trd, 431002.317, 104
Trd, 431002.617, 107
Trd, 431003.850, 100
Trd, 431004.700, 97
Trd, 431006.117, 103
Trd, 431006.750, 102
Trd, 431006.917, 102
Trd, 431007.350, 104
Trd, 431009.067, 106
Trd, 431009.700, 106
Trd, 431010.417, 103
Trd, 431010.467, 90
Trd, 431012.483, 95
Trd, 431012.550, 106
Trd, 431013.500, 92
Trd, 431013.617, 98
Trd, 431013.983, 98
Trd, 431014.033, 87
Trd, 431014.450, 88
Trd, 431016.483, 106
Trd, 431016.600, 107
Trd, 431017.383, 87
Trd, 431017.917, 93
Trd, 431018.050, 83
Trd, 431018.083, 104
Trd, 431018.400, 74
Trd, 431019.283, 106
Trd, 431021.133, 84
Trd, 431021.317, 110
Trd, 431022.117, 110
Trd, 431024.000, 100
Trd, 431024.333, 99
Trd, 431024.583, 94
Trd, 431025.450, 89
Trd, 431025.900, 104
Trd, 431026.150, 105
Trd, 431026.400, 91
Trd, 431027.250, 96
Trd, 431028.450, 97
Trd, 431028.683, 92
Trd, 431028.867, 93
Trd, 431029.050, 110
Trd, 431031.217, 106
Trd, 431032.317, 97
Trd, 431033.667, 97
Trd, 431034.550, 96
Trd, 431034.767, 97
Trd, 431034.783, 98
Trd, 431035.117, 89
Trd, 431037.033, 87
Trd, 431037.567, 87
Trd, 431037.800, 86
Trd, 431038.317, 92
Trd, 431038.717, 93
Trd, 431038.867, 103
Trd, 431039.417, 104
Trd, 431041.000, 85
Trd, 431041.900, 106
Trd, 431042.033, 86
Trd, 431044.117, 104
Trd, 431044.700, 115
Trd, 431045.750, 111
Trd, 431046.267, 104
Trd, 431047.767, 100
Trd, 431049.417, 103
Trd, 431050.550, 101
Trd, 431050.800, 102
Trd, 431052.417, 83
Trd, 431053.133, 98
Trd, 431053.400, 78
Trd, 431053.450, 103
Trd, 431053.800, 103
Trd, 431054.250, 97
Trd, 431054.900, 103
Trd, 431055.950, 85
Trd, 431057.167, 77
Trd, 431059.233, 89
Trd, 431060.283, 91
Trd, 431061.383, 99
Trd, 431061.533, 102
Trd, 431061.600, 104
Trd, 431061.717, 106
Trd, 431062.217, 109
Trd, 431063.350, 99
Trd, 431065.017, 100
Trd, 431066.050, 93
Trd, 431066.317, 94
Trd, 431067.517, 92
Trd, 431070.150, 89
Trd, 431070.567, 87
Trd, 431071.000, 99
Trd, 431071.400, 87
Trd, 431072.350, 93
Trd, 431073.200, 99
Trd, 431073.300, 101
Trd, 431073.367, 104
Trd, 431073.733, 84
Trd, 431074.333, 101
Trd, 431075.050, 99
Trd, 431076.067, 88
Trd, 431076.133, 106
Trd, 431076.317, 76
Trd, 431077.883, 98
Trd, 431078.400, 104
Trd, 431079.167, 111
Trd, 431079.250, 89
Trd, 431079.783, 79
Trd, 431080.100, 85
Trd, 431080.317, 80
Trd, 431080.933, 97
Trd, 431081.283, 101
Trd, 431082.783, 106
Trd, 431084.450, 108
Trd, 431085.433, 105
Trd, 431085.533, 106
Trd, 431086.283, 98
Trd, 431086.383, 93
Trd, 431086.950, 107
Trd, 431087.217, 113
Trd, 431087.700, 100
Trd, 431088.533, 109
Trd, 431090.517, 88
Trd, 431090.833, 94
Trd, 431091.117, 99
Trd, 431091.750, 88
Trd, 431092.167, 110
Trd, 431092.817, 87
Trd, 431092.850, 113
Trd, 431095.000, 76
Trd, 431096.467, 109
Trd, 431096.900, 106
Trd, 431097.850, 106
Trd, 431098.550, 109
Trd, 431099.817, 109
Trd, 431099.933, 107
Trd, 431100.600, 105
Trd, 431101.167, 96
Trd, 431101.300, 87
Trd, 431101.317, 112
Trd, 431104.917, 106
Trd, 431105.200, 100
Trd, 431105.983, 97
Trd, 431107.133, 95
Trd, 431107.483, 97
Trd, 431107.583, 98
Trd, 431108.383, 101
Trd, 431109.017, 106
Trd, 431109.550, 94
Trd, 431110.050, 108
Trd, 431111.100, 93
Trd, 431111.150, 100
Trd, 431112.583, 87
Trd, 431113.950, 97
Trd, 431114.500, 96
Trd, 431115.033, 102
Trd, 431116.850, 84
Trd, 431116.950, 85
Trd, 431117.400, 102
Trd, 431118.283, 91
Trd, 431118.883, 92
Trd, 431119.533, 99
Trd, 431119.667, 101
Trd, 431120.483, 103
Trd, 431120.650, 110
Trd, 431121.050, 90
Trd, 431121.133, 87
Trd, 431121.300, 103
Trd, 431122.050, 88
Trd, 431123.067, 74
Trd, 431123.500, 86
Trd, 431126.433, 91
Trd, 431127.817, 92
Trd, 431128.717, 92
Trd, 431128.767, 94
Trd, 431129.400, 106
Trd, 431130.100, 87
Trd, 431130.467, 76
Trd, 431131.017, 102
Trd, 431131.550, 107
Trd, 431132.033, 108
Trd, 431134.467, 83
Trd, 431135.767, 91
Trd, 431136.267, 93
Trd, 431136.567, 101
Trd, 431136.583, 87
Trd, 431137.000, 80
Trd, 431137.317, 98
Trd, 431138.117, 108
Trd, 431138.450, 78
Trd, 431139.117, 78
Trd, 431139.583, 99
Trd, 431140.217, 80
Trd, 431141.217, 106
Trd, 431142.867, 103
Trd, 431144.783, 99
Trd, 431144.833, 100
Trd, 431145.267, 97
Trd, 431145.450, 104
Trd, 431145.617, 108
Trd, 431146.017, 108
Trd, 431149.967, 98
Trd, 431150.133, 97
Trd, 431150.400, 94
Trd, 431150.867, 104
Trd, 431151.633, 91
Trd, 431152.000, 92
Trd, 431152.267, 93
Trd, 431152.967, 101
Trd, 431154.033, 106
Trd, 431155.567, 89
Trd, 431156.000, 95
Trd, 431157.483, 87
Trd, 431157.633, 96
Trd, 431159.350, 98
Trd, 431159.783, 104
Trd, 431159.917, 110
Trd, 431160.067, 77
Trd, 431161.033, 81
Trd, 431161.350, 110
Trd, 431162.567, 87
Trd, 431162.717, 87
Trd, 431163.400, 101
Trd, 431163.500, 101
Trd, 431164.467, 87
Trd, 431165.233, 102
Trd, 431165.883, 101
Trd, 431166.017, 98
Trd, 431167.600, 103
Trd, 431167.833, 106
Trd, 431169.017, 90
Trd, 431169.750, 89
Trd, 431169.850, 103
Trd, 431169.900, 87
Trd, 431172.283, 105
Trd, 431173.567, 87
Trd, 431174.050, 108
Trd, 431174.533, 86
Trd, 431176.133, 81
Trd, 431177.550, 106
Trd, 431178.617, 99
Trd, 431179.617, 101
Trd, 431179.950, 81
Trd, 431180.833, 83
Trd, 431181.150, 97
Trd, 431183.817, 87
Trd, 431183.833, 101
Trd, 431184.683, 100
Trd, 431184.833, 106
Trd, 431185.000, 111
Trd, 431185.933, 103
Trd, 431186.717, 101
Trd, 431187.000, 107
Trd, 431187.283, 107
Trd, 431188.317, 86
Trd, 431188.700, 84
Trd, 431189.900, 96
Trd, 431190.033, 95
Trd, 431190.683, 101
Trd, 431191.217, 94
Trd, 431191.667, 101
Trd, 431192.250, 90
Trd, 431194.483, 102
Trd, 431194.867, 90
Trd, 431195.417, 87
Trd, 431195.500, 104
Trd, 431196.233, 84
Trd, 431196.650, 92
Trd, 431196.950, 93
Trd, 431197.167, 101
Trd, 431197.750, 104
Trd, 431198.233, 90
Trd, 431198.883, 104
Trd, 431200.250, 102
Trd, 431200.800, 95
Trd, 431201.917, 110
Trd, 431203.367, 100
Trd, 431204.083, 84
Trd, 431204.633, 91
Trd, 431205.900, 97
Trd, 431206.700, 88
Trd, 431208.750, 101
Trd, 431209.817, 98
Trd, 431211.000, 111
Trd, 431211.317, 91
Trd, 431211.450, 92
Trd, 431212.700, 92
Trd, 431213.283, 101
Trd, 431213.450, 88
Trd, 431213.633, 103
Trd, 431214.600, 92
Trd, 431215.700, 87
Trd, 431215.750, 87
Trd, 431215.900, 97
Trd, 431217.300, 108
Trd, 431217.633, 111
Trd, 431218.583, 90
Trd, 431219.083, 82
Trd, 431219.433, 103
Trd, 431219.567, 109
Trd, 431220.550, 97
Trd, 431220.817, 95
Trd, 431220.867, 114
Trd, 431222.933, 101
Trd, 431223.683, 87
Trd, 431225.217, 97
Trd, 431225.867, 97
Trd, 431227.300, 96
Trd, 431227.400, 92
Trd, 431227.833, 97
Trd, 431228.417, 106
Trd, 431228.783, 99
Trd, 431229.733, 115
Trd, 431230.467, 94
Trd, 431230.650, 85
Trd, 431230.700, 88
Trd, 431230.717, 115
Trd, 431231.017, 85
Trd, 431232.800, 107
Trd, 431232.867, 111
Trd, 431234.367, 101
Trd, 431234.917, 112
Trd, 431235.750, 101
Trd, 431236.267, 110
Trd, 431236.983, 101
Trd, 431238.500, 96
Trd, 431239.600, 94
Trd, 431240.733, 101
Trd, 431241.950, 88
Trd, 431242.133, 97
Trd, 431243.100, 92
Trd, 431243.467, 93
Trd, 431244.650, 94
Trd, 431244.667, 97
Trd, 431244.983, 87
Trd, 431245.367, 100
Trd, 431245.733, 92
Trd, 431246.567, 92
Trd, 431247.100, 93
Trd, 431248.633, 80
Trd, 431248.700, 104
Trd, 431249.883, 81
Trd, 431251.483, 100
Trd, 431252.283, 84
Trd, 431252.433, 90
Trd, 431253.700, 91
Trd, 431253.733, 93
Trd, 431254.067, 98
Trd, 431254.450, 105
Trd, 431256.733, 92
Trd, 431257.333, 85
Trd, 431257.567, 99
Trd, 431258.817, 100
Trd, 431260.933, 100
Trd, 431262.000, 100
Trd, 431262.100, 99
Trd, 431262.650, 101
Trd, 431262.833, 104
Trd, 431262.950, 90
Trd, 431263.267, 108
Trd, 431263.483, 98
Trd, 431265.250, 87
Trd, 431265.300, 104
Trd, 431265.783, 79
Trd, 431266.967, 89
Trd, 431268.400, 105
Trd, 431268.867, 115
Trd, 431269.067, 116
Trd, 431269.950, 87
Trd, 431271.483, 96
Trd, 431271.517, 93
Trd, 431272.500, 90
Trd, 431272.900, 97
Trd, 431273.633, 106
Trd, 431273.700, 83
Trd, 431275.417, 97
Trd, 431275.767, 99
Trd, 431276.183, 101
Trd, 431276.800, 101
Trd, 431277.883, 112
Trd, 431278.233, 104
Trd, 431279.233, 105
Trd, 431279.567, 93
Trd, 431279.917, 117
Trd, 431280.683, 107
Trd, 431281.567, 108
Trd, 431281.583, 121
Trd, 431282.067, 114
Trd, 431283.517, 119
Trd, 431283.600, 90
Trd, 431284.150, 105
Trd, 431285.117, 101
Trd, 431285.283, 88
Trd, 431285.667, 101
Trd, 431287.417, 97
Trd, 431288.217, 95
Trd, 431288.567, 101
Trd, 431289.000, 100
Trd, 431289.933, 102
Trd, 431290.467, 103
Trd, 431290.683, 94
Trd, 431290.783, 104
Trd, 431292.283, 80
Trd, 431292.300, 80
Trd, 431293.833, 106
Trd, 431295.200, 89
Trd, 431295.267, 84
Trd, 431296.333, 98
Trd, 431296.450, 103
Trd, 431297.850, 91
Trd, 431298.517, 97
Trd, 431299.217, 99
Trd, 431299.417, 87
Trd, 431299.967, 98
Trd, 431300.683, 101
Trd, 431300.700, 103
Trd, 431304.200, 88
Trd, 431305.183, 104
Trd, 431305.683, 82
Trd, 431306.383, 106
Trd, 431306.517, 107
Trd, 431308.217, 98
Trd, 431308.433, 98
Trd, 431310.833, 95
Trd, 431311.283, 89
Trd, 431311.617, 101
Trd, 431311.783, 103
Trd, 431312.733, 89
Trd, 431312.783, 104
Trd, 431314.200, 108
Trd, 431314.533, 109
Trd, 431315.667, 92
Trd, 431315.800, 117
Trd, 431315.967, 99
Trd, 431316.050, 92
Trd, 431316.067, 116
Trd, 431318.167, 103
Trd, 431318.200, 90
Trd, 431318.267, 118
Trd, 431321.117, 115
Trd, 431321.733, 106
Trd, 431322.567, 104
Trd, 431323.917, 93
Trd, 431324.967, 98
Trd, 431325.933, 95
Trd, 431326.200, 87
Trd, 431326.217, 86
Trd, 431326.800, 89
Trd, 431328.200, 93
Trd, 431328.383, 96
Trd, 431329.067, 78
Trd, 431329.117, 77
Trd, 431330.100, 98
Trd, 431332.033, 99
Trd, 431332.117, 101
Trd, 431334.117, 99
Trd, 431334.333, 101
Trd, 431334.533, 89
Trd, 431335.567, 104
Trd, 431336.167, 105
Trd, 431336.250, 108
Trd, 431336.533, 113
Trd, 431336.600, 89
Trd, 431337.617, 115
Trd, 431337.867, 116
Trd, 431337.967, 93
Trd, 431340.117, 104
Trd, 431340.233, 103
Trd, 431340.800, 96
Trd, 431341.250, 100
Trd, 431341.350, 88
Trd, 431342.583, 99
Trd, 431344.517, 95
Trd, 431345.267, 98
Trd, 431346.133, 101
Trd, 431347.167, 89
Trd, 431347.567, 108
Trd, 431348.267, 96
Trd, 431348.467, 87
Trd, 431349.517, 96
Trd, 431349.733, 100
Trd, 431350.317, 96
Trd, 431350.883, 93
Trd, 431351.250, 96
Trd, 431352.600, 101
Trd, 431353.133, 106
Trd, 431353.917, 95
Trd, 431355.950, 100
Trd, 431356.833, 97
Trd, 431357.117, 98
Trd, 431357.250, 99
Trd, 431358.833, 104
Trd, 431359.000, 107
Trd, 431359.467, 82
Trd, 431359.733, 84
Trd, 431361.450, 90
Trd, 431362.067, 93
Trd, 431362.250, 95
Trd, 431364.700, 100
Trd, 431366.400, 100
Trd, 431366.917, 98
Trd, 431367.033, 91
Trd, 431367.133, 102
Trd, 431367.250, 102
Trd, 431367.517, 104
Trd, 431368.183, 104
Trd, 431368.433, 113
Trd, 431368.683, 89
Trd, 431369.767, 90
Trd, 431371.183, 104
Trd, 431371.250, 106
Trd, 431373.500, 87
Trd, 431374.117, 75
Trd, 431374.300, 92
Trd, 431375.833, 97
Trd, 431376.333, 98
Trd, 431376.767, 83
Trd, 431377.100, 102
Trd, 431379.033, 87
Trd, 431379.950, 92
Trd, 431380.133, 93
Trd, 431380.217, 86
Trd, 431380.333, 85
Trd, 431381.350, 89
Trd, 431381.500, 100
Trd, 431381.883, 100
Trd, 431381.933, 100
Trd, 431382.483, 100
Trd, 431383.167, 101
Trd, 431384.467, 78
Trd, 431386.933, 108
Trd, 431389.133, 92
Trd, 431389.383, 107
Trd, 431389.850, 90
Trd, 431390.183, 108
Trd, 431390.733, 98
Trd, 431391.917, 101
Trd, 431393.483, 102
Trd, 431393.833, 103
Trd, 431394.033, 89
Trd, 431394.800, 112
Trd, 431394.900, 99
Trd, 431395.567, 107
Trd, 431395.733, 98
Trd, 431396.150, 108
Trd, 431397.300, 87
Trd, 431397.500, 100
Trd, 431398.850, 114
Trd, 431399.333, 92
Trd, 431400.017, 117
Trd, 431400.033, 86
Trd, 431400.400, 106
Trd, 431400.883, 96
Trd, 431402.100, 98
Trd, 431403.750, 90
Trd, 431404.433, 91
Trd, 431405.600, 90
Trd, 431405.717, 81
Trd, 431407.100, 99
Trd, 431408.250, 83
Trd, 431409.233, 101
Trd, 431410.267, 81
Trd, 431411.083, 110
Trd, 431411.167, 106
Trd, 431411.400, 112
Trd, 431411.517, 105
Trd, 431411.950, 101
Trd, 431413.033, 106
Trd, 431413.150, 107
Trd, 431413.317, 106
Trd, 431414.417, 96
Trd, 431415.133, 92
Trd, 431415.250, 87
Trd, 431416.917, 84
Trd, 431417.683, 82
Trd, 431418.033, 96
Trd, 431418.417, 91
Trd, 431418.900, 88
Trd, 431419.217, 98
Trd, 431421.533, 93
Trd, 431421.633, 99
Trd, 431422.317, 101
Trd, 431422.550, 104
Trd, 431424.583, 91
Trd, 431424.617, 96
Trd, 431424.850, 89
Trd, 431425.267, 98
Trd, 431428.050, 105
Trd, 431429.233, 101
Trd, 431429.683, 98
Trd, 431430.900, 86
Trd, 431431.933, 100
Trd, 431432.650, 104
Trd, 431433.400, 92
Trd, 431433.450, 90
Trd, 431433.850, 101
Trd, 431435.067, 101
Trd, 431435.350, 104
Trd, 431436.683, 104
Trd, 431437.817, 108
Trd, 431438.583, 115
Trd, 431438.867, 117
Trd, 431440.017, 99
Trd, 431441.217, 99
Trd, 431442.917, 86
Trd, 431443.600, 83
Trd, 431443.717, 96
Trd, 431444.917, 87
Trd, 431445.483, 97
Trd, 431446.700, 100
Trd, 431447.017, 94
Trd, 431448.433, 103
Trd, 431448.567, 104
Trd, 431449.383, 100
Trd, 431449.883, 92
Trd, 431450.583, 103
Trd, 431450.867, 105
Trd, 431452.450, 93
Trd, 431452.683, 101
Trd, 431453.517, 99
Trd, 431454.900, 102
Trd, 431455.350, 102
Trd, 431455.367, 104
Trd, 431455.833, 93
Trd, 431456.033, 108
Trd, 431456.800, 91
Trd, 431457.450, 114
Trd, 431458.683, 120
Trd, 431459.833, 98
Trd, 431461.167, 99
Trd, 431461.317, 100
Trd, 431462.350, 101
Trd, 431462.617, 90
Trd, 431463.650, 81
Trd, 431464.033, 81
Trd, 431466.300, 93
Trd, 431467.067, 96
Trd, 431467.367, 97
Trd, 431467.517, 104
Trd, 431467.683, 110
Trd, 431469.133, 99
Trd, 431469.283, 94
Trd, 431470.133, 92
Trd, 431470.533, 98
Trd, 431472.700, 103
Trd, 431473.200, 88
Trd, 431473.500, 109
Trd, 431474.267, 90
Trd, 431474.883, 81
Trd, 431475.100, 73
Trd, 431476.600, 87
Trd, 431476.783, 87
Trd, 431477.850, 93
Trd, 431478.583, 101
Trd, 431478.633, 104
Trd, 431480.383, 99
Trd, 431481.200, 104
Trd, 431482.150, 99
Trd, 431482.433, 98
Trd, 431483.067, 97
Trd, 431483.533, 106
Trd, 431483.617, 87
Trd, 431484.367, 93
Trd, 431485.033, 99
Trd, 431485.900, 79
Trd, 431486.750, 89
Trd, 431486.867, 104
Trd, 431487.033, 87
Trd, 431488.450, 104
Trd, 431488.533, 106
Trd, 431490.417, 104
Trd, 431491.283, 100
Trd, 431491.350, 99
Trd, 431491.383, 98
Trd, 431491.900, 90
Trd, 431492.000, 101
Trd, 431492.267, 103
Trd, 431495.567, 90
Trd, 431496.833, 104
Trd, 431496.850, 103
Trd, 431496.917, 81
Trd, 431497.250, 82
Trd, 431497.483, 73
Trd, 431498.533, 82
Trd, 431499.633, 107
Trd, 431500.633, 103
Trd, 431500.650, 102
Trd, 431500.950, 112
Trd, 431501.633, 105
Trd, 431502.283, 91
Trd, 431502.750, 92
Trd, 431502.967, 93
Trd, 431503.533, 93
Trd, 431505.450, 99
Trd, 431505.667, 102
Trd, 431506.717, 94
Trd, 431506.967, 103
Trd, 431507.367, 93
Trd, 431508.400, 103
Trd, 431508.717, 87
Trd, 431509.833, 89
Trd, 431510.333, 104
Trd, 431512.017, 105
Trd, 431512.933, 88
Trd, 431513.400, 78
Trd, 431514.133, 103
Trd, 431514.200, 105
Trd, 431514.367, 93
Trd, 431514.817, 94
Trd, 431515.117, 103
Trd, 431517.600, 104
Trd, 431518.383, 98
Trd, 431518.517, 111
Trd, 431519.117, 105
Trd, 431520.683, 108
Trd, 431522.350, 103
Trd, 431523.150, 95
Trd, 431523.700, 97
Trd, 431524.033, 90
Trd, 431524.150, 87
Trd, 431524.650, 83
Trd, 431525.867, 104
Trd, 431526.333, 107
Trd, 431526.883, 95
Trd, 431527.417, 113
Trd, 431527.717, 88
Trd, 431528.017, 87
Trd, 431528.867, 88
Trd, 431529.233, 73
Trd, 431530.500, 99
Trd, 431531.200, 97
Trd, 431531.633, 103
Trd, 431532.367, 97
Trd, 431532.683, 88
Trd, 431533.333, 86
Trd, 431533.633, 101
Trd, 431534.067, 104
Trd, 431534.183, 98
Trd, 431536.300, 101
Trd, 431537.233, 87
Trd, 431538.100, 101
Trd, 431538.633, 103
Trd, 431538.967, 98
Trd, 431539.400, 107
Trd, 431541.250, 104
Trd, 431542.083, 99
Trd, 431542.917, 104
Trd, 431543.333, 99
Trd, 431543.867, 109
Trd, 431543.917, 92
Trd, 431545.017, 92
Trd, 431546.017, 93
Trd, 431546.567, 102
Trd, 431548.033, 96
Trd, 431548.933, 97
Trd, 431549.017, 99
Trd, 431549.683, 101
Trd, 431549.917, 91
Trd, 431551.717, 100
Trd, 431552.783, 104
Trd, 431554.133, 87
Trd, 431554.700, 84
Trd, 431555.283, 82
Trd, 431555.650, 97
Trd, 431556.400, 97
Trd, 431556.467, 108
Trd, 431558.000, 81
Trd, 431558.550, 96
Trd, 431558.600, 108
Trd, 431561.150, 89
Trd, 431561.383, 101
Trd, 431561.500, 104
Trd, 431562.333, 110
Trd, 431562.833, 106
Trd, 431565.133, 97
Trd, 431565.850, 93
Trd, 431566.167, 92
Trd, 431567.200, 97
Trd, 431568.200, 88
Trd, 431569.083, 96
Trd, 431569.250, 91
Trd, 431570.450, 101
Trd, 431570.833, 100
Trd, 431572.733, 96
Trd, 431573.250, 87
Trd, 431573.933, 98
Trd, 431574.533, 101
Trd, 431575.217, 103
Trd, 431575.600, 83
Trd, 431575.817, 104
Trd, 431576.933, 91
Trd, 431578.233, 112
Trd, 431578.500, 99
Trd, 431578.833, 98
Trd, 431579.050, 108
Trd, 431579.133, 117
Trd, 431579.633, 93
Trd, 431580.100, 107
Trd, 431580.133, 81
Trd, 431580.867, 82
Trd, 431582.983, 80
Trd, 431583.417, 80
Trd, 431585.750, 87
Trd, 431586.933, 95
Trd, 431587.050, 101
Trd, 431587.383, 88
Trd, 431587.783, 106
Trd, 431589.633, 115
Trd, 431590.033, 115
Trd, 431590.583, 113
Trd, 431590.733, 123
Trd, 431590.933, 101
Trd, 431592.350, 83
Trd, 431593.350, 77
Trd, 431594.833, 106
Trd, 431594.850, 107
Trd, 431596.733, 91
Trd, 431597.117, 91
Trd, 431597.183, 90
Trd, 431597.267, 87
Trd, 431597.333, 94
Trd, 431597.850, 95
Trd, 431598.100, 104
Trd, 431598.617, 88
Trd, 431601.717, 92
Trd, 431601.967, 89
Trd, 431602.250, 86
Trd, 431604.133, 91
Trd, 431604.383, 84
Trd, 431604.433, 93
Trd, 431605.133, 95
Trd, 431605.550, 91
Trd, 431606.583, 92
Trd, 431606.683, 93
Trd, 431606.850, 90
Trd, 431608.667, 92
Trd, 431609.050, 99
Trd, 431609.917, 101
Trd, 431610.050, 102
Trd, 431610.133, 110
Trd, 431610.750, 87
Trd, 431610.950, 96
Trd, 431611.850, 115
Trd, 431612.767, 105
Trd, 431613.583, 94
Trd, 431613.883, 97
Trd, 431614.250, 98
Trd, 431614.367, 95
Trd, 431616.033, 85
Trd, 431616.067, 103
Trd, 431617.500, 86
Trd, 431618.050, 80
Trd, 431618.800, 97
Trd, 431619.483, 97
Trd, 431619.700, 101
Trd, 431620.633, 111
Trd, 431620.683, 111
Trd, 431621.817, 96
Trd, 431622.283, 95
Trd, 431622.717, 101
Trd, 431623.133, 107
Trd, 431623.150, 108
Trd, 431624.783, 86
Trd, 431625.917, 95
Trd, 431626.817, 96
Trd, 431627.500, 99
Trd, 431629.450, 101
Trd, 431631.100, 101
Trd, 431631.700, 98
Trd, 431632.017, 106
Trd, 431632.433, 113
Trd, 431632.883, 95
Trd, 431633.300, 98
Trd, 431634.817, 101
Trd, 431635.200, 104
Trd, 431635.600, 91
Trd, 431635.733, 89
Trd, 431635.750, 117
Trd, 431636.217, 87
Trd, 431636.267, 123
Trd, 431636.417, 80
Trd, 431638.300, 104
Trd, 431638.833, 106
Trd, 431639.650, 91
Trd, 431640.433, 95
Trd, 431640.817, 85
Trd, 431640.967, 98
Trd, 431641.633, 100
Trd, 431642.550, 90
Trd, 431642.833, 101
Trd, 431643.550, 87
Trd, 431644.333, 104
Trd, 431644.933, 87
Trd, 431646.183, 106
Trd, 431646.817, 105
Trd, 431648.717, 104
Trd, 431650.050, 103
Trd, 431650.100, 101
Trd, 431650.217, 94
Trd, 431650.533, 101
Trd, 431651.317, 99
Trd, 431651.367, 84
Trd, 431651.500, 105
Trd, 431651.683, 106
Trd, 431653.133, 87
Trd, 431653.567, 115
Trd, 431654.350, 99
Trd, 431655.367, 78
Trd, 431656.367, 96
Trd, 431658.717, 93
Trd, 431658.733, 101
Trd, 431659.167, 91
Trd, 431659.383, 104
Trd, 431660.067, 96
Trd, 431661.217, 103
Trd, 431661.983, 84
Trd, 431663.150, 85
Trd, 431663.167, 82
Trd, 431663.467, 101
Trd, 431663.583, 106
Trd, 431663.917, 112
Trd, 431664.150, 99
Trd, 431664.467, 88
Trd, 431667.000, 104
Trd, 431667.150, 109
Trd, 431668.483, 94
Trd, 431669.033, 92
Trd, 431669.367, 79
Trd, 431670.133, 95
Trd, 431671.300, 94
Trd, 431672.567, 106
Trd, 431673.650, 87
Trd, 431675.383, 111
Trd, 431676.150, 99
Trd, 431676.333, 90
Trd, 431676.600, 103
Trd, 431677.050, 101
Trd, 431677.117, 104
Trd, 431677.217, 84
Trd, 431677.317, 114
Trd, 431677.733, 81
Trd, 431677.883, 117
Trd, 431678.717, 123
Trd, 431681.283, 98
Trd, 431682.567, 99
Trd, 431682.783, 105
Trd, 431682.983, 92
Trd, 431683.467, 101
Trd, 431684.100, 106
Trd, 431686.083, 100
Trd, 431686.333, 100
Trd, 431687.133, 83
Trd, 431687.217, 76
Trd, 431689.150, 101
Trd, 431689.917, 104
Trd, 431690.150, 89
Trd, 431690.833, 79
Trd, 431691.200, 97
Trd, 431691.817, 74
Trd, 431691.900, 106
Trd, 431692.950, 102
Trd, 431693.350, 108
Trd, 431694.117, 86
Trd, 431694.833, 106
Trd, 431695.083, 107
Trd, 431696.050, 108
Trd, 431696.300, 105
Trd, 431696.400, 112
Trd, 431696.417, 100
Trd, 431696.717, 117
Trd, 431698.650, 104
Trd, 431700.500, 125
Trd, 431700.533, 105
Trd, 431700.717, 102
Trd, 431701.717, 107
Trd, 431702.283, 108
Trd, 431703.367, 88
Trd, 431704.717, 87
Trd, 431705.300, 96
Trd, 431705.900, 97
Trd, 431706.183, 98
Trd, 431707.117, 98
Trd, 431707.267, 104
Trd, 431708.600, 89
Trd, 431713.083, 98
Trd, 431713.100, 99
Trd, 431713.533, 93
Trd, 431714.583, 108
Trd, 431715.350, 109
Trd, 431715.500, 110
Trd, 431716.283, 106
Trd, 431716.333, 105
Trd, 431717.050, 105
Trd, 431717.117, 99
Trd, 431717.183, 114
Trd, 431718.967, 93
Trd, 431718.983, 91
Trd, 431719.317, 99
Trd, 431720.767, 96
Trd, 431720.933, 94
Trd, 431721.267, 97
Trd, 431721.817, 100
Trd, 431722.233, 99
Trd, 431723.000, 104
Trd, 431723.183, 99
Trd, 431724.433, 87
Trd, 431727.750, 98
Trd, 431728.200, 87
Trd, 431728.400, 88
Trd, 431729.033, 89
Trd, 431729.400, 100
Trd, 431730.383, 101
Trd, 431731.250, 92
Trd, 431731.567, 90
Trd, 431731.583, 102
Trd, 431733.517, 99
Trd, 431733.683, 96
Trd, 431734.033, 101
Trd, 431734.983, 104
Trd, 431736.300, 93
Trd, 431738.067, 91
Trd, 431738.817, 92
Trd, 431739.267, 91
Trd, 431739.583, 93
Trd, 431740.483, 98
Trd, 431741.950, 103
Trd, 431742.217, 104
Trd, 431742.800, 88
Trd, 431743.333, 87
Trd, 431743.617, 106
Trd, 431743.933, 87
Trd, 431744.933, 76
Trd, 431745.033, 73
Trd, 431746.283, 80
Trd, 431746.600, 93
Trd, 431748.000, 93
Trd, 431748.550, 108
Trd, 431748.733, 85
Trd, 431749.283, 91
Trd, 431750.933, 92
Trd, 431752.017, 103
Trd, 431752.133, 116
Trd, 431753.467, 114
Trd, 431754.667, 98
Trd, 431755.433, 90
Trd, 431755.833, 95
Trd, 431756.033, 88
Trd, 431756.483, 101
Trd, 431756.833, 93
Trd, 431757.700, 110
Trd, 431759.783, 107
Trd, 431760.300, 101
Trd, 431761.783, 96
Trd, 431762.683, 93
Trd, 431762.917, 88
Trd, 431763.133, 99
Trd, 431763.683, 100
Trd, 431763.783, 87
Trd, 431763.800, 101
Trd, 431766.050, 104
Trd, 431766.467, 81
Trd, 431767.450, 98
Trd, 431767.750, 80
Trd, 431767.900, 79
Trd, 431767.967, 106
Trd, 431768.200, 114
Trd, 431769.200, 101
Trd, 431769.883, 82
Trd, 431770.867, 86
Trd, 431771.200, 114
Trd, 431771.317, 106
Trd, 431771.550, 97
Trd, 431772.400, 96
Trd, 431772.867, 87
Trd, 431772.950, 87
Trd, 431773.283, 111
Trd, 431775.033, 102
Trd, 431776.967, 104
Trd, 431778.017, 96
Trd, 431778.567, 91
Trd, 431779.950, 95
Trd, 431781.833, 93
Trd, 431782.817, 86
Trd, 431783.400, 101
Trd, 431783.583, 104
Trd, 431784.433, 99
Trd, 431784.983, 103
Trd, 431786.383, 105
Trd, 431786.567, 104
Trd, 431787.117, 103
Trd, 431787.350, 102
Trd, 431788.367, 87
Trd, 431788.433, 86
Trd, 431789.200, 95
Trd, 431789.733, 99
Trd, 431790.433, 81
Trd, 431790.650, 80
Trd, 431791.117, 95
Trd, 431791.550, 98
Trd, 431791.917, 100
Trd, 431792.567, 100
Trd, 431793.683, 101
Trd, 431794.733, 92
Trd, 431795.350, 104
Trd, 431796.083, 84
Trd, 431796.583, 77
Trd, 431797.033, 105
Trd, 431797.567, 101
Trd, 431798.450, 101
Trd, 431800.400, 96
Trd, 431800.617, 106
Trd, 431800.900, 95
Trd, 431802.167, 103
Trd, 431802.950, 102
Trd, 431803.317, 87
Trd, 431803.500, 112
Trd, 431803.550, 86
Trd, 431803.800, 76
Trd, 431804.283, 98
Trd, 431806.983, 104
Trd, 431807.617, 104
Trd, 431808.950, 101
Trd, 431809.583, 101
Trd, 431810.733, 80
Trd, 431812.650, 100
Trd, 431813.000, 88
Trd, 431815.100, 99
Trd, 431815.250, 81
Trd, 431815.933, 99
Trd, 431816.733, 83
Trd, 431816.883, 98
Trd, 431817.433, 89
Trd, 431817.650, 101
Trd, 431817.867, 104
Trd, 431818.250, 83
Trd, 431818.283, 91
Trd, 431818.833, 108
Trd, 431819.217, 82
Trd, 431820.033, 111
Trd, 431823.000, 82
Trd, 431823.883, 89
Trd, 431824.783, 89
Trd, 431824.900, 98
Trd, 431825.317, 99
Trd, 431825.700, 92
Trd, 431826.083, 100
Trd, 431827.050, 104
Trd, 431827.333, 104
Trd, 431828.483, 94
Trd, 431829.150, 103
Trd, 431829.550, 104
Trd, 431830.000, 87
Trd, 431830.450, 97
Trd, 431831.133, 108
Trd, 431831.167, 107
Trd, 431831.633, 82
Trd, 431832.367, 76
Trd, 431832.633, 79
Trd, 431833.733, 76
Trd, 431834.550, 101
Trd, 431834.983, 100
Trd, 431837.467, 106
Trd, 431837.900, 109
Trd, 431838.433, 110
Trd, 431839.250, 103
Trd, 431839.367, 112
Trd, 431839.450, 117
Trd, 431841.383, 104
Trd, 431842.633, 104
Trd, 431842.700, 103
Trd, 431843.067, 91
Trd, 431843.200, 104
Trd, 431844.450, 87
Trd, 431845.800, 79
Trd, 431845.867, 96
Trd, 431846.083, 93
Trd, 431846.217, 95
Trd, 431848.333, 94
Trd, 431848.700, 90
Trd, 431849.350, 85
Trd, 431849.733, 87
Trd, 431850.767, 92
Trd, 431850.967, 93
Trd, 431851.133, 100
Trd, 431851.383, 101
Trd, 431852.000, 89
Trd, 431852.033, 98
Trd, 431852.133, 87
Trd, 431853.200, 104
Trd, 431856.567, 98
Trd, 431857.050, 87
Trd, 431858.567, 95
Trd, 431858.950, 93
Trd, 431858.983, 95
Trd, 431859.217, 90
Trd, 431861.233, 104
Trd, 431861.333, 106
Trd, 431862.550, 111
Trd, 431863.767, 113
Trd, 431863.817, 94
Trd, 431864.033, 88
Trd, 431865.033, 87
Trd, 431865.450, 79
Trd, 431866.317, 97
Trd, 431866.433, 98
Trd, 431866.950, 100
Trd, 431867.833, 106
Trd, 431868.400, 107
Trd, 431868.517, 87
Trd, 431869.333, 84
Trd, 431870.350, 110
Trd, 431870.667, 116
Trd, 431871.117, 90
Trd, 431874.117, 84
Trd, 431874.617, 99
Trd, 431875.567, 99
Trd, 431875.933, 95
Trd, 431876.683, 96
Trd, 431877.183, 96
Trd, 431877.217, 87
Trd, 431877.283, 100
Trd, 431877.417, 86
Trd, 431877.600, 101
Trd, 431878.700, 103
Trd, 431878.750, 104
Trd, 431880.233, 92
Trd, 431881.200, 97
Trd, 431881.350, 100
Trd, 431883.483, 99
Trd, 431884.350, 93
Trd, 431884.450, 77
Trd, 431886.867, 88
Trd, 431886.983, 95
Trd, 431887.400, 84
Trd, 431887.717, 77
Trd, 431888.117, 95
Trd, 431888.467, 102
Trd, 431889.117, 104
Trd, 431889.817, 85
Trd, 431890.167, 112
Trd, 431890.317, 88
Trd, 431890.867, 85
Trd, 431891.267, 111
Trd, 431892.067, 112
Trd, 431892.750, 99
Trd, 431893.317, 117
Trd, 431893.933, 90
Trd, 431894.883, 88
Trd, 431897.317, 80
Trd, 431897.350, 99
Trd, 431897.400, 100
Trd, 431898.650, 80
Trd, 431899.050, 101
Trd, 431899.400, 73
Trd, 431899.600, 104
Trd, 431900.033, 93
Trd, 431900.883, 94
Trd, 431900.917, 112
Trd, 431905.367, 88
Trd, 431905.567, 90
Trd, 431906.333, 89
Trd, 431906.950, 88
Trd, 431907.633, 91
Trd, 431907.817, 93
Trd, 431908.183, 93
Trd, 431908.300, 89
Trd, 431909.550, 101
Trd, 431910.083, 103
Trd, 431910.850, 98
Trd, 431912.250, 104
Trd, 431913.083, 102
Trd, 431913.583, 99
Trd, 431913.767, 95
Trd, 431914.167, 103
Trd, 431915.067, 97
Trd, 431915.700, 88
Trd, 431915.950, 92
Trd, 431917.333, 100
Trd, 431917.500, 87
Trd, 431917.967, 83
Trd, 431919.650, 104
Trd, 431919.950, 98
Trd, 431920.400, 86
Trd, 431920.483, 107
Trd, 431922.033, 97
Trd, 431924.183, 109
Trd, 431924.267, 109
Trd, 431924.433, 102
Trd, 431926.867, 103
Trd, 431927.467, 103
Trd, 431927.733, 96
Trd, 431927.850, 103
Trd, 431928.483, 104
Trd, 431929.550, 87
Trd, 431931.900, 92
Trd, 431932.467, 101
Trd, 431932.750, 102
Trd, 431932.967, 104
Trd, 431934.417, 106
Trd, 431934.617, 87
Trd, 431935.017, 87
Trd, 431935.333, 84
Trd, 431936.350, 87
Trd, 431936.700, 98
Trd, 431937.117, 92
Trd, 431937.250, 98
Trd, 431937.967, 104
Trd, 431938.117, 115
Trd, 431938.450, 117
Trd, 431939.533, 99
Trd, 431939.650, 101
Trd, 431940.250, 100
Trd, 431940.600, 100
Trd, 431940.750, 101
Trd, 431942.567, 88
Trd, 431943.783, 99
Trd, 431944.450, 87
Trd, 431944.600, 91
Trd, 431945.650, 93
Trd, 431945.867, 92
Trd, 431945.917, 83
Trd, 431947.700, 96
Trd, 431948.683, 80
Trd, 431948.750, 93
Trd, 431949.450, 104
Trd, 431951.250, 98
Trd, 431953.750, 89
Trd, 431954.333, 86
Trd, 431954.633, 95
Trd, 431954.817, 86
Trd, 431955.650, 85
Trd, 431956.150, 87
Trd, 431956.850, 100
Trd, 431957.517, 100
Trd, 431959.567, 102
Trd, 431961.233, 99
Trd, 431961.750, 102
Trd, 431961.783, 98
Trd, 431961.817, 94
Trd, 431964.183, 102
Trd, 431964.450, 104
Trd, 431964.833, 107
Trd, 431966.133, 112
Trd, 431966.300, 108
Trd, 431966.917, 113
Trd, 431967.833, 107
Trd, 431968.350, 111
Trd, 431968.517, 122
Trd, 431968.850, 112
Trd, 431969.533, 117
Trd, 431970.517, 116
Trd, 431971.850, 91
Trd, 431972.600, 118
Trd, 431973.067, 107
Trd, 431973.533, 106
Trd, 431974.683, 112
Trd, 431974.767, 113
Trd, 431976.483, 87
Trd, 431977.867, 82
Trd, 431978.033, 85
Trd, 431978.383, 86
Trd, 431979.500, 78
Trd, 431979.600, 93
Trd, 431979.783, 99
Trd, 431980.833, 93
Trd, 431980.983, 111
Trd, 431981.433, 100
Trd, 431981.917, 82
Trd, 431982.917, 100
Trd, 431983.650, 101
Trd, 431986.117, 90
Trd, 431986.733, 107
Trd, 431986.850, 97
Trd, 431987.217, 91
Trd, 431987.417, 109
Trd, 431987.883, 110
Trd, 431987.900, 113
Trd, 431988.617, 87
Trd, 431988.850, 99
Trd, 431990.600, 106
Trd, 431991.383, 100
Trd, 431992.900, 101
Trd, 431993.150, 97
Trd, 431993.633, 101
Trd, 431993.867, 98
Trd, 431994.400, 100
Trd, 431994.417, 82
Trd, 431995.450, 93
Trd, 431996.817, 93
Trd, 431997.800, 101
Trd, 431998.417, 89
Trd, 431999.300, 103
Trd, 431999.583, 104
