Trd, 430604.100, 108
Trd, 430605.000, 98
Trd, 430605.683, 104
Trd, 430606.083, 107
Trd, 430607.283, 110
Trd, 430609.300, 96
Trd, 430610.217, 103
Trd, 430610.233, 94
Trd, 430611.150, 117
Trd, 430612.150, 109
Trd, 430612.200, 111
Trd, 430612.650, 100
Trd, 430613.733, 93
Trd, 430614.200, 90
Trd, 430615.433, 87
Trd, 430615.750, 88
Trd, 430615.933, 102
Trd, 430618.000, 104
Trd, 430618.233, 98
Trd, 430618.567, 99
Trd, 430620.100, 112
Trd, 430620.217, 115
Trd, 430623.700, 113
Trd, 430623.800, 108
Trd, 430624.550, 110
Trd, 430624.917, 108
Trd, 430625.017, 106
Trd, 430626.333, 96
Trd, 430627.467, 94
Trd, 430627.800, 104
Trd, 430628.333, 109
Trd, 430628.650, 107
Trd, 430631.467, 93
Trd, 430634.517, 118
Trd, 430635.033, 103
Trd, 430635.433, 103
Trd, 430635.617, 109
Trd, 430636.583, 95
Trd, 430636.950, 101
Trd, 430637.883, 103
Trd, 430638.417, 110
Trd, 430639.983, 116
Trd, 430640.233, 108
Trd, 430640.367, 103
Trd, 430641.100, 103
Trd, 430641.800, 93
Trd, 430642.517, 109
Trd, 430643.900, 110
Trd, 430645.900, 103
Trd, 430647.400, 105
Trd, 430648.317, 103
Trd, 430648.767, 118
Trd, 430649.567, 104
Trd, 430650.433, 111
Trd, 430651.033, 101
Trd, 430652.183, 91
Trd, 430652.350, 117
Trd, 430652.683, 111
Trd, 430653.767, 98
Trd, 430653.933, 93
Trd, 430654.983, 116
Trd, 430656.183, 101
Trd, 430656.217, 107
Trd, 430658.350, 115
Trd, 430658.850, 116
Trd, 430659.200, 112
Trd, 430659.317, 109
Trd, 430662.300, 110
Trd, 430663.717, 108
Trd, 430664.583, 109
Trd, 430664.650, 103
Trd, 430667.017, 96
Trd, 430667.883, 107
Trd, 430668.817, 104
Trd, 430670.750, 107
Trd, 430672.350, 104
Trd, 430672.467, 101
Trd, 430672.800, 100
Trd, 430673.333, 114
Trd, 430674.933, 103
Trd, 430675.067, 101
Trd, 430676.517, 120
Trd, 430676.667, 110
Trd, 430677.200, 112
Trd, 430677.683, 110
Trd, 430678.033, 102
Trd, 430678.050, 94
Trd, 430682.150, 96
Trd, 430682.283, 110
Trd, 430683.150, 109
Trd, 430684.750, 119
Trd, 430685.033, 115
Trd, 430687.050, 91
Trd, 430687.867, 101
Trd, 430688.617, 86
Trd, 430689.100, 99
Trd, 430689.267, 112
Trd, 430689.500, 91
Trd, 430690.967, 112
Trd, 430691.533, 108
Trd, 430691.583, 117
Trd, 430691.867, 116
Trd, 430694.300, 112
Trd, 430694.467, 112
Trd, 430695.283, 101
Trd, 430696.367, 94
Trd, 430696.950, 107
Trd, 430699.800, 108
Trd, 430700.517, 115
Trd, 430701.900, 110
Trd, 430702.450, 105
Trd, 430702.983, 118
Trd, 430703.350, 102
Trd, 430704.183, 110
Trd, 430704.217, 102
Trd, 430704.350, 95
Trd, 430705.950, 96
Trd, 430707.050, 100
Trd, 430707.133, 114
Trd, 430709.000, 108
Trd, 430709.900, 108
Trd, 430710.850, 103
Trd, 430712.150, 106
Trd, 430713.867, 107
Trd, 430714.150, 106
Trd, 430714.417, 103
Trd, 430715.283, 93
Trd, 430716.517, 116
Trd, 430716.633, 91
Trd, 430719.367, 104
Trd, 430721.367, 117
Trd, 430721.750, 101
Trd, 430721.850, 100
Trd, 430722.250, 93
Trd, 430723.600, 110
Trd, 430725.083, 105
Trd, 430726.400, 123
Trd, 430726.617, 110
Trd, 430726.767, 125
Trd, 430728.533, 112
Trd, 430729.800, 113
Trd, 430730.000, 109
Trd, 430730.417, 93
Trd, 430730.467, 109
Trd, 430731.017, 105
Trd, 430731.600, 110
Trd, 430736.233, 112
Trd, 430737.867, 104
Trd, 430738.083, 93
Trd, 430739.850, 94
Trd, 430741.350, 113
Trd, 430742.467, 113
Trd, 430744.333, 108
Trd, 430744.383, 107
Trd, 430745.067, 109
Trd, 430746.300, 102
Trd, 430746.783, 115
Trd, 430747.600, 115
Trd, 430747.617, 103
Trd, 430747.917, 113
Trd, 430748.683, 93
Trd, 430749.450, 117
Trd, 430749.700, 96
Trd, 430750.000, 105
Trd, 430753.583, 113
Trd, 430755.450, 105
Trd, 430755.517, 99
Trd, 430755.967, 93
Trd, 430756.183, 89
Trd, 430757.383, 110
Trd, 430759.233, 104
Trd, 430759.267, 102
Trd, 430760.700, 103
Trd, 430762.183, 102
Trd, 430762.350, 108
Trd, 430762.700, 95
Trd, 430762.767, 109
Trd, 430763.317, 113
Trd, 430763.400, 112
Trd, 430764.583, 96
Trd, 430765.833, 118
Trd, 430766.050, 106
Trd, 430766.600, 119
Trd, 430767.133, 109
Trd, 430768.167, 112
Trd, 430769.000, 113
Trd, 430769.133, 104
Trd, 430769.183, 103
Trd, 430771.400, 99
Trd, 430772.083, 103
Trd, 430772.400, 105
Trd, 430775.317, 96
Trd, 430776.933, 97
Trd, 430778.017, 107
Trd, 430778.533, 113
Trd, 430779.000, 104
Trd, 430779.833, 97
Trd, 430779.917, 96
Trd, 430781.350, 110
Trd, 430782.050, 102
Trd, 430783.267, 104
Trd, 430785.100, 94
Trd, 430785.733, 91
Trd, 430787.250, 105
Trd, 430787.400, 112
Trd, 430788.733, 100
Trd, 430789.017, 107
Trd, 430789.167, 93
Trd, 430790.700, 97
Trd, 430791.767, 105
Trd, 430792.383, 105
Trd, 430793.033, 91
Trd, 430794.450, 94
Trd, 430794.900, 101
Trd, 430795.883, 115
Trd, 430797.767, 109
Trd, 430798.883, 104
Trd, 430798.900, 98
Trd, 430800.233, 114
Trd, 430800.467, 96
Trd, 430801.900, 112
Trd, 430803.400, 105
Trd, 430803.500, 104
Trd, 430803.600, 101
Trd, 430803.633, 94
Trd, 430805.083, 99
Trd, 430805.517, 100
Trd, 430806.100, 93
Trd, 430807.017, 86
Trd, 430807.233, 101
Trd, 430808.900, 109
Trd, 430809.783, 113
Trd, 430810.283, 104
Trd, 430811.250, 116
Trd, 430811.433, 107
Trd, 430811.533, 104
Trd, 430811.983, 88
Trd, 430813.633, 103
Trd, 430814.250, 92
Trd, 430814.417, 92
Trd, 430816.100, 106
Trd, 430816.450, 109
Trd, 430817.083, 101
Trd, 430818.217, 105
Trd, 430818.500, 95
Trd, 430821.633, 117
Trd, 430822.217, 114
Trd, 430822.617, 110
Trd, 430823.200, 113
Trd, 430823.883, 100
Trd, 430824.950, 111
Trd, 430825.000, 106
Trd, 430826.300, 96
Trd, 430827.583, 115
Trd, 430828.600, 110
Trd, 430831.033, 100
Trd, 430831.750, 93
Trd, 430832.467, 106
Trd, 430834.233, 110
Trd, 430835.133, 106
Trd, 430835.417, 108
Trd, 430836.000, 109
Trd, 430836.483, 120
Trd, 430836.950, 95
Trd, 430837.083, 94
Trd, 430837.350, 91
Trd, 430837.733, 96
Trd, 430838.817, 97
Trd, 430839.567, 107
Trd, 430840.783, 119
Trd, 430841.933, 106
Trd, 430843.133, 96
Trd, 430844.483, 124
Trd, 430844.733, 115
Trd, 430845.500, 103
Trd, 430846.417, 102
Trd, 430849.117, 107
Trd, 430850.100, 100
Trd, 430850.550, 103
Trd, 430854.167, 105
Trd, 430854.250, 113
Trd, 430854.550, 101
Trd, 430855.050, 116
Trd, 430855.300, 114
Trd, 430855.317, 98
Trd, 430856.833, 106
Trd, 430857.167, 98
Trd, 430857.233, 93
Trd, 430858.267, 92
Trd, 430858.733, 90
Trd, 430859.583, 112
Trd, 430859.950, 91
Trd, 430861.233, 93
Trd, 430862.717, 106
Trd, 430863.617, 97
Trd, 430865.783, 107
Trd, 430866.217, 109
Trd, 430866.583, 101
Trd, 430869.467, 110
Trd, 430871.433, 109
Trd, 430871.483, 107
Trd, 430871.733, 101
Trd, 430872.967, 111
Trd, 430873.317, 105
Trd, 430874.617, 108
Trd, 430875.067, 100
Trd, 430876.733, 107
Trd, 430877.183, 103
Trd, 430878.917, 114
Trd, 430879.883, 93
Trd, 430880.100, 101
Trd, 430880.750, 97
Trd, 430882.567, 107
Trd, 430882.933, 112
Trd, 430882.950, 113
Trd, 430883.767, 114
Trd, 430884.550, 103
Trd, 430886.433, 102
Trd, 430886.833, 99
Trd, 430888.383, 111
Trd, 430889.017, 108
Trd, 430889.367, 95
Trd, 430891.150, 108
Trd, 430893.283, 119
Trd, 430893.517, 102
Trd, 430894.800, 109
Trd, 430895.250, 115
Trd, 430895.500, 104
Trd, 430896.150, 112
Trd, 430897.217, 98
Trd, 430897.367, 96
Trd, 430898.017, 93
Trd, 430898.133, 87
Trd, 430898.267, 87
Trd, 430899.583, 108
Trd, 430900.217, 118
Trd, 430900.633, 107
Trd, 430901.317, 92
Trd, 430902.333, 86
Trd, 430902.783, 95
Trd, 430905.067, 101
Trd, 430905.583, 100
Trd, 430907.017, 103
Trd, 430907.450, 98
Trd, 430909.917, 95
Trd, 430910.233, 109
Trd, 430910.267, 118
Trd, 430911.250, 90
Trd, 430911.850, 118
Trd, 430912.300, 117
Trd, 430912.517, 105
Trd, 430913.267, 105
Trd, 430913.683, 93
Trd, 430916.900, 104
Trd, 430917.867, 98
Trd, 430918.500, 108
Trd, 430920.133, 103
Trd, 430920.300, 101
Trd, 430921.067, 105
Trd, 430923.283, 109
Trd, 430923.800, 103
Trd, 430924.567, 102
Trd, 430924.700, 101
Trd, 430924.900, 105
Trd, 430924.933, 109
Trd, 430928.633, 93
Trd, 430929.917, 112
Trd, 430929.950, 105
Trd, 430930.817, 109
Trd, 430932.083, 102
Trd, 430933.700, 117
Trd, 430934.033, 119
Trd, 430934.200, 109
Trd, 430934.267, 95
Trd, 430934.483, 94
Trd, 430934.950, 100
Trd, 430935.950, 113
Trd, 430936.883, 102
Trd, 430938.950, 107
Trd, 430939.033, 102
Trd, 430939.867, 95
Trd, 430942.900, 109
Trd, 430943.283, 118
Trd, 430943.483, 104
Trd, 430943.883, 117
Trd, 430944.017, 115
Trd, 430944.083, 112
Trd, 430945.400, 106
Trd, 430946.517, 119
Trd, 430947.967, 103
Trd, 430948.633, 98
Trd, 430949.367, 109
Trd, 430949.567, 110
Trd, 430951.717, 113
Trd, 430952.333, 99
Trd, 430952.933, 96
Trd, 430954.117, 104
Trd, 430954.500, 98
Trd, 430954.817, 109
Trd, 430956.100, 106
Trd, 430956.317, 105
Trd, 430956.900, 104
Trd, 430957.400, 99
Trd, 430960.400, 98
Trd, 430960.983, 106
Trd, 430962.683, 117
Trd, 430963.500, 107
Trd, 430964.133, 112
Trd, 430964.567, 104
Trd, 430965.000, 93
Trd, 430965.633, 105
Trd, 430965.800, 109
Trd, 430966.350, 91
Trd, 430967.000, 93
Trd, 430967.883, 86
Trd, 430969.117, 91
Trd, 430970.267, 112
Trd, 430970.533, 112
Trd, 430970.550, 114
Trd, 430970.600, 111
Trd, 430971.300, 96
Trd, 430973.067, 106
Trd, 430973.550, 106
Trd, 430974.933, 110
Trd, 430974.967, 108
Trd, 430975.433, 100
Trd, 430978.650, 105
Trd, 430979.233, 105
Trd, 430980.950, 109
Trd, 430981.300, 101
Trd, 430982.133, 118
Trd, 430983.033, 93
Trd, 430983.350, 82
Trd, 430984.600, 96
Trd, 430986.000, 109
Trd, 430986.567, 111
Trd, 430987.767, 106
Trd, 430987.900, 120
Trd, 430988.583, 103
Trd, 430988.667, 100
Trd, 430988.950, 104
Trd, 430988.983, 93
Trd, 430990.633, 98
Trd, 430990.767, 96
Trd, 430991.017, 94
Trd, 430992.583, 116
Trd, 430992.800, 100
Trd, 430994.183, 103
Trd, 430994.767, 105
Trd, 430994.900, 91
Trd, 430995.367, 121
Trd, 430995.583, 93
Trd, 430995.633, 113
Trd, 430997.533, 94
Trd, 430998.183, 108
Trd, 430998.933, 109
Trd, 430999.383, 112
Trd, 431001.583, 117
Trd, 431001.683, 113
Trd, 431002.900, 102
Trd, 431005.667, 103
Trd, 431006.133, 108
Trd, 431006.200, 106
Trd, 431009.183, 112
Trd, 431009.767, 113
Trd, 431009.817, 112
Trd, 431010.167, 112
Trd, 431010.283, 111
Trd, 431011.683, 105
Trd, 431011.917, 93
Trd, 431013.367, 112
Trd, 431013.750, 106
Trd, 431016.000, 109
Trd, 431016.033, 103
Trd, 431017.033, 106
Trd, 431017.533, 122
Trd, 431018.467, 114
Trd, 431018.817, 107
Trd, 431019.250, 108
Trd, 431019.783, 121
Trd, 431020.283, 113
Trd, 431020.750, 102
Trd, 431021.250, 113
Trd, 431021.800, 105
Trd, 431022.317, 103
Trd, 431022.700, 114
Trd, 431025.000, 105
Trd, 431025.933, 93
Trd, 431026.100, 104
Trd, 431027.717, 97
Trd, 431028.500, 93
Trd, 431029.600, 118
Trd, 431030.067, 117
Trd, 431030.883, 123
Trd, 431033.767, 111
Trd, 431035.467, 113
Trd, 431036.850, 104
Trd, 431037.017, 99
Trd, 431037.317, 96
Trd, 431038.283, 93
Trd, 431039.000, 114
Trd, 431039.300, 120
Trd, 431039.800, 108
Trd, 431040.350, 118
Trd, 431042.133, 107
Trd, 431042.700, 106
Trd, 431043.383, 114
Trd, 431043.783, 104
Trd, 431043.883, 96
Trd, 431044.500, 112
Trd, 431045.050, 105
Trd, 431045.233, 95
Trd, 431046.317, 108
Trd, 431046.633, 100
Trd, 431046.967, 103
Trd, 431047.100, 110
Trd, 431050.567, 107
Trd, 431050.900, 93
Trd, 431053.967, 93
Trd, 431054.583, 93
Trd, 431055.850, 96
Trd, 431056.200, 99
Trd, 431057.133, 100
Trd, 431057.367, 91
Trd, 431057.833, 110
Trd, 431058.483, 98
Trd, 431061.283, 104
Trd, 431062.433, 100
Trd, 431063.033, 105
Trd, 431064.167, 103
Trd, 431064.233, 99
Trd, 431064.667, 94
Trd, 431067.067, 100
Trd, 431068.083, 111
Trd, 431069.433, 96
Trd, 431070.317, 101
Trd, 431070.667, 101
Trd, 431070.933, 112
Trd, 431071.517, 94
Trd, 431071.617, 91
Trd, 431072.483, 120
Trd, 431072.833, 121
Trd, 431072.883, 108
Trd, 431075.033, 109
Trd, 431075.050, 97
Trd, 431075.517, 109
Trd, 431077.083, 96
Trd, 431079.050, 110
Trd, 431080.150, 95
Trd, 431081.450, 123
Trd, 431081.783, 98
Trd, 431082.317, 98
Trd, 431082.850, 106
Trd, 431083.300, 101
Trd, 431085.583, 106
Trd, 431085.900, 106
Trd, 431086.017, 91
Trd, 431086.350, 109
Trd, 431086.417, 98
Trd, 431087.883, 105
Trd, 431088.517, 101
Trd, 431090.167, 96
Trd, 431091.600, 93
Trd, 431093.900, 119
Trd, 431094.633, 114
Trd, 431096.383, 118
Trd, 431096.950, 112
Trd, 431097.883, 110
Trd, 431098.167, 114
Trd, 431098.800, 105
Trd, 431098.833, 104
Trd, 431100.217, 109
Trd, 431100.317, 107
Trd, 431101.050, 96
Trd, 431103.850, 101
Trd, 431105.517, 101
Trd, 431107.450, 111
Trd, 431107.633, 112
Trd, 431108.633, 111
Trd, 431108.867, 93
Trd, 431109.417, 104
Trd, 431109.617, 112
Trd, 431109.733, 88
Trd, 431111.883, 93
Trd, 431115.500, 113
Trd, 431116.133, 106
Trd, 431117.267, 109
Trd, 431117.900, 118
Trd, 431119.083, 114
Trd, 431119.350, 100
Trd, 431121.267, 109
Trd, 431121.467, 109
Trd, 431121.633, 106
Trd, 431124.367, 111
Trd, 431124.517, 102
Trd, 431126.233, 110
Trd, 431126.467, 115
Trd, 431127.417, 109
Trd, 431128.033, 115
Trd, 431129.350, 107
Trd, 431129.600, 112
Trd, 431129.733, 98
Trd, 431132.583, 105
Trd, 431133.433, 93
Trd, 431133.933, 97
Trd, 431135.067, 109
Trd, 431135.083, 108
Trd, 431136.383, 101
Trd, 431138.133, 96
Trd, 431138.700, 102
Trd, 431139.017, 107
Trd, 431139.433, 100
Trd, 431140.450, 109
Trd, 431141.550, 120
Trd, 431141.683, 108
Trd, 431142.217, 102
Trd, 431143.600, 111
Trd, 431143.700, 121
Trd, 431145.483, 120
Trd, 431146.050, 109
Trd, 431146.133, 95
Trd, 431146.867, 103
Trd, 431147.317, 94
Trd, 431149.967, 114
Trd, 431150.050, 112
Trd, 431150.733, 105
Trd, 431150.800, 93
Trd, 431151.633, 99
Trd, 431151.967, 90
Trd, 431154.017, 111
Trd, 431155.217, 114
Trd, 431155.300, 107
Trd, 431155.733, 118
Trd, 431156.583, 105
Trd, 431157.583, 107
Trd, 431159.867, 105
Trd, 431160.600, 106
Trd, 431160.683, 121
Trd, 431161.600, 99
Trd, 431161.917, 115
Trd, 431162.367, 99
Trd, 431163.783, 109
Trd, 431164.117, 104
Trd, 431164.900, 110
Trd, 431165.800, 96
Trd, 431166.567, 93
Trd, 431167.517, 95
Trd, 431168.717, 115
Trd, 431169.667, 104
Trd, 431170.900, 107
Trd, 431171.717, 108
Trd, 431172.317, 112
Trd, 431172.500, 105
Trd, 431172.867, 87
Trd, 431174.950, 111
Trd, 431175.183, 118
Trd, 431176.900, 111
Trd, 431178.417, 109
Trd, 431180.017, 106
Trd, 431181.033, 106
Trd, 431181.150, 104
Trd, 431181.300, 103
Trd, 431181.600, 103
Trd, 431181.800, 93
Trd, 431183.117, 100
Trd, 431183.833, 114
Trd, 431184.000, 109
Trd, 431185.283, 110
Trd, 431185.483, 117
Trd, 431185.767, 100
Trd, 431186.950, 103
Trd, 431187.967, 111
Trd, 431189.417, 111
Trd, 431190.167, 105
Trd, 431190.333, 114
Trd, 431191.033, 107
Trd, 431191.600, 104
Trd, 431192.450, 104
Trd, 431193.683, 118
Trd, 431194.900, 121
Trd, 431195.650, 97
Trd, 431197.017, 93
Trd, 431197.683, 104
Trd, 431199.200, 109
Trd, 431200.467, 110
Trd, 431201.833, 110
Trd, 431201.983, 110
Trd, 431202.633, 110
Trd, 431203.233, 99
Trd, 431203.433, 102
Trd, 431204.117, 97
Trd, 431204.200, 95
Trd, 431205.600, 109
Trd, 431205.817, 96
Trd, 431206.333, 100
Trd, 431207.133, 110
Trd, 431207.767, 105
Trd, 431209.500, 114
Trd, 431210.000, 98
Trd, 431211.233, 116
Trd, 431211.800, 115
Trd, 431212.217, 115
Trd, 431212.300, 93
Trd, 431212.583, 120
Trd, 431214.150, 112
Trd, 431214.983, 118
Trd, 431216.417, 104
Trd, 431216.433, 103
Trd, 431217.267, 96
Trd, 431218.200, 104
Trd, 431221.050, 112
Trd, 431221.200, 110
Trd, 431221.233, 109
Trd, 431221.417, 100
Trd, 431222.167, 116
Trd, 431224.450, 108
Trd, 431226.950, 106
Trd, 431227.200, 100
Trd, 431227.617, 111
Trd, 431228.317, 93
Trd, 431229.483, 95
Trd, 431229.750, 89
Trd, 431230.667, 114
Trd, 431230.933, 112
Trd, 431231.600, 104
Trd, 431231.750, 90
Trd, 431233.117, 114
Trd, 431233.183, 102
Trd, 431233.367, 101
Trd, 431233.383, 95
Trd, 431233.883, 118
Trd, 431236.200, 115
Trd, 431236.400, 106
Trd, 431236.883, 109
Trd, 431238.200, 93
Trd, 431239.350, 102
Trd, 431239.667, 110
Trd, 431240.217, 92
Trd, 431240.850, 95
Trd, 431240.933, 107
Trd, 431242.467, 109
Trd, 431242.533, 106
Trd, 431244.083, 90
Trd, 431244.483, 101
Trd, 431245.183, 87
Trd, 431245.583, 90
Trd, 431246.933, 101
Trd, 431247.633, 105
Trd, 431247.967, 83
Trd, 431248.683, 103
Trd, 431248.950, 99
Trd, 431249.217, 95
Trd, 431249.400, 89
Trd, 431253.467, 105
Trd, 431254.100, 113
Trd, 431256.167, 106
Trd, 431257.350, 115
Trd, 431258.817, 115
Trd, 431258.917, 114
Trd, 431258.967, 106
Trd, 431259.550, 114
Trd, 431259.717, 105
Trd, 431259.750, 119
Trd, 431261.150, 96
Trd, 431261.817, 106
Trd, 431263.317, 99
Trd, 431264.833, 102
Trd, 431266.050, 102
Trd, 431266.067, 114
Trd, 431267.267, 94
Trd, 431269.217, 93
Trd, 431274.017, 111
Trd, 431274.100, 110
Trd, 431274.700, 105
Trd, 431274.767, 95
Trd, 431275.667, 103
Trd, 431276.150, 102
Trd, 431278.317, 102
Trd, 431278.400, 93
Trd, 431278.733, 110
Trd, 431280.450, 104
Trd, 431280.667, 112
Trd, 431280.733, 112
Trd, 431281.150, 106
Trd, 431284.083, 100
Trd, 431285.067, 97
Trd, 431287.733, 97
Trd, 431288.500, 104
Trd, 431288.650, 110
Trd, 431289.050, 96
Trd, 431289.700, 106
Trd, 431290.067, 110
Trd, 431292.233, 114
Trd, 431293.650, 115
Trd, 431294.217, 111
Trd, 431297.783, 105
Trd, 431298.833, 94
Trd, 431299.117, 93
Trd, 431300.117, 98
Trd, 431301.033, 95
Trd, 431301.100, 101
Trd, 431301.567, 117
Trd, 431301.983, 104
Trd, 431302.300, 95
Trd, 431305.067, 110
Trd, 431305.817, 109
Trd, 431305.967, 101
Trd, 431307.233, 122
Trd, 431309.133, 107
Trd, 431309.283, 105
Trd, 431309.550, 119
Trd, 431310.050, 121
Trd, 431311.800, 115
Trd, 431311.900, 113
Trd, 431313.017, 116
Trd, 431313.833, 112
Trd, 431314.300, 104
Trd, 431315.183, 102
Trd, 431316.467, 117
Trd, 431317.317, 117
Trd, 431319.483, 109
Trd, 431320.083, 106
Trd, 431322.167, 108
Trd, 431323.667, 105
Trd, 431323.767, 104
Trd, 431323.850, 111
Trd, 431324.750, 93
Trd, 431325.867, 99
Trd, 431325.900, 94
Trd, 431326.250, 91
Trd, 431326.567, 93
Trd, 431329.400, 108
Trd, 431330.467, 113
Trd, 431330.850, 112
Trd, 431331.117, 112
Trd, 431332.000, 117
Trd, 431332.133, 115
Trd, 431333.250, 108
Trd, 431333.450, 120
Trd, 431333.567, 103
Trd, 431335.267, 109
Trd, 431335.467, 106
Trd, 431337.083, 107
Trd, 431337.650, 104
Trd, 431338.200, 103
Trd, 431338.383, 93
Trd, 431338.867, 91
Trd, 431339.900, 106
Trd, 431340.867, 112
Trd, 431341.500, 98
Trd, 431342.367, 110
Trd, 431342.817, 103
Trd, 431345.200, 93
Trd, 431345.867, 98
Trd, 431347.783, 104
Trd, 431349.100, 106
Trd, 431350.083, 104
Trd, 431350.167, 95
Trd, 431352.217, 115
Trd, 431352.567, 110
Trd, 431353.650, 109
Trd, 431353.683, 106
Trd, 431354.483, 101
Trd, 431355.500, 107
Trd, 431355.533, 100
Trd, 431355.917, 112
Trd, 431356.750, 109
Trd, 431358.150, 114
Trd, 431359.067, 103
Trd, 431360.683, 98
Trd, 431360.817, 95
Trd, 431362.000, 96
Trd, 431362.667, 105
Trd, 431362.800, 112
Trd, 431363.317, 93
Trd, 431364.600, 100
Trd, 431365.600, 107
Trd, 431365.650, 97
Trd, 431365.733, 109
Trd, 431367.383, 100
Trd, 431368.567, 118
Trd, 431369.733, 103
Trd, 431369.933, 102
Trd, 431370.550, 121
Trd, 431372.083, 115
Trd, 431372.733, 93
Trd, 431373.783, 110
Trd, 431374.650, 114
Trd, 431374.850, 106
Trd, 431375.367, 105
Trd, 431376.217, 114
Trd, 431377.300, 109
Trd, 431377.617, 88
Trd, 431377.850, 88
Trd, 431378.000, 84
Trd, 431378.667, 117
Trd, 431379.233, 111
Trd, 431380.733, 99
Trd, 431381.167, 102
Trd, 431385.567, 114
Trd, 431385.967, 117
Trd, 431385.983, 106
Trd, 431386.100, 106
Trd, 431386.183, 105
Trd, 431386.383, 93
Trd, 431387.800, 98
Trd, 431387.967, 93
Trd, 431388.067, 105
Trd, 431388.500, 95
Trd, 431391.750, 111
Trd, 431392.533, 113
Trd, 431392.717, 105
Trd, 431392.933, 96
Trd, 431393.100, 94
Trd, 431394.833, 119
Trd, 431396.083, 112
Trd, 431398.250, 119
Trd, 431399.217, 109
Trd, 431399.267, 106
Trd, 431400.483, 120
Trd, 431401.333, 115
Trd, 431401.900, 114
Trd, 431402.950, 120
Trd, 431403.233, 119
Trd, 431403.417, 93
Trd, 431403.617, 106
Trd, 431404.783, 105
Trd, 431405.033, 99
Trd, 431406.567, 103
Trd, 431407.133, 92
Trd, 431408.517, 113
Trd, 431409.550, 103
Trd, 431411.400, 101
Trd, 431412.317, 104
Trd, 431412.733, 99
Trd, 431413.483, 111
Trd, 431413.550, 108
Trd, 431413.650, 119
Trd, 431414.283, 92
Trd, 431416.000, 100
Trd, 431417.083, 114
Trd, 431418.750, 101
Trd, 431418.900, 94
Trd, 431420.800, 115
Trd, 431421.067, 114
Trd, 431423.550, 111
Trd, 431423.700, 117
Trd, 431424.767, 106
Trd, 431425.133, 97
Trd, 431425.483, 108
Trd, 431426.500, 108
Trd, 431426.517, 107
Trd, 431426.783, 93
Trd, 431429.500, 106
Trd, 431431.000, 114
Trd, 431431.583, 111
Trd, 431432.367, 121
Trd, 431433.383, 120
Trd, 431433.800, 103
Trd, 431434.667, 102
Trd, 431435.967, 110
Trd, 431438.167, 108
Trd, 431438.367, 104
Trd, 431438.717, 107
Trd, 431438.750, 91
Trd, 431440.633, 114
Trd, 431441.467, 101
Trd, 431441.817, 122
Trd, 431443.050, 119
Trd, 431445.533, 114
Trd, 431446.600, 120
Trd, 431446.733, 114
Trd, 431447.083, 109
Trd, 431447.550, 106
Trd, 431447.817, 98
Trd, 431448.417, 106
Trd, 431449.283, 118
Trd, 431449.317, 93
Trd, 431450.433, 104
Trd, 431452.633, 106
Trd, 431453.233, 116
Trd, 431454.850, 106
Trd, 431455.133, 98
Trd, 431455.400, 93
Trd, 431456.750, 101
Trd, 431457.033, 91
Trd, 431458.033, 105
Trd, 431458.533, 104
Trd, 431458.800, 103
Trd, 431459.350, 94
Trd, 431461.000, 117
Trd, 431461.400, 116
Trd, 431465.200, 114
Trd, 431465.733, 111
Trd, 431466.517, 106
Trd, 431467.167, 93
Trd, 431468.033, 102
Trd, 431469.067, 102
Trd, 431469.383, 109
Trd, 431469.600, 115
Trd, 431470.283, 108
Trd, 431472.483, 112
Trd, 431472.933, 110
Trd, 431473.350, 101
Trd, 431473.733, 99
Trd, 431474.383, 104
Trd, 431474.450, 93
Trd, 431474.867, 112
Trd, 431475.833, 115
Trd, 431477.467, 105
Trd, 431477.933, 93
Trd, 431478.117, 98
Trd, 431478.150, 91
Trd, 431478.683, 87
Trd, 431478.733, 86
Trd, 431479.300, 113
Trd, 431480.217, 115
Trd, 431481.150, 120
Trd, 431482.450, 109
Trd, 431484.533, 106
Trd, 431484.967, 107
Trd, 431485.500, 100
Trd, 431486.083, 121
Trd, 431486.517, 93
Trd, 431487.300, 118
Trd, 431487.467, 115
Trd, 431487.667, 109
Trd, 431488.783, 89
Trd, 431489.183, 107
Trd, 431491.167, 91
Trd, 431494.150, 112
Trd, 431494.517, 113
Trd, 431494.833, 106
Trd, 431496.083, 106
Trd, 431496.483, 105
Trd, 431496.550, 96
Trd, 431496.750, 109
Trd, 431499.933, 115
Trd, 431500.133, 114
Trd, 431500.867, 107
Trd, 431501.433, 108
Trd, 431501.950, 108
Trd, 431503.733, 116
Trd, 431504.400, 111
Trd, 431505.033, 105
Trd, 431505.150, 93
Trd, 431505.417, 103
Trd, 431506.700, 110
Trd, 431508.800, 110
Trd, 431510.567, 115
Trd, 431511.150, 113
Trd, 431511.567, 118
Trd, 431512.550, 116
Trd, 431512.700, 105
Trd, 431513.117, 118
Trd, 431513.433, 101
Trd, 431514.017, 117
Trd, 431515.300, 96
Trd, 431515.950, 93
Trd, 431516.333, 96
Trd, 431516.567, 92
Trd, 431516.617, 90
Trd, 431517.617, 109
Trd, 431518.633, 93
Trd, 431518.883, 111
Trd, 431520.250, 106
Trd, 431520.783, 89
Trd, 431522.750, 115
Trd, 431522.983, 102
Trd, 431523.433, 105
Trd, 431523.550, 101
Trd, 431526.750, 111
Trd, 431527.550, 110
Trd, 431527.717, 105
Trd, 431528.000, 100
Trd, 431528.400, 104
Trd, 431529.433, 99
Trd, 431530.467, 99
Trd, 431530.667, 115
Trd, 431531.300, 111
Trd, 431531.550, 100
Trd, 431533.133, 112
Trd, 431533.683, 107
Trd, 431535.017, 107
Trd, 431536.767, 114
Trd, 431538.200, 107
Trd, 431538.467, 104
Trd, 431538.600, 111
Trd, 431539.550, 107
Trd, 431540.167, 105
Trd, 431540.850, 108
Trd, 431541.267, 121
Trd, 431541.650, 119
Trd, 431542.383, 106
Trd, 431543.283, 107
Trd, 431543.550, 106
Trd, 431543.767, 96
Trd, 431544.567, 117
Trd, 431546.667, 108
Trd, 431549.617, 97
Trd, 431550.550, 111
Trd, 431550.750, 106
Trd, 431550.933, 93
Trd, 431551.883, 123
Trd, 431552.383, 96
Trd, 431552.917, 95
Trd, 431553.333, 109
Trd, 431553.400, 111
Trd, 431556.150, 98
Trd, 431556.350, 95
Trd, 431556.667, 99
Trd, 431557.433, 109
Trd, 431557.883, 93
Trd, 431558.133, 91
Trd, 431558.883, 99
Trd, 431559.650, 108
Trd, 431560.467, 115
Trd, 431561.883, 106
Trd, 431562.033, 109
Trd, 431562.850, 117
Trd, 431564.550, 104
Trd, 431565.033, 104
Trd, 431566.300, 117
Trd, 431567.433, 98
Trd, 431568.700, 98
Trd, 431569.433, 99
Trd, 431569.450, 110
Trd, 431570.383, 99
Trd, 431571.450, 117
Trd, 431571.867, 102
Trd, 431572.400, 88
Trd, 431573.583, 88
Trd, 431575.717, 104
Trd, 431577.700, 110
Trd, 431577.917, 95
Trd, 431578.283, 93
Trd, 431579.867, 104
Trd, 431580.067, 112
Trd, 431580.400, 118
Trd, 431583.117, 109
Trd, 431583.233, 110
Trd, 431583.317, 113
Trd, 431583.417, 103
Trd, 431583.983, 104
Trd, 431584.367, 103
Trd, 431584.917, 106
Trd, 431585.467, 102
Trd, 431587.217, 93
Trd, 431591.750, 104
Trd, 431591.800, 97
Trd, 431592.117, 105
Trd, 431592.333, 111
Trd, 431594.283, 114
Trd, 431594.750, 106
Trd, 431594.800, 93
Trd, 431595.250, 91
Trd, 431595.267, 104
Trd, 431595.433, 95
Trd, 431595.617, 98
Trd, 431596.067, 87
Trd, 431596.600, 101
Trd, 431597.433, 121
Trd, 431597.717, 93
Trd, 431598.183, 90
Trd, 431599.717, 96
Trd, 431600.017, 94
Trd, 431601.433, 106
Trd, 431602.100, 102
Trd, 431603.233, 115
Trd, 431604.767, 92
Trd, 431605.467, 98
Trd, 431607.583, 101
Trd, 431608.617, 112
Trd, 431609.550, 113
Trd, 431611.033, 112
Trd, 431611.200, 113
Trd, 431613.100, 114
Trd, 431613.933, 110
Trd, 431614.867, 94
Trd, 431615.467, 109
Trd, 431616.300, 110
Trd, 431616.850, 96
Trd, 431617.233, 110
Trd, 431617.683, 93
Trd, 431618.417, 102
Trd, 431619.867, 105
Trd, 431620.150, 93
Trd, 431623.583, 116
Trd, 431624.533, 110
Trd, 431624.900, 113
Trd, 431625.883, 112
Trd, 431625.933, 109
Trd, 431626.450, 108
Trd, 431627.283, 102
Trd, 431627.583, 108
Trd, 431627.600, 101
Trd, 431628.233, 117
Trd, 431629.650, 107
Trd, 431632.217, 102
Trd, 431632.667, 109
Trd, 431633.367, 122
Trd, 431634.667, 117
Trd, 431634.767, 114
Trd, 431635.750, 115
Trd, 431636.117, 102
Trd, 431637.450, 112
Trd, 431638.617, 93
Trd, 431639.317, 97
Trd, 431640.583, 87
Trd, 431640.983, 100
Trd, 431642.117, 104
Trd, 431643.800, 115
Trd, 431644.717, 114
Trd, 431645.967, 118
Trd, 431646.433, 116
Trd, 431646.967, 121
Trd, 431647.667, 114
Trd, 431647.883, 112
Trd, 431648.600, 115
Trd, 431648.783, 108
Trd, 431648.967, 116
Trd, 431650.717, 109
Trd, 431651.183, 95
Trd, 431651.550, 93
Trd, 431654.667, 106
Trd, 431654.850, 107
Trd, 431655.467, 112
Trd, 431655.567, 109
Trd, 431656.250, 104
Trd, 431657.083, 118
Trd, 431657.150, 113
Trd, 431657.900, 103
Trd, 431659.350, 103
Trd, 431659.483, 108
Trd, 431659.867, 118
Trd, 431660.450, 105
Trd, 431660.633, 95
Trd, 431662.183, 100
Trd, 431663.500, 104
Trd, 431665.617, 107
Trd, 431666.050, 111
Trd, 431669.150, 104
Trd, 431670.433, 93
Trd, 431671.433, 98
Trd, 431671.700, 97
Trd, 431672.200, 102
Trd, 431673.600, 111
Trd, 431673.683, 110
Trd, 431673.850, 111
Trd, 431675.550, 107
Trd, 431675.617, 93
Trd, 431677.617, 113
Trd, 431679.033, 105
Trd, 431679.600, 107
Trd, 431680.917, 99
Trd, 431683.467, 98
Trd, 431683.850, 93
Trd, 431684.617, 102
Trd, 431684.800, 109
Trd, 431685.067, 88
Trd, 431686.000, 104
Trd, 431686.433, 108
Trd, 431688.000, 109
Trd, 431688.600, 89
Trd, 431688.817, 96
Trd, 431689.433, 103
Trd, 431689.917, 92
Trd, 431690.367, 106
Trd, 431691.550, 112
Trd, 431691.750, 102
Trd, 431692.550, 103
Trd, 431695.583, 109
Trd, 431696.083, 96
Trd, 431697.733, 96
Trd, 431698.283, 93
Trd, 431699.367, 93
Trd, 431700.250, 109
Trd, 431700.533, 106
Trd, 431704.683, 96
Trd, 431705.050, 121
Trd, 431705.283, 120
Trd, 431705.817, 118
Trd, 431706.000, 115
Trd, 431706.533, 119
Trd, 431707.133, 102
Trd, 431707.867, 104
Trd, 431708.367, 123
Trd, 431708.800, 110
Trd, 431709.217, 95
Trd, 431710.400, 116
Trd, 431710.800, 120
Trd, 431711.400, 115
Trd, 431711.433, 104
Trd, 431711.783, 119
Trd, 431713.500, 106
Trd, 431714.217, 107
Trd, 431714.367, 93
Trd, 431714.967, 109
Trd, 431715.133, 93
Trd, 431717.450, 112
Trd, 431717.633, 111
Trd, 431719.733, 119
Trd, 431719.950, 110
Trd, 431720.900, 105
Trd, 431722.000, 100
Trd, 431723.517, 109
Trd, 431723.800, 124
Trd, 431724.817, 124
Trd, 431726.150, 102
Trd, 431727.700, 105
Trd, 431728.300, 104
Trd, 431728.617, 103
Trd, 431728.800, 101
Trd, 431730.467, 112
Trd, 431730.567, 108
Trd, 431730.750, 111
Trd, 431730.983, 103
Trd, 431734.183, 118
Trd, 431735.317, 101
Trd, 431735.367, 107
Trd, 431735.633, 100
Trd, 431735.800, 96
Trd, 431736.883, 112
Trd, 431738.333, 93
Trd, 431738.617, 98
Trd, 431739.700, 96
Trd, 431739.883, 94
Trd, 431740.950, 123
Trd, 431742.100, 97
Trd, 431743.983, 103
Trd, 431744.767, 109
Trd, 431745.767, 107
Trd, 431745.933, 100
Trd, 431746.367, 101
Trd, 431747.250, 115
Trd, 431748.650, 123
Trd, 431750.917, 94
Trd, 431751.133, 93
Trd, 431751.300, 91
Trd, 431751.667, 97
Trd, 431752.083, 99
Trd, 431753.400, 97
Trd, 431754.450, 101
Trd, 431757.417, 111
Trd, 431757.767, 108
Trd, 431757.967, 105
Trd, 431759.750, 103
Trd, 431759.867, 101
Trd, 431759.917, 93
Trd, 431760.300, 117
Trd, 431760.567, 91
Trd, 431761.867, 103
Trd, 431761.900, 102
Trd, 431763.567, 111
Trd, 431763.850, 112
Trd, 431764.317, 121
Trd, 431764.950, 90
Trd, 431766.767, 117
Trd, 431766.950, 110
Trd, 431767.850, 121
Trd, 431768.583, 114
Trd, 431768.833, 104
Trd, 431769.733, 112
Trd, 431770.850, 113
Trd, 431771.150, 107
Trd, 431771.333, 105
Trd, 431771.600, 120
Trd, 431771.833, 102
Trd, 431772.733, 95
Trd, 431774.033, 94
Trd, 431775.417, 94
Trd, 431775.550, 93
Trd, 431777.483, 111
Trd, 431778.217, 112
Trd, 431778.833, 119
Trd, 431779.367, 111
Trd, 431779.800, 101
Trd, 431780.200, 124
Trd, 431780.450, 107
Trd, 431781.300, 114
Trd, 431782.333, 116
Trd, 431783.033, 113
Trd, 431784.517, 109
Trd, 431785.600, 104
Trd, 431786.567, 93
Trd, 431786.750, 91
Trd, 431786.983, 105
Trd, 431788.600, 88
Trd, 431789.750, 98
Trd, 431790.000, 117
Trd, 431791.417, 106
Trd, 431793.500, 105
Trd, 431793.817, 107
Trd, 431794.883, 93
Trd, 431795.300, 88
Trd, 431795.633, 115
Trd, 431795.983, 87
Trd, 431796.650, 102
Trd, 431797.633, 96
Trd, 431797.850, 90
Trd, 431798.550, 109
Trd, 431798.800, 91
Trd, 431799.717, 110
Trd, 431800.683, 109
Trd, 431802.550, 109
Trd, 431805.250, 100
Trd, 431806.300, 110
Trd, 431807.317, 107
Trd, 431808.983, 113
Trd, 431809.350, 99
Trd, 431809.567, 93
Trd, 431809.700, 122
Trd, 431811.333, 94
Trd, 431811.750, 110
Trd, 431813.033, 110
Trd, 431814.033, 108
Trd, 431814.167, 106
Trd, 431815.067, 103
Trd, 431815.700, 99
Trd, 431816.767, 93
Trd, 431817.400, 100
Trd, 431818.317, 110
Trd, 431818.350, 93
Trd, 431818.883, 113
Trd, 431819.983, 104
Trd, 431821.283, 109
Trd, 431822.917, 107
Trd, 431823.300, 102
Trd, 431823.650, 108
Trd, 431824.183, 89
Trd, 431824.417, 86
Trd, 431825.683, 107
Trd, 431827.900, 95
Trd, 431828.683, 92
Trd, 431829.617, 103
Trd, 431829.817, 91
Trd, 431831.017, 96
Trd, 431831.333, 102
Trd, 431832.150, 111
Trd, 431832.817, 103
Trd, 431833.183, 106
Trd, 431834.117, 106
Trd, 431834.983, 118
Trd, 431836.950, 117
Trd, 431837.050, 106
Trd, 431838.667, 93
Trd, 431838.967, 88
Trd, 431839.133, 106
Trd, 431840.767, 113
Trd, 431841.200, 109
Trd, 431843.117, 106
Trd, 431843.800, 98
Trd, 431843.833, 93
Trd, 431845.050, 109
Trd, 431845.417, 109
Trd, 431845.533, 105
Trd, 431845.650, 120
Trd, 431847.283, 95
Trd, 431848.183, 107
Trd, 431848.233, 94
Trd, 431850.567, 91
Trd, 431851.300, 107
Trd, 431851.983, 111
Trd, 431852.650, 93
Trd, 431855.800, 111
Trd, 431855.967, 106
Trd, 431856.350, 106
Trd, 431856.867, 94
Trd, 431857.133, 82
Trd, 431857.167, 119
Trd, 431858.783, 107
Trd, 431859.167, 107
Trd, 431861.050, 111
Trd, 431861.233, 113
Trd, 431861.333, 110
Trd, 431862.483, 99
Trd, 431863.600, 116
Trd, 431864.400, 100
Trd, 431864.917, 111
Trd, 431866.200, 105
Trd, 431867.533, 117
Trd, 431867.850, 123
Trd, 431868.083, 107
Trd, 431868.100, 93
Trd, 431870.400, 106
Trd, 431870.600, 110
Trd, 431871.400, 117
Trd, 431872.283, 104
Trd, 431873.950, 112
Trd, 431874.933, 110
Trd, 431876.217, 107
Trd, 431876.317, 106
Trd, 431876.333, 108
Trd, 431876.617, 102
Trd, 431878.133, 93
Trd, 431878.667, 97
Trd, 431878.733, 91
Trd, 431880.033, 115
Trd, 431881.067, 91
Trd, 431882.917, 110
Trd, 431883.117, 108
Trd, 431884.467, 102
Trd, 431885.367, 107
Trd, 431885.517, 99
Trd, 431886.250, 98
Trd, 431886.383, 108
Trd, 431887.533, 93
Trd, 431888.200, 114
Trd, 431888.683, 100
Trd, 431888.783, 91
Trd, 431889.400, 106
Trd, 431890.700, 100
Trd, 431891.867, 112
Trd, 431892.333, 110
Trd, 431892.400, 106
Trd, 431894.067, 123
Trd, 431894.683, 89
Trd, 431895.417, 106
Trd, 431896.200, 87
Trd, 431898.033, 100
Trd, 431898.633, 122
Trd, 431900.100, 102
Trd, 431902.333, 102
Trd, 431902.750, 89
Trd, 431904.017, 122
Trd, 431904.767, 107
Trd, 431905.000, 94
Trd, 431905.067, 93
Trd, 431906.250, 116
Trd, 431906.500, 110
Trd, 431907.283, 97
Trd, 431907.500, 98
Trd, 431907.683, 120
Trd, 431909.767, 102
Trd, 431910.167, 101
Trd, 431911.333, 100
Trd, 431912.467, 104
Trd, 431912.500, 99
Trd, 431913.100, 106
Trd, 431914.050, 110
Trd, 431914.500, 105
Trd, 431914.883, 106
Trd, 431914.950, 99
Trd, 431915.183, 93
Trd, 431915.333, 111
Trd, 431917.700, 87
Trd, 431918.467, 91
Trd, 431918.667, 102
Trd, 431920.350, 91
Trd, 431920.667, 107
Trd, 431920.733, 89
Trd, 431921.050, 86
Trd, 431923.317, 91
Trd, 431924.483, 104
Trd, 431924.750, 100
Trd, 431924.900, 104
Trd, 431925.017, 97
Trd, 431925.417, 110
Trd, 431925.733, 99
Trd, 431926.083, 116
Trd, 431927.833, 100
Trd, 431928.517, 108
Trd, 431928.933, 106
Trd, 431930.317, 100
Trd, 431930.983, 115
Trd, 431934.350, 109
Trd, 431936.250, 107
Trd, 431936.333, 110
Trd, 431937.350, 110
Trd, 431937.783, 96
Trd, 431937.983, 94
Trd, 431938.233, 110
Trd, 431939.117, 93
Trd, 431940.200, 107
Trd, 431940.367, 110
Trd, 431940.833, 117
Trd, 431941.533, 100
Trd, 431942.900, 101
Trd, 431943.067, 96
Trd, 431943.583, 109
Trd, 431943.850, 99
Trd, 431944.583, 117
Trd, 431944.683, 120
Trd, 431945.750, 97
Trd, 431946.017, 101
Trd, 431946.167, 94
Trd, 431947.217, 100
Trd, 431948.183, 118
Trd, 431948.667, 114
Trd, 431949.067, 105
Trd, 431950.567, 95
Trd, 431951.100, 125
Trd, 431951.817, 107
Trd, 431955.917, 120
Trd, 431956.067, 102
Trd, 431958.650, 94
Trd, 431960.017, 97
Trd, 431961.300, 93
Trd, 431962.650, 113
Trd, 431962.750, 96
Trd, 431963.233, 106
Trd, 431964.400, 93
Trd, 431964.533, 110
Trd, 431964.767, 96
Trd, 431965.083, 94
Trd, 431965.783, 94
Trd, 431965.817, 93
Trd, 431966.067, 110
Trd, 431967.517, 106
Trd, 431967.967, 116
Trd, 431968.733, 121
Trd, 431969.383, 109
Trd, 431971.133, 102
Trd, 431972.017, 102
Trd, 431975.967, 106
Trd, 431976.267, 112
Trd, 431976.350, 105
Trd, 431976.483, 93
Trd, 431978.750, 108
Trd, 431979.000, 111
Trd, 431979.050, 107
Trd, 431980.317, 106
Trd, 431981.383, 105
Trd, 431982.150, 104
Trd, 431983.067, 93
Trd, 431983.167, 98
Trd, 431985.217, 101
Trd, 431985.533, 93
Trd, 431986.833, 110
Trd, 431987.400, 110
Trd, 431987.800, 98
Trd, 431988.450, 98
Trd, 431988.733, 106
Trd, 431989.183, 91
Trd, 431989.283, 110
Trd, 431991.550, 119
Trd, 431992.183, 101
Trd, 431992.217, 98
Trd, 431994.133, 95
Trd, 431994.500, 105
Trd, 431994.817, 92
Trd, 431996.033, 118
Trd, 431996.367, 110
Trd, 431996.583, 108
Trd, 431998.117, 113
Trd, 431999.383, 105
