Trd, 430662.950, 97
Trd, 430663.600, 99
Trd, 430663.733, 98
Trd, 430663.817, 99
Trd, 430664.100, 95
Trd, 430664.617, 83
Trd, 430665.550, 105
Trd, 430665.750, 115
Trd, 430667.633, 98
Trd, 430668.200, 95
Trd, 430669.067, 96
Trd, 430669.400, 96
Trd, 430669.700, 99
Trd, 430670.133, 102
Trd, 430671.533, 90
Trd, 430671.800, 90
Trd, 430672.667, 98
Trd, 430673.983, 100
Trd, 430675.450, 96
Trd, 430675.850, 99
Trd, 430676.333, 95
Trd, 430677.067, 100
Trd, 430677.167, 93
Trd, 430677.833, 96
Trd, 430678.483, 102
Trd, 430679.650, 109
Trd, 430680.050, 113
Trd, 430681.017, 106
Trd, 430681.150, 92
Trd, 430681.333, 89
Trd, 430681.367, 85
Trd, 430682.483, 97
Trd, 430682.667, 87
Trd, 430682.883, 100
Trd, 430684.533, 115
Trd, 430684.850, 119
Trd, 430685.100, 118
Trd, 430685.383, 97
Trd, 430685.467, 98
Trd, 430685.483, 83
Trd, 430686.100, 83
Trd, 430687.333, 92
Trd, 430688.350, 85
Trd, 430688.650, 89
Trd, 430688.733, 84
Trd, 430689.233, 87
Trd, 430690.000, 82
Trd, 430690.733, 104
Trd, 430692.967, 102
Trd, 430693.300, 106
Trd, 430694.217, 97
Trd, 430694.483, 82
Trd, 430694.950, 98
Trd, 430695.000, 101
Trd, 430695.267, 113
Trd, 430695.800, 100
Trd, 430696.217, 115
Trd, 430697.400, 92
Trd, 430698.650, 99
Trd, 430699.017, 100
Trd, 430699.350, 101
Trd, 430701.633, 102
Trd, 430702.067, 105
Trd, 430702.167, 104
Trd, 430702.467, 97
Trd, 430702.550, 90
Trd, 430702.817, 98
Trd, 430703.983, 84
Trd, 430705.367, 90
Trd, 430707.133, 105
Trd, 430707.250, 106
Trd, 430707.583, 109
Trd, 430707.850, 91
Trd, 430709.383, 99
Trd, 430712.117, 105
Trd, 430712.300, 101
Trd, 430712.467, 100
Trd, 430712.883, 99
Trd, 430713.150, 97
Trd, 430713.500, 101
Trd, 430713.900, 105
Trd, 430714.017, 86
Trd, 430714.200, 106
Trd, 430714.833, 107
Trd, 430715.017, 106
Trd, 430715.483, 86
Trd, 430716.083, 85
Trd, 430716.567, 102
Trd, 430717.650, 104
Trd, 430718.617, 103
Trd, 430718.633, 106
Trd, 430718.717, 107
Trd, 430720.017, 109
Trd, 430722.800, 107
Trd, 430722.850, 108
Trd, 430723.217, 97
Trd, 430723.767, 95
Trd, 430724.133, 92
Trd, 430727.133, 99
Trd, 430727.183, 92
Trd, 430727.333, 101
Trd, 430727.883, 99
Trd, 430728.283, 91
Trd, 430728.633, 90
Trd, 430729.250, 96
Trd, 430730.883, 84
Trd, 430731.567, 92
Trd, 430731.733, 97
Trd, 430732.850, 101
Trd, 430733.233, 90
Trd, 430733.250, 88
Trd, 430733.350, 106
Trd, 430734.217, 86
Trd, 430735.533, 96
Trd, 430735.650, 97
Trd, 430737.083, 100
Trd, 430737.317, 87
Trd, 430738.650, 88
Trd, 430738.933, 90
Trd, 430739.667, 90
Trd, 430740.317, 103
Trd, 430741.050, 102
Trd, 430741.250, 91
Trd, 430741.617, 113
Trd, 430742.150, 93
Trd, 430742.233, 92
Trd, 430744.417, 117
Trd, 430744.750, 116
Trd, 430744.767, 104
Trd, 430745.550, 100
Trd, 430746.517, 102
Trd, 430746.650, 101
Trd, 430747.867, 106
Trd, 430748.533, 97
Trd, 430748.800, 109
Trd, 430749.917, 96
Trd, 430751.517, 99
Trd, 430752.150, 101
Trd, 430752.400, 108
Trd, 430752.817, 109
Trd, 430753.217, 108
Trd, 430753.233, 111
Trd, 430753.683, 114
Trd, 430755.050, 110
Trd, 430755.367, 104
Trd, 430756.833, 113
Trd, 430757.600, 113
Trd, 430757.650, 106
Trd, 430758.483, 101
Trd, 430759.350, 98
Trd, 430759.367, 115
Trd, 430759.650, 89
Trd, 430759.717, 99
Trd, 430760.183, 111
Trd, 430761.817, 98
Trd, 430762.800, 94
Trd, 430763.017, 92
Trd, 430764.300, 112
Trd, 430765.250, 106
Trd, 430766.500, 97
Trd, 430767.133, 112
Trd, 430767.567, 92
Trd, 430768.533, 109
Trd, 430770.550, 95
Trd, 430770.633, 95
Trd, 430770.683, 90
Trd, 430770.867, 90
Trd, 430771.333, 101
Trd, 430771.650, 102
Trd, 430772.700, 100
Trd, 430773.783, 101
Trd, 430774.483, 93
Trd, 430775.050, 102
Trd, 430775.567, 103
Trd, 430775.917, 93
Trd, 430775.950, 110
Trd, 430779.017, 100
Trd, 430780.100, 97
Trd, 430780.350, 102
Trd, 430780.533, 90
Trd, 430781.333, 89
Trd, 430781.533, 112
Trd, 430782.200, 85
Trd, 430782.633, 102
Trd, 430783.533, 111
Trd, 430786.033, 100
Trd, 430786.233, 101
Trd, 430786.300, 104
Trd, 430786.467, 102
Trd, 430787.533, 106
Trd, 430787.583, 103
Trd, 430788.267, 106
Trd, 430788.850, 98
Trd, 430789.533, 114
Trd, 430790.900, 113
Trd, 430791.683, 101
Trd, 430792.000, 111
Trd, 430793.050, 107
Trd, 430793.733, 100
Trd, 430793.867, 98
Trd, 430794.233, 99
Trd, 430794.433, 97
Trd, 430794.450, 90
Trd, 430796.733, 93
Trd, 430797.517, 98
Trd, 430797.933, 97
Trd, 430799.017, 89
Trd, 430799.650, 97
Trd, 430800.133, 84
Trd, 430800.250, 97
Trd, 430800.833, 92
Trd, 430801.150, 91
Trd, 430801.533, 103
Trd, 430801.717, 103
Trd, 430803.183, 102
Trd, 430803.467, 105
Trd, 430805.133, 106
Trd, 430805.433, 115
Trd, 430806.967, 97
Trd, 430806.983, 96
Trd, 430807.867, 87
Trd, 430808.700, 89
Trd, 430809.850, 101
Trd, 430810.183, 90
Trd, 430810.617, 91
Trd, 430811.150, 95
Trd, 430811.850, 92
Trd, 430812.750, 95
Trd, 430812.883, 96
Trd, 430813.600, 102
Trd, 430813.817, 104
Trd, 430814.367, 106
Trd, 430815.150, 96
Trd, 430816.183, 95
Trd, 430817.350, 108
Trd, 430817.950, 110
Trd, 430818.967, 108
Trd, 430819.100, 105
Trd, 430819.900, 106
Trd, 430820.017, 113
Trd, 430820.167, 104
Trd, 430820.317, 98
Trd, 430820.700, 90
Trd, 430822.617, 100
Trd, 430823.683, 102
Trd, 430823.700, 106
Trd, 430824.550, 107
Trd, 430824.817, 113
Trd, 430827.267, 112
Trd, 430827.633, 115
Trd, 430827.817, 94
Trd, 430828.000, 93
Trd, 430828.617, 92
Trd, 430829.867, 95
Trd, 430830.467, 94
Trd, 430832.067, 96
Trd, 430832.450, 90
Trd, 430832.617, 99
Trd, 430832.967, 91
Trd, 430834.233, 97
Trd, 430834.883, 102
Trd, 430835.817, 82
Trd, 430835.917, 94
Trd, 430836.267, 115
Trd, 430837.600, 81
Trd, 430838.933, 82
Trd, 430838.967, 77
Trd, 430839.867, 98
Trd, 430840.800, 99
Trd, 430842.433, 97
Trd, 430842.450, 97
Trd, 430842.667, 100
Trd, 430844.200, 100
Trd, 430844.250, 99
Trd, 430844.883, 100
Trd, 430844.917, 102
Trd, 430845.300, 106
Trd, 430845.367, 105
Trd, 430845.733, 101
Trd, 430846.550, 115
Trd, 430847.067, 101
Trd, 430847.383, 97
Trd, 430848.050, 90
Trd, 430848.500, 95
Trd, 430848.667, 106
Trd, 430848.850, 80
Trd, 430852.683, 97
Trd, 430853.317, 98
Trd, 430853.933, 115
Trd, 430854.017, 106
Trd, 430854.050, 115
Trd, 430855.317, 121
Trd, 430857.333, 117
Trd, 430857.500, 116
Trd, 430858.583, 115
Trd, 430858.683, 106
Trd, 430858.933, 90
Trd, 430859.417, 91
Trd, 430859.950, 86
Trd, 430860.750, 84
Trd, 430861.183, 100
Trd, 430862.017, 88
Trd, 430862.867, 89
Trd, 430863.350, 94
Trd, 430864.433, 95
Trd, 430865.717, 101
Trd, 430867.300, 99
Trd, 430867.500, 102
Trd, 430867.933, 97
Trd, 430868.100, 106
Trd, 430868.650, 112
Trd, 430868.717, 89
Trd, 430868.983, 83
Trd, 430869.317, 82
Trd, 430869.650, 110
Trd, 430869.900, 114
Trd, 430870.367, 106
Trd, 430870.767, 106
Trd, 430871.550, 112
Trd, 430871.850, 73
Trd, 430873.633, 102
Trd, 430874.500, 92
Trd, 430875.200, 109
Trd, 430876.900, 93
Trd, 430877.050, 115
Trd, 430877.483, 90
Trd, 430878.100, 117
Trd, 430879.567, 111
Trd, 430879.700, 90
Trd, 430881.050, 94
Trd, 430881.117, 94
Trd, 430881.883, 95
Trd, 430882.450, 93
Trd, 430882.617, 106
Trd, 430882.867, 95
Trd, 430882.883, 92
Trd, 430886.117, 89
Trd, 430886.600, 85
Trd, 430887.417, 90
Trd, 430889.767, 85
Trd, 430889.867, 95
Trd, 430890.000, 95
Trd, 430890.267, 100
Trd, 430890.650, 91
Trd, 430891.683, 106
Trd, 430891.900, 106
Trd, 430892.467, 93
Trd, 430892.983, 92
Trd, 430893.200, 90
Trd, 430893.400, 104
Trd, 430894.067, 84
Trd, 430894.683, 81
Trd, 430894.833, 91
Trd, 430897.100, 88
Trd, 430898.350, 95
Trd, 430898.717, 98
Trd, 430899.683, 105
Trd, 430900.183, 106
Trd, 430900.983, 105
Trd, 430901.450, 115
Trd, 430902.150, 122
Trd, 430902.183, 120
Trd, 430902.500, 105
Trd, 430903.067, 104
Trd, 430903.833, 97
Trd, 430906.233, 95
Trd, 430907.667, 94
Trd, 430908.417, 94
Trd, 430908.567, 101
Trd, 430908.600, 86
Trd, 430908.717, 101
Trd, 430908.833, 82
Trd, 430909.217, 81
Trd, 430910.400, 86
Trd, 430911.117, 94
Trd, 430911.883, 88
Trd, 430912.883, 106
Trd, 430913.350, 104
Trd, 430914.517, 90
Trd, 430914.900, 92
Trd, 430914.917, 95
Trd, 430916.083, 101
Trd, 430917.450, 97
Trd, 430918.100, 92
Trd, 430919.067, 97
Trd, 430919.417, 98
Trd, 430919.783, 93
Trd, 430920.300, 109
Trd, 430920.350, 115
Trd, 430920.433, 90
Trd, 430920.817, 100
Trd, 430921.117, 115
Trd, 430921.367, 91
Trd, 430921.483, 83
Trd, 430922.550, 113
Trd, 430923.400, 98
Trd, 430923.567, 112
Trd, 430923.850, 97
Trd, 430924.667, 112
Trd, 430925.417, 88
Trd, 430926.367, 106
Trd, 430926.800, 88
Trd, 430927.033, 112
Trd, 430928.517, 106
Trd, 430928.617, 95
Trd, 430928.817, 88
Trd, 430929.583, 106
Trd, 430930.600, 120
Trd, 430933.033, 97
Trd, 430933.333, 98
Trd, 430933.667, 107
Trd, 430933.750, 97
Trd, 430934.883, 93
Trd, 430935.433, 118
Trd, 430935.600, 92
Trd, 430936.467, 90
Trd, 430937.183, 103
Trd, 430937.200, 86
Trd, 430938.100, 116
Trd, 430939.217, 117
Trd, 430939.367, 114
Trd, 430939.400, 93
Trd, 430941.017, 91
Trd, 430941.083, 93
Trd, 430942.650, 101
Trd, 430943.333, 100
Trd, 430943.633, 96
Trd, 430944.683, 100
Trd, 430945.500, 101
Trd, 430945.850, 102
Trd, 430947.183, 103
Trd, 430948.033, 102
Trd, 430950.233, 102
Trd, 430951.167, 108
Trd, 430951.183, 97
Trd, 430951.617, 108
Trd, 430951.833, 106
Trd, 430952.333, 112
Trd, 430952.950, 111
Trd, 430953.467, 92
Trd, 430953.533, 90
Trd, 430953.617, 84
Trd, 430953.783, 93
Trd, 430953.983, 94
Trd, 430954.083, 103
Trd, 430955.083, 82
Trd, 430956.450, 96
Trd, 430957.133, 94
Trd, 430958.633, 108
Trd, 430959.783, 84
Trd, 430960.583, 104
Trd, 430961.333, 99
Trd, 430961.550, 99
Trd, 430963.033, 115
Trd, 430964.650, 99
Trd, 430964.733, 103
Trd, 430964.850, 99
Trd, 430964.983, 110
Trd, 430965.467, 116
Trd, 430965.617, 99
Trd, 430966.183, 90
Trd, 430967.067, 99
Trd, 430967.283, 115
Trd, 430967.417, 120
Trd, 430971.600, 97
Trd, 430972.533, 99
Trd, 430973.467, 102
Trd, 430973.483, 98
Trd, 430974.300, 95
Trd, 430975.333, 91
Trd, 430975.450, 92
Trd, 430975.600, 99
Trd, 430977.033, 99
Trd, 430977.283, 101
Trd, 430978.133, 116
Trd, 430978.233, 89
Trd, 430980.067, 98
Trd, 430980.300, 96
Trd, 430980.517, 94
Trd, 430980.583, 84
Trd, 430982.033, 82
Trd, 430982.267, 106
Trd, 430982.550, 107
Trd, 430984.050, 106
Trd, 430984.817, 84
Trd, 430984.833, 82
Trd, 430984.950, 111
Trd, 430985.333, 90
Trd, 430985.850, 113
Trd, 430986.883, 106
Trd, 430987.217, 113
Trd, 430988.817, 100
Trd, 430989.000, 97
Trd, 430989.367, 84
Trd, 430990.350, 108
Trd, 430991.450, 106
Trd, 430992.067, 104
Trd, 430993.350, 85
Trd, 430993.833, 113
Trd, 430994.067, 104
Trd, 430994.700, 115
Trd, 430995.033, 90
Trd, 430998.317, 104
Trd, 430998.350, 92
Trd, 430999.033, 96
Trd, 430999.250, 104
Trd, 430999.967, 94
Trd, 431000.950, 100
Trd, 431002.317, 96
Trd, 431002.517, 94
Trd, 431002.950, 94
Trd, 431003.300, 95
Trd, 431003.517, 98
Trd, 431003.583, 106
Trd, 431004.783, 89
Trd, 431004.967, 114
Trd, 431005.417, 85
Trd, 431006.567, 99
Trd, 431007.250, 103
Trd, 431007.367, 115
Trd, 431007.617, 99
Trd, 431007.783, 98
Trd, 431008.083, 97
Trd, 431009.117, 120
Trd, 431010.283, 119
Trd, 431010.300, 112
Trd, 431010.667, 109
Trd, 431012.617, 91
Trd, 431013.050, 90
Trd, 431013.300, 90
Trd, 431013.367, 92
Trd, 431014.300, 94
Trd, 431014.850, 90
Trd, 431016.033, 86
Trd, 431016.950, 111
Trd, 431017.367, 93
Trd, 431017.417, 110
Trd, 431018.067, 98
Trd, 431019.317, 107
Trd, 431019.400, 104
Trd, 431019.533, 111
Trd, 431019.617, 115
Trd, 431020.833, 108
Trd, 431021.733, 106
Trd, 431022.300, 97
Trd, 431023.250, 98
Trd, 431025.150, 99
Trd, 431025.650, 109
Trd, 431027.133, 107
Trd, 431027.833, 110
Trd, 431027.933, 109
Trd, 431028.167, 107
Trd, 431028.767, 119
Trd, 431028.983, 117
Trd, 431029.117, 92
Trd, 431029.717, 90
Trd, 431031.183, 116
Trd, 431032.550, 104
Trd, 431034.167, 92
Trd, 431034.433, 94
Trd, 431034.450, 95
Trd, 431034.817, 88
Trd, 431034.917, 83
Trd, 431035.817, 106
Trd, 431036.533, 104
Trd, 431036.667, 120
Trd, 431036.750, 102
Trd, 431038.650, 114
Trd, 431039.450, 93
Trd, 431040.200, 95
Trd, 431040.333, 92
Trd, 431041.283, 93
Trd, 431042.150, 95
Trd, 431042.700, 90
Trd, 431045.150, 92
Trd, 431045.283, 96
Trd, 431045.550, 92
Trd, 431045.917, 99
Trd, 431045.983, 91
Trd, 431046.533, 83
Trd, 431046.567, 93
Trd, 431046.967, 99
Trd, 431047.050, 100
Trd, 431047.417, 106
Trd, 431049.333, 103
Trd, 431049.617, 91
Trd, 431050.233, 102
Trd, 431052.183, 108
Trd, 431054.400, 92
Trd, 431054.517, 92
Trd, 431054.633, 94
Trd, 431055.617, 91
Trd, 431055.867, 101
Trd, 431056.467, 92
Trd, 431056.883, 99
Trd, 431057.300, 98
Trd, 431057.467, 106
Trd, 431057.933, 115
Trd, 431058.600, 106
Trd, 431058.783, 104
Trd, 431059.783, 89
Trd, 431060.167, 79
Trd, 431061.483, 114
Trd, 431062.400, 112
Trd, 431062.433, 109
Trd, 431062.517, 115
Trd, 431062.883, 101
Trd, 431063.333, 90
Trd, 431066.317, 93
Trd, 431066.600, 99
Trd, 431066.717, 104
Trd, 431067.233, 84
Trd, 431067.683, 84
Trd, 431068.233, 86
Trd, 431069.817, 104
Trd, 431071.067, 111
Trd, 431071.450, 113
Trd, 431073.383, 113
Trd, 431074.300, 106
Trd, 431074.500, 99
Trd, 431075.100, 109
Trd, 431075.183, 99
Trd, 431076.367, 115
Trd, 431076.950, 104
Trd, 431077.400, 90
Trd, 431078.067, 117
Trd, 431078.567, 115
Trd, 431078.817, 106
Trd, 431079.483, 99
Trd, 431080.683, 89
Trd, 431081.250, 90
Trd, 431081.650, 93
Trd, 431082.567, 95
Trd, 431083.217, 91
Trd, 431083.650, 102
Trd, 431083.767, 91
Trd, 431084.317, 91
Trd, 431085.183, 89
Trd, 431086.617, 89
Trd, 431086.733, 84
Trd, 431086.900, 112
Trd, 431088.333, 99
Trd, 431088.467, 113
Trd, 431090.050, 104
Trd, 431090.683, 106
Trd, 431090.883, 115
Trd, 431091.017, 96
Trd, 431093.167, 98
Trd, 431093.350, 97
Trd, 431094.100, 103
Trd, 431095.017, 83
Trd, 431095.367, 91
Trd, 431095.550, 92
Trd, 431095.633, 99
Trd, 431096.350, 91
Trd, 431096.367, 90
Trd, 431096.467, 93
Trd, 431097.983, 91
Trd, 431098.667, 98
Trd, 431099.400, 89
Trd, 431099.617, 100
Trd, 431100.733, 101
Trd, 431102.117, 96
Trd, 431102.383, 106
Trd, 431103.183, 102
Trd, 431104.217, 113
Trd, 431104.400, 113
Trd, 431104.917, 103
Trd, 431105.200, 103
Trd, 431105.833, 119
Trd, 431106.567, 107
Trd, 431106.950, 110
Trd, 431107.317, 115
Trd, 431108.467, 106
Trd, 431108.617, 97
Trd, 431108.933, 83
Trd, 431109.017, 83
Trd, 431110.283, 96
Trd, 431110.417, 84
Trd, 431112.617, 86
Trd, 431113.167, 84
Trd, 431113.217, 98
Trd, 431113.667, 99
Trd, 431113.833, 106
Trd, 431114.467, 115
Trd, 431116.367, 116
Trd, 431116.667, 120
Trd, 431116.700, 90
Trd, 431117.750, 82
Trd, 431118.083, 97
Trd, 431118.517, 97
Trd, 431118.700, 99
Trd, 431119.317, 101
Trd, 431121.100, 103
Trd, 431121.583, 105
Trd, 431123.183, 94
Trd, 431124.883, 108
Trd, 431125.017, 107
Trd, 431126.033, 115
Trd, 431126.683, 106
Trd, 431126.867, 115
Trd, 431127.117, 112
Trd, 431128.067, 90
Trd, 431128.867, 96
Trd, 431131.633, 106
Trd, 431132.067, 104
Trd, 431132.267, 105
Trd, 431133.300, 104
Trd, 431133.350, 97
Trd, 431133.717, 93
Trd, 431134.383, 85
Trd, 431134.667, 92
Trd, 431134.817, 92
Trd, 431134.983, 106
Trd, 431135.150, 98
Trd, 431135.667, 101
Trd, 431136.283, 91
Trd, 431137.017, 115
Trd, 431137.417, 121
Trd, 431138.733, 92
Trd, 431139.550, 98
Trd, 431139.850, 95
Trd, 431140.067, 100
Trd, 431140.183, 106
Trd, 431141.133, 96
Trd, 431141.883, 94
Trd, 431142.033, 90
Trd, 431143.867, 93
Trd, 431144.650, 94
Trd, 431145.183, 94
Trd, 431145.600, 91
Trd, 431146.083, 88
Trd, 431146.967, 84
Trd, 431147.767, 93
Trd, 431148.050, 90
Trd, 431148.500, 85
Trd, 431149.400, 89
Trd, 431150.900, 100
Trd, 431151.667, 100
Trd, 431151.817, 93
Trd, 431152.883, 102
Trd, 431153.833, 89
Trd, 431154.167, 102
Trd, 431154.383, 106
Trd, 431154.933, 110
Trd, 431156.583, 100
Trd, 431157.050, 100
Trd, 431158.050, 100
Trd, 431158.200, 99
Trd, 431158.633, 101
Trd, 431158.717, 99
Trd, 431159.033, 98
Trd, 431159.283, 106
Trd, 431159.400, 97
Trd, 431160.017, 115
Trd, 431161.200, 112
Trd, 431161.300, 89
Trd, 431162.783, 113
Trd, 431163.467, 88
Trd, 431164.717, 104
Trd, 431165.167, 94
Trd, 431165.950, 91
Trd, 431168.383, 98
Trd, 431169.317, 99
Trd, 431169.900, 101
Trd, 431171.817, 98
Trd, 431171.867, 106
Trd, 431172.000, 103
Trd, 431172.333, 110
Trd, 431173.183, 97
Trd, 431173.367, 99
Trd, 431174.467, 99
Trd, 431174.700, 99
Trd, 431175.017, 97
Trd, 431176.433, 101
Trd, 431177.517, 101
Trd, 431177.883, 95
Trd, 431179.083, 106
Trd, 431180.067, 111
Trd, 431180.200, 106
Trd, 431180.267, 105
Trd, 431181.100, 114
Trd, 431181.233, 106
Trd, 431182.100, 104
Trd, 431182.333, 95
Trd, 431183.483, 112
Trd, 431183.800, 89
Trd, 431185.033, 112
Trd, 431185.767, 91
Trd, 431185.900, 90
Trd, 431188.633, 105
Trd, 431190.283, 97
Trd, 431190.333, 98
Trd, 431191.300, 102
Trd, 431191.467, 102
Trd, 431191.800, 100
Trd, 431191.950, 98
Trd, 431192.133, 106
Trd, 431193.533, 91
Trd, 431194.450, 105
Trd, 431194.550, 105
Trd, 431194.817, 98
Trd, 431194.900, 89
Trd, 431195.317, 115
Trd, 431195.700, 121
Trd, 431196.967, 85
Trd, 431197.817, 90
Trd, 431198.883, 98
Trd, 431199.200, 96
Trd, 431199.333, 96
Trd, 431201.583, 95
Trd, 431202.717, 82
Trd, 431202.933, 84
Trd, 431204.050, 73
Trd, 431204.083, 83
Trd, 431204.233, 84
Trd, 431204.267, 101
Trd, 431204.300, 70
Trd, 431205.333, 92
Trd, 431206.517, 100
Trd, 431206.900, 98
Trd, 431207.500, 101
Trd, 431210.517, 106
Trd, 431210.650, 113
Trd, 431211.917, 103
Trd, 431212.267, 103
Trd, 431212.733, 103
Trd, 431212.850, 117
Trd, 431212.917, 102
Trd, 431213.350, 104
Trd, 431213.950, 106
Trd, 431214.917, 97
Trd, 431215.617, 105
Trd, 431215.767, 106
Trd, 431216.800, 92
Trd, 431217.317, 97
Trd, 431217.983, 93
Trd, 431218.233, 112
Trd, 431218.450, 114
Trd, 431220.200, 103
Trd, 431221.567, 95
Trd, 431222.183, 106
Trd, 431222.400, 105
Trd, 431222.883, 94
Trd, 431223.350, 101
Trd, 431223.433, 112
Trd, 431224.383, 108
Trd, 431224.617, 112
Trd, 431224.683, 95
Trd, 431225.350, 86
Trd, 431228.150, 104
Trd, 431228.817, 100
Trd, 431229.433, 97
Trd, 431230.250, 100
Trd, 431230.317, 97
Trd, 431230.667, 101
Trd, 431230.750, 89
Trd, 431230.900, 84
Trd, 431232.667, 95
Trd, 431234.367, 97
Trd, 431235.033, 102
Trd, 431235.083, 106
Trd, 431235.300, 94
Trd, 431235.417, 115
Trd, 431236.033, 84
Trd, 431237.100, 90
Trd, 431237.517, 91
Trd, 431238.400, 101
Trd, 431239.633, 97
Trd, 431240.400, 114
Trd, 431241.167, 99
Trd, 431241.633, 115
Trd, 431242.117, 99
Trd, 431243.633, 107
Trd, 431243.750, 108
Trd, 431243.783, 97
Trd, 431245.250, 95
Trd, 431246.000, 105
Trd, 431246.050, 94
Trd, 431246.383, 95
Trd, 431247.967, 95
Trd, 431248.717, 109
Trd, 431249.167, 106
Trd, 431249.517, 97
Trd, 431250.850, 102
Trd, 431251.733, 100
Trd, 431251.933, 102
Trd, 431252.967, 96
Trd, 431253.300, 98
Trd, 431253.417, 114
Trd, 431254.283, 95
Trd, 431254.950, 94
Trd, 431256.450, 92
Trd, 431256.700, 113
Trd, 431257.800, 101
Trd, 431257.833, 122
Trd, 431258.133, 89
Trd, 431258.217, 86
Trd, 431259.950, 84
Trd, 431260.867, 98
Trd, 431261.050, 96
Trd, 431261.900, 97
Trd, 431263.333, 97
Trd, 431263.883, 99
Trd, 431264.183, 102
Trd, 431264.267, 96
Trd, 431265.433, 101
Trd, 431267.233, 109
Trd, 431267.300, 101
Trd, 431267.633, 111
Trd, 431267.817, 100
Trd, 431269.033, 99
Trd, 431269.117, 113
Trd, 431269.217, 97
Trd, 431270.083, 114
Trd, 431270.500, 114
Trd, 431270.583, 112
Trd, 431271.150, 115
Trd, 431271.183, 106
Trd, 431272.033, 124
Trd, 431272.150, 115
Trd, 431272.867, 90
Trd, 431274.767, 90
Trd, 431274.900, 86
Trd, 431276.083, 84
Trd, 431276.400, 81
Trd, 431277.200, 72
Trd, 431278.867, 97
Trd, 431279.983, 96
Trd, 431280.517, 98
Trd, 431281.267, 101
Trd, 431281.367, 98
Trd, 431281.400, 105
Trd, 431281.433, 96
Trd, 431281.550, 95
Trd, 431283.400, 97
Trd, 431283.433, 98
Trd, 431284.467, 105
Trd, 431284.483, 106
Trd, 431286.400, 105
Trd, 431288.183, 106
Trd, 431288.900, 92
Trd, 431289.533, 99
Trd, 431290.367, 106
Trd, 431290.667, 103
Trd, 431291.417, 89
Trd, 431291.933, 84
Trd, 431292.383, 82
Trd, 431294.183, 93
Trd, 431294.867, 116
Trd, 431296.367, 94
Trd, 431296.650, 95
Trd, 431298.017, 95
Trd, 431298.283, 96
Trd, 431299.250, 95
Trd, 431299.683, 109
Trd, 431299.933, 105
Trd, 431301.250, 99
Trd, 431301.300, 98
Trd, 431301.933, 107
Trd, 431302.767, 107
Trd, 431303.217, 100
Trd, 431303.433, 99
Trd, 431304.183, 102
Trd, 431304.583, 99
Trd, 431305.483, 107
Trd, 431305.650, 106
Trd, 431306.150, 95
Trd, 431306.983, 109
Trd, 431307.233, 95
Trd, 431308.367, 107
Trd, 431309.667, 108
Trd, 431309.983, 105
Trd, 431310.250, 115
Trd, 431310.800, 104
Trd, 431310.933, 97
Trd, 431311.467, 108
Trd, 431312.050, 107
Trd, 431312.100, 89
Trd, 431312.733, 83
Trd, 431314.033, 103
Trd, 431316.050, 98
Trd, 431316.833, 98
Trd, 431316.950, 115
Trd, 431317.733, 97
Trd, 431318.433, 106
Trd, 431318.517, 107
Trd, 431318.867, 105
Trd, 431318.883, 106
Trd, 431319.233, 107
Trd, 431320.317, 110
Trd, 431320.517, 102
Trd, 431320.683, 112
Trd, 431322.467, 102
Trd, 431323.183, 106
Trd, 431323.333, 101
Trd, 431323.483, 97
Trd, 431325.250, 90
Trd, 431326.233, 109
Trd, 431326.633, 103
Trd, 431328.833, 99
Trd, 431328.983, 98
Trd, 431329.167, 100
Trd, 431329.667, 98
Trd, 431330.683, 122
Trd, 431330.850, 121
Trd, 431332.550, 95
Trd, 431332.650, 91
Trd, 431332.750, 90
Trd, 431333.267, 101
Trd, 431334.383, 82
Trd, 431334.700, 88
Trd, 431334.883, 106
Trd, 431335.750, 82
Trd, 431335.850, 109
Trd, 431336.683, 114
Trd, 431337.050, 90
Trd, 431339.417, 109
Trd, 431340.050, 114
Trd, 431340.200, 112
Trd, 431340.500, 112
Trd, 431341.000, 112
Trd, 431341.450, 106
Trd, 431341.733, 104
Trd, 431342.083, 118
Trd, 431343.000, 111
Trd, 431343.167, 97
Trd, 431344.000, 85
Trd, 431344.467, 114
Trd, 431345.117, 107
Trd, 431346.367, 110
Trd, 431349.100, 91
Trd, 431350.850, 99
Trd, 431351.017, 94
Trd, 431351.383, 98
Trd, 431351.800, 104
Trd, 431352.117, 96
Trd, 431352.950, 91
Trd, 431353.717, 92
Trd, 431353.767, 100
Trd, 431353.950, 115
Trd, 431354.267, 115
Trd, 431354.833, 92
Trd, 431355.683, 103
Trd, 431355.717, 92
Trd, 431356.550, 90
Trd, 431359.333, 104
Trd, 431359.383, 93
Trd, 431359.783, 105
Trd, 431360.183, 91
Trd, 431360.600, 90
Trd, 431361.300, 104
Trd, 431363.067, 105
Trd, 431363.267, 100
Trd, 431364.567, 96
Trd, 431365.217, 97
Trd, 431365.317, 106
Trd, 431365.917, 96
Trd, 431366.300, 94
Trd, 431366.717, 111
Trd, 431366.883, 94
Trd, 431368.183, 94
Trd, 431370.317, 104
Trd, 431370.583, 117
Trd, 431370.767, 106
Trd, 431371.600, 111
Trd, 431372.367, 117
Trd, 431373.833, 104
Trd, 431374.183, 100
Trd, 431374.833, 100
Trd, 431375.083, 101
Trd, 431375.150, 92
Trd, 431377.017, 92
Trd, 431377.217, 100
Trd, 431377.367, 103
Trd, 431378.267, 106
Trd, 431378.667, 116
Trd, 431378.850, 106
Trd, 431378.933, 97
Trd, 431379.400, 92
Trd, 431380.900, 105
Trd, 431381.083, 100
Trd, 431383.017, 100
Trd, 431383.183, 113
Trd, 431384.817, 107
Trd, 431384.883, 106
Trd, 431385.483, 90
Trd, 431385.950, 85
Trd, 431386.567, 90
Trd, 431386.750, 84
Trd, 431386.900, 93
Trd, 431386.967, 102
Trd, 431387.083, 82
Trd, 431389.117, 99
Trd, 431389.383, 98
Trd, 431389.500, 100
Trd, 431390.283, 86
Trd, 431390.983, 100
Trd, 431391.150, 85
Trd, 431392.417, 95
Trd, 431392.800, 95
Trd, 431393.267, 95
Trd, 431395.500, 93
Trd, 431396.183, 96
Trd, 431396.383, 99
Trd, 431397.833, 101
Trd, 431398.750, 106
Trd, 431400.217, 97
Trd, 431400.733, 115
Trd, 431400.800, 91
Trd, 431401.367, 93
Trd, 431401.433, 95
Trd, 431401.767, 90
Trd, 431402.217, 99
Trd, 431403.583, 101
Trd, 431403.717, 90
Trd, 431403.950, 103
Trd, 431405.083, 95
Trd, 431405.417, 96
Trd, 431405.750, 95
Trd, 431407.817, 93
Trd, 431409.150, 94
Trd, 431409.733, 111
Trd, 431410.650, 109
Trd, 431410.917, 93
Trd, 431411.600, 87
Trd, 431411.633, 84
Trd, 431412.817, 99
Trd, 431413.767, 103
Trd, 431414.117, 100
Trd, 431414.233, 105
Trd, 431415.333, 106
Trd, 431415.900, 99
Trd, 431415.917, 98
Trd, 431416.100, 106
Trd, 431416.483, 89
Trd, 431416.933, 113
Trd, 431417.167, 91
Trd, 431418.900, 112
Trd, 431419.450, 90
Trd, 431420.283, 88
Trd, 431421.350, 84
Trd, 431421.500, 85
Trd, 431421.917, 102
Trd, 431423.633, 106
Trd, 431423.650, 97
Trd, 431423.983, 111
Trd, 431426.483, 94
Trd, 431426.917, 100
Trd, 431428.450, 98
Trd, 431429.500, 101
Trd, 431430.183, 97
Trd, 431430.617, 83
Trd, 431431.200, 89
Trd, 431431.467, 82
Trd, 431431.767, 102
Trd, 431433.333, 98
Trd, 431433.617, 76
Trd, 431435.283, 100
Trd, 431435.967, 98
Trd, 431436.900, 102
Trd, 431437.250, 103
Trd, 431437.267, 100
Trd, 431437.750, 101
Trd, 431438.983, 102
Trd, 431439.083, 103
Trd, 431439.333, 105
Trd, 431439.467, 106
Trd, 431439.717, 112
Trd, 431439.933, 90
Trd, 431440.733, 108
Trd, 431442.083, 90
Trd, 431442.317, 97
Trd, 431442.917, 98
Trd, 431443.850, 86
Trd, 431445.067, 92
Trd, 431446.233, 94
Trd, 431446.450, 90
Trd, 431449.417, 92
Trd, 431449.483, 95
Trd, 431450.683, 106
Trd, 431451.267, 97
Trd, 431451.450, 96
Trd, 431452.050, 101
Trd, 431452.500, 114
Trd, 431452.733, 104
Trd, 431453.100, 110
Trd, 431453.500, 96
Trd, 431454.400, 90
Trd, 431454.600, 85
Trd, 431454.767, 98
Trd, 431455.750, 112
Trd, 431456.183, 84
Trd, 431456.233, 109
Trd, 431456.700, 101
Trd, 431457.067, 98
Trd, 431457.233, 106
Trd, 431458.283, 101
Trd, 431458.300, 99
Trd, 431459.233, 112
Trd, 431460.283, 108
Trd, 431460.900, 108
Trd, 431462.417, 113
Trd, 431462.850, 106
Trd, 431463.967, 103
Trd, 431464.600, 97
Trd, 431465.667, 106
Trd, 431465.917, 106
Trd, 431466.133, 93
Trd, 431468.183, 101
Trd, 431468.583, 106
Trd, 431468.750, 97
Trd, 431469.217, 112
Trd, 431471.417, 108
Trd, 431471.800, 101
Trd, 431472.817, 99
Trd, 431472.967, 114
Trd, 431473.750, 103
Trd, 431473.800, 102
Trd, 431474.650, 102
Trd, 431475.083, 104
Trd, 431475.600, 105
Trd, 431475.750, 113
Trd, 431476.017, 88
Trd, 431476.717, 88
Trd, 431476.983, 90
Trd, 431477.833, 84
Trd, 431478.050, 82
Trd, 431479.750, 90
Trd, 431481.700, 97
Trd, 431481.867, 99
Trd, 431482.417, 100
Trd, 431482.900, 99
Trd, 431484.000, 97
Trd, 431484.450, 90
Trd, 431484.733, 99
Trd, 431485.067, 84
Trd, 431485.217, 101
Trd, 431485.500, 80
Trd, 431487.033, 115
Trd, 431487.533, 109
Trd, 431488.117, 96
Trd, 431489.950, 109
Trd, 431490.167, 100
Trd, 431490.800, 103
Trd, 431491.367, 82
Trd, 431492.650, 90
Trd, 431493.100, 96
Trd, 431494.317, 96
Trd, 431494.617, 95
Trd, 431495.150, 106
Trd, 431495.350, 92
Trd, 431496.133, 90
Trd, 431496.567, 91
Trd, 431496.767, 102
Trd, 431496.883, 102
Trd, 431497.783, 104
Trd, 431498.867, 92
Trd, 431499.167, 101
Trd, 431499.267, 106
Trd, 431499.900, 114
Trd, 431501.283, 101
Trd, 431501.500, 115
Trd, 431501.767, 93
Trd, 431502.350, 123
Trd, 431503.733, 115
Trd, 431504.067, 115
Trd, 431504.383, 91
Trd, 431504.650, 90
Trd, 431505.867, 96
Trd, 431506.867, 90
Trd, 431507.250, 98
Trd, 431507.533, 100
Trd, 431508.900, 103
Trd, 431510.983, 106
Trd, 431511.283, 101
Trd, 431511.550, 102
Trd, 431511.667, 108
Trd, 431511.783, 99
Trd, 431512.300, 101
Trd, 431513.017, 98
Trd, 431513.033, 115
Trd, 431514.850, 104
Trd, 431515.367, 98
Trd, 431516.233, 97
Trd, 431516.633, 84
Trd, 431517.550, 91
Trd, 431519.000, 104
Trd, 431519.183, 106
Trd, 431519.517, 94
Trd, 431520.250, 93
Trd, 431520.267, 91
Trd, 431520.517, 90
Trd, 431522.650, 107
Trd, 431523.683, 115
Trd, 431524.017, 107
Trd, 431524.467, 106
Trd, 431525.100, 103
Trd, 431526.867, 92
Trd, 431526.933, 99
Trd, 431528.100, 92
Trd, 431528.800, 92
Trd, 431529.317, 101
Trd, 431529.450, 102
Trd, 431529.900, 103
Trd, 431530.867, 91
Trd, 431532.817, 96
Trd, 431533.017, 99
Trd, 431533.300, 100
Trd, 431533.633, 96
Trd, 431534.083, 104
Trd, 431534.683, 106
Trd, 431534.983, 101
Trd, 431535.650, 103
Trd, 431536.900, 101
Trd, 431537.800, 95
Trd, 431540.800, 99
Trd, 431541.367, 98
Trd, 431541.733, 102
Trd, 431542.783, 92
Trd, 431542.983, 90
Trd, 431544.167, 85
Trd, 431544.250, 84
Trd, 431544.467, 94
Trd, 431544.717, 106
Trd, 431545.233, 115
Trd, 431545.300, 116
Trd, 431545.533, 119
Trd, 431545.933, 97
Trd, 431546.183, 104
Trd, 431548.950, 101
Trd, 431549.983, 102
Trd, 431550.133, 104
Trd, 431550.600, 109
Trd, 431551.517, 105
Trd, 431551.800, 111
Trd, 431551.900, 103
Trd, 431552.050, 112
Trd, 431553.717, 105
Trd, 431554.183, 115
Trd, 431554.583, 106
Trd, 431555.467, 100
Trd, 431555.600, 102
Trd, 431556.150, 97
Trd, 431556.850, 92
Trd, 431557.100, 111
Trd, 431558.367, 97
Trd, 431558.517, 98
Trd, 431559.167, 94
Trd, 431559.450, 119
Trd, 431559.717, 90
Trd, 431559.850, 84
Trd, 431560.467, 102
Trd, 431562.267, 99
Trd, 431562.417, 106
Trd, 431562.917, 94
Trd, 431563.217, 93
Trd, 431563.933, 123
Trd, 431565.850, 95
Trd, 431566.250, 90
Trd, 431566.433, 91
Trd, 431568.233, 110
Trd, 431568.317, 115
Trd, 431568.400, 94
Trd, 431568.717, 95
Trd, 431568.733, 94
Trd, 431569.150, 106
Trd, 431569.850, 106
Trd, 431570.000, 110
Trd, 431571.017, 115
Trd, 431572.983, 98
Trd, 431573.067, 97
Trd, 431574.217, 94
Trd, 431574.467, 98
Trd, 431574.717, 92
Trd, 431575.800, 103
Trd, 431576.717, 105
Trd, 431577.133, 104
Trd, 431578.117, 106
Trd, 431578.617, 103
Trd, 431579.117, 88
Trd, 431579.817, 98
Trd, 431580.117, 99
Trd, 431580.933, 87
Trd, 431581.633, 101
Trd, 431583.200, 97
Trd, 431584.633, 100
Trd, 431585.500, 89
Trd, 431585.617, 106
Trd, 431586.817, 94
Trd, 431586.950, 98
Trd, 431587.233, 94
Trd, 431588.167, 96
Trd, 431588.433, 94
Trd, 431588.667, 97
Trd, 431589.583, 94
Trd, 431592.217, 91
Trd, 431592.533, 84
Trd, 431593.317, 95
Trd, 431593.433, 90
Trd, 431594.133, 96
Trd, 431594.717, 106
Trd, 431595.333, 100
Trd, 431595.650, 102
Trd, 431596.450, 91
Trd, 431596.533, 114
Trd, 431598.183, 103
Trd, 431598.200, 94
Trd, 431598.283, 92
Trd, 431599.600, 83
Trd, 431600.083, 82
Trd, 431600.200, 86
Trd, 431600.383, 104
Trd, 431600.600, 81
Trd, 431600.800, 105
Trd, 431601.400, 109
Trd, 431602.467, 91
Trd, 431602.850, 107
Trd, 431604.783, 92
Trd, 431606.183, 99
Trd, 431608.017, 103
Trd, 431608.600, 102
Trd, 431608.717, 101
Trd, 431609.350, 90
Trd, 431610.083, 103
Trd, 431611.717, 103
Trd, 431611.983, 94
Trd, 431612.183, 109
Trd, 431612.383, 113
Trd, 431612.783, 115
Trd, 431613.967, 94
Trd, 431615.500, 108
Trd, 431615.600, 96
Trd, 431617.317, 106
Trd, 431618.150, 100
Trd, 431618.833, 97
Trd, 431619.483, 105
Trd, 431620.150, 90
Trd, 431620.217, 104
Trd, 431621.100, 90
Trd, 431622.000, 95
Trd, 431623.233, 104
Trd, 431623.450, 92
Trd, 431624.033, 104
Trd, 431625.067, 104
Trd, 431626.450, 98
Trd, 431626.750, 97
Trd, 431627.383, 99
Trd, 431627.917, 100
Trd, 431628.833, 106
Trd, 431630.550, 113
Trd, 431631.300, 104
Trd, 431631.383, 102
Trd, 431631.650, 106
Trd, 431635.300, 104
Trd, 431635.600, 106
Trd, 431636.483, 108
Trd, 431636.767, 111
Trd, 431637.000, 106
Trd, 431637.633, 104
Trd, 431637.667, 89
Trd, 431638.233, 83
Trd, 431638.817, 94
Trd, 431638.983, 85
Trd, 431639.683, 97
Trd, 431640.267, 82
Trd, 431641.050, 94
Trd, 431641.650, 92
Trd, 431642.200, 101
Trd, 431642.350, 82
Trd, 431644.117, 98
Trd, 431644.517, 100
Trd, 431645.150, 105
Trd, 431645.500, 90
Trd, 431646.050, 103
Trd, 431646.683, 106
Trd, 431648.283, 116
Trd, 431648.350, 119
Trd, 431649.367, 116
Trd, 431649.683, 115
Trd, 431649.700, 97
Trd, 431650.083, 101
Trd, 431650.450, 90
Trd, 431650.833, 91
Trd, 431651.283, 90
Trd, 431651.700, 103
Trd, 431653.150, 87
Trd, 431654.500, 90
Trd, 431654.900, 101
Trd, 431655.750, 106
Trd, 431656.633, 94
Trd, 431657.483, 99
Trd, 431657.600, 101
Trd, 431658.950, 98
Trd, 431659.850, 98
Trd, 431660.133, 102
Trd, 431661.367, 99
Trd, 431661.767, 99
Trd, 431662.633, 99
Trd, 431662.883, 99
Trd, 431663.833, 97
Trd, 431664.550, 83
Trd, 431664.983, 96
Trd, 431665.850, 90
Trd, 431666.083, 95
Trd, 431666.233, 95
Trd, 431666.400, 106
Trd, 431668.533, 97
Trd, 431669.017, 87
Trd, 431669.500, 82
Trd, 431670.450, 112
Trd, 431671.433, 94
Trd, 431672.367, 90
Trd, 431672.867, 96
Trd, 431672.983, 104
Trd, 431673.067, 106
Trd, 431673.917, 94
Trd, 431674.417, 98
Trd, 431675.633, 112
Trd, 431676.250, 87
Trd, 431676.583, 83
Trd, 431678.283, 113
Trd, 431678.667, 106
Trd, 431678.917, 106
Trd, 431679.867, 110
Trd, 431680.117, 97
Trd, 431680.450, 106
Trd, 431680.917, 94
Trd, 431682.217, 107
Trd, 431682.783, 91
Trd, 431683.800, 94
Trd, 431683.933, 102
Trd, 431685.233, 115
Trd, 431685.983, 99
Trd, 431686.800, 117
Trd, 431687.100, 115
Trd, 431687.533, 116
Trd, 431687.783, 115
Trd, 431688.067, 90
Trd, 431688.717, 103
Trd, 431688.883, 115
Trd, 431690.183, 92
Trd, 431690.317, 94
Trd, 431690.750, 106
Trd, 431691.183, 91
Trd, 431691.250, 108
Trd, 431691.767, 89
Trd, 431692.067, 115
Trd, 431693.117, 98
Trd, 431694.583, 106
Trd, 431696.583, 92
Trd, 431696.650, 102
Trd, 431696.700, 113
Trd, 431697.317, 95
Trd, 431697.633, 94
Trd, 431697.717, 94
Trd, 431698.167, 95
Trd, 431698.550, 117
Trd, 431698.683, 84
Trd, 431699.167, 82
Trd, 431700.983, 109
Trd, 431702.983, 94
Trd, 431703.600, 100
Trd, 431704.467, 98
Trd, 431704.717, 99
Trd, 431705.233, 99
Trd, 431706.000, 101
Trd, 431707.117, 101
Trd, 431707.217, 100
Trd, 431708.150, 97
Trd, 431709.067, 102
Trd, 431709.350, 89
Trd, 431710.700, 97
Trd, 431711.483, 98
Trd, 431711.617, 101
Trd, 431711.800, 102
Trd, 431712.317, 94
Trd, 431712.950, 106
Trd, 431713.267, 112
Trd, 431713.850, 89
Trd, 431714.950, 90
Trd, 431715.717, 100
Trd, 431716.083, 92
Trd, 431718.500, 98
Trd, 431719.733, 98
Trd, 431721.067, 92
Trd, 431721.100, 106
Trd, 431722.550, 115
Trd, 431722.883, 117
Trd, 431723.767, 114
Trd, 431723.833, 113
Trd, 431724.183, 122
Trd, 431724.650, 113
Trd, 431725.383, 106
Trd, 431726.050, 96
Trd, 431726.783, 109
Trd, 431726.817, 111
Trd, 431727.617, 91
Trd, 431728.667, 101
Trd, 431729.617, 101
Trd, 431730.100, 102
Trd, 431730.600, 103
Trd, 431730.683, 106
Trd, 431731.000, 102
Trd, 431731.733, 91
Trd, 431733.317, 101
Trd, 431734.633, 90
Trd, 431734.683, 111
Trd, 431734.783, 84
Trd, 431734.950, 84
Trd, 431735.317, 82
Trd, 431737.083, 94
Trd, 431737.400, 102
Trd, 431737.900, 105
Trd, 431738.383, 106
Trd, 431738.883, 95
Trd, 431739.800, 99
Trd, 431739.900, 115
Trd, 431740.017, 98
Trd, 431741.417, 98
Trd, 431741.617, 112
Trd, 431742.033, 97
Trd, 431742.350, 101
Trd, 431742.567, 96
Trd, 431742.800, 100
Trd, 431743.617, 98
Trd, 431744.050, 115
Trd, 431745.267, 95
Trd, 431747.367, 95
Trd, 431750.183, 91
Trd, 431750.467, 90
Trd, 431751.400, 91
Trd, 431752.283, 92
Trd, 431752.650, 95
Trd, 431753.567, 101
Trd, 431754.100, 87
Trd, 431754.533, 91
Trd, 431754.800, 110
Trd, 431755.383, 90
Trd, 431755.900, 107
Trd, 431756.100, 112
Trd, 431756.300, 106
Trd, 431759.300, 115
Trd, 431760.850, 107
Trd, 431761.183, 114
Trd, 431761.700, 106
Trd, 431761.883, 97
Trd, 431762.633, 97
Trd, 431764.717, 109
Trd, 431765.017, 109
Trd, 431765.317, 108
Trd, 431765.683, 105
Trd, 431765.733, 110
Trd, 431766.400, 104
Trd, 431766.483, 90
Trd, 431766.617, 83
Trd, 431767.233, 105
Trd, 431767.250, 109
Trd, 431768.483, 90
Trd, 431769.350, 82
Trd, 431769.417, 93
Trd, 431769.683, 94
Trd, 431771.933, 102
Trd, 431772.600, 83
Trd, 431772.650, 103
Trd, 431773.467, 83
Trd, 431773.550, 89
Trd, 431774.300, 105
Trd, 431774.333, 104
Trd, 431775.667, 99
Trd, 431776.250, 101
Trd, 431776.517, 105
Trd, 431777.667, 84
Trd, 431779.100, 99
Trd, 431779.950, 98
Trd, 431780.417, 99
Trd, 431780.800, 101
Trd, 431781.133, 98
Trd, 431781.817, 89
Trd, 431782.067, 86
Trd, 431782.667, 88
Trd, 431783.000, 88
Trd, 431784.233, 91
Trd, 431784.517, 89
Trd, 431785.467, 106
Trd, 431786.550, 105
Trd, 431787.150, 111
Trd, 431788.767, 111
Trd, 431788.817, 97
Trd, 431791.733, 106
Trd, 431791.833, 97
Trd, 431792.017, 88
Trd, 431792.217, 101
Trd, 431793.033, 108
Trd, 431794.017, 113
Trd, 431794.700, 98
Trd, 431794.750, 115
Trd, 431795.150, 97
Trd, 431795.200, 105
Trd, 431795.300, 106
Trd, 431797.183, 103
Trd, 431798.117, 108
Trd, 431798.250, 96
Trd, 431799.067, 100
Trd, 431799.617, 100
Trd, 431801.117, 85
Trd, 431801.383, 87
Trd, 431801.633, 90
Trd, 431802.350, 91
Trd, 431803.200, 89
Trd, 431803.450, 89
Trd, 431804.200, 89
Trd, 431804.333, 101
Trd, 431805.033, 98
Trd, 431806.600, 92
Trd, 431807.167, 100
Trd, 431808.483, 106
Trd, 431809.167, 111
Trd, 431809.950, 104
Trd, 431810.167, 104
Trd, 431811.517, 90
Trd, 431813.733, 86
Trd, 431813.800, 95
Trd, 431814.083, 86
Trd, 431814.250, 103
Trd, 431814.317, 104
Trd, 431814.783, 106
Trd, 431814.817, 83
Trd, 431815.283, 86
Trd, 431815.633, 92
Trd, 431816.567, 84
Trd, 431817.117, 94
Trd, 431818.450, 85
Trd, 431819.167, 84
Trd, 431819.667, 86
Trd, 431820.417, 98
Trd, 431821.550, 102
Trd, 431822.083, 103
Trd, 431822.717, 109
Trd, 431823.717, 115
Trd, 431823.867, 113
Trd, 431824.233, 97
Trd, 431824.800, 90
Trd, 431825.350, 104
Trd, 431825.883, 110
Trd, 431826.467, 107
Trd, 431827.067, 108
Trd, 431828.200, 106
Trd, 431829.850, 104
Trd, 431830.317, 103
Trd, 431830.700, 102
Trd, 431830.917, 99
Trd, 431831.117, 103
Trd, 431832.150, 106
Trd, 431832.950, 115
Trd, 431833.367, 121
Trd, 431833.667, 92
Trd, 431834.167, 92
Trd, 431835.100, 99
Trd, 431835.300, 100
Trd, 431835.317, 112
Trd, 431836.533, 91
Trd, 431836.783, 90
Trd, 431837.900, 84
Trd, 431840.367, 86
Trd, 431840.550, 107
Trd, 431841.700, 85
Trd, 431842.617, 100
Trd, 431842.800, 99
Trd, 431843.050, 102
Trd, 431843.467, 95
Trd, 431844.083, 97
Trd, 431844.767, 99
Trd, 431845.083, 97
Trd, 431845.117, 100
Trd, 431846.350, 92
Trd, 431846.750, 92
Trd, 431848.367, 92
Trd, 431849.100, 98
Trd, 431849.850, 91
Trd, 431850.983, 99
Trd, 431851.050, 98
Trd, 431851.883, 96
Trd, 431852.150, 90
Trd, 431853.733, 89
Trd, 431854.133, 92
Trd, 431854.267, 93
Trd, 431855.050, 91
Trd, 431856.233, 90
Trd, 431856.850, 95
Trd, 431857.117, 99
Trd, 431858.200, 98
Trd, 431859.833, 98
Trd, 431860.300, 98
Trd, 431861.000, 102
Trd, 431862.083, 100
Trd, 431862.450, 106
Trd, 431862.483, 100
Trd, 431862.767, 99
Trd, 431863.183, 101
Trd, 431865.467, 105
Trd, 431865.617, 108
Trd, 431865.683, 115
Trd, 431866.183, 97
Trd, 431867.050, 90
Trd, 431867.183, 103
Trd, 431867.783, 113
Trd, 431868.283, 112
Trd, 431868.550, 86
Trd, 431868.650, 85
Trd, 431868.983, 88
Trd, 431869.550, 89
Trd, 431870.400, 108
Trd, 431870.750, 107
Trd, 431870.917, 97
Trd, 431872.817, 85
Trd, 431872.933, 82
Trd, 431873.483, 113
Trd, 431874.367, 102
Trd, 431877.050, 93
Trd, 431877.900, 93
Trd, 431878.100, 95
Trd, 431878.817, 102
Trd, 431879.283, 95
Trd, 431879.333, 99
Trd, 431879.650, 109
Trd, 431880.650, 101
Trd, 431881.333, 111
Trd, 431881.683, 103
Trd, 431882.983, 106
Trd, 431883.183, 102
Trd, 431883.300, 101
Trd, 431883.783, 90
Trd, 431883.883, 84
Trd, 431886.800, 95
Trd, 431887.150, 97
Trd, 431887.400, 100
Trd, 431888.000, 87
Trd, 431888.950, 90
Trd, 431889.383, 98
Trd, 431891.367, 98
Trd, 431891.483, 94
Trd, 431892.050, 97
Trd, 431892.533, 98
Trd, 431892.900, 103
Trd, 431893.250, 104
Trd, 431893.800, 92
Trd, 431894.383, 98
Trd, 431895.083, 99
Trd, 431895.183, 98
Trd, 431897.483, 91
Trd, 431898.617, 96
Trd, 431898.967, 89
Trd, 431900.100, 101
Trd, 431900.367, 98
Trd, 431901.617, 99
Trd, 431902.333, 106
Trd, 431905.217, 93
Trd, 431905.350, 113
Trd, 431905.800, 113
Trd, 431906.217, 94
Trd, 431906.250, 115
Trd, 431906.533, 93
Trd, 431906.700, 114
Trd, 431907.033, 109
Trd, 431907.633, 113
Trd, 431908.017, 112
Trd, 431909.500, 103
Trd, 431909.867, 88
Trd, 431911.400, 100
Trd, 431911.833, 84
Trd, 431912.283, 87
Trd, 431912.650, 87
Trd, 431913.200, 88
Trd, 431913.517, 91
Trd, 431916.033, 93
Trd, 431916.267, 105
Trd, 431918.333, 96
Trd, 431918.500, 95
Trd, 431918.517, 104
Trd, 431918.717, 84
Trd, 431918.817, 105
Trd, 431919.883, 92
Trd, 431919.900, 106
Trd, 431920.017, 92
Trd, 431920.633, 104
Trd, 431920.683, 108
Trd, 431921.017, 102
Trd, 431922.833, 102
Trd, 431923.150, 114
Trd, 431924.067, 94
Trd, 431924.867, 100
Trd, 431926.600, 94
Trd, 431928.767, 111
Trd, 431928.800, 107
Trd, 431929.000, 106
Trd, 431929.083, 112
Trd, 431929.500, 102
Trd, 431929.667, 89
Trd, 431932.133, 95
Trd, 431932.450, 82
Trd, 431934.600, 94
Trd, 431935.317, 86
Trd, 431936.233, 86
Trd, 431936.483, 94
Trd, 431937.017, 96
Trd, 431937.317, 99
Trd, 431937.517, 97
Trd, 431938.433, 99
Trd, 431938.550, 101
Trd, 431939.317, 103
Trd, 431940.100, 106
Trd, 431941.783, 105
Trd, 431942.917, 104
Trd, 431943.200, 97
Trd, 431943.350, 113
Trd, 431945.150, 101
Trd, 431945.250, 109
Trd, 431947.333, 98
Trd, 431947.667, 97
Trd, 431948.200, 90
Trd, 431948.283, 97
Trd, 431948.733, 88
Trd, 431948.767, 95
Trd, 431948.950, 96
Trd, 431950.000, 86
Trd, 431950.533, 97
Trd, 431951.133, 99
Trd, 431951.800, 106
Trd, 431952.000, 115
Trd, 431952.850, 97
Trd, 431953.650, 105
Trd, 431955.200, 105
Trd, 431955.767, 99
Trd, 431956.683, 96
Trd, 431957.133, 106
Trd, 431957.217, 98
Trd, 431957.783, 96
Trd, 431958.933, 90
Trd, 431960.917, 92
Trd, 431961.983, 98
Trd, 431962.150, 103
Trd, 431962.183, 104
Trd, 431962.517, 105
Trd, 431962.567, 105
Trd, 431963.317, 93
Trd, 431963.433, 90
Trd, 431965.117, 99
Trd, 431966.233, 99
Trd, 431966.900, 88
Trd, 431967.033, 104
Trd, 431969.467, 92
Trd, 431969.767, 92
Trd, 431970.533, 87
Trd, 431971.100, 84
Trd, 431972.117, 99
Trd, 431972.400, 90
Trd, 431972.433, 106
Trd, 431974.833, 91
Trd, 431975.533, 87
Trd, 431975.733, 85
Trd, 431977.050, 87
Trd, 431977.900, 100
Trd, 431978.083, 99
Trd, 431978.117, 101
Trd, 431978.433, 105
Trd, 431978.767, 106
Trd, 431979.600, 97
Trd, 431980.350, 112
Trd, 431981.017, 97
Trd, 431981.233, 106
Trd, 431981.267, 113
Trd, 431981.683, 114
Trd, 431981.767, 115
Trd, 431982.267, 104
Trd, 431984.700, 100
Trd, 431985.383, 90
Trd, 431985.900, 92
Trd, 431986.100, 86
Trd, 431986.867, 90
Trd, 431987.017, 91
Trd, 431987.550, 96
Trd, 431987.950, 92
Trd, 431989.417, 96
Trd, 431989.933, 92
Trd, 431991.950, 98
Trd, 431993.117, 101
Trd, 431993.250, 102
Trd, 431994.700, 101
Trd, 431994.800, 103
Trd, 431996.033, 96
Trd, 431996.433, 106
Trd, 431997.200, 99
Trd, 431997.950, 99
Trd, 431998.867, 104
Trd, 431998.983, 102
Trd, 431999.333, 97
