Trd, 430678.917, 103
Trd, 430679.183, 95
Trd, 430680.017, 96
Trd, 430680.283, 94
Trd, 430682.150, 101
Trd, 430682.767, 101
Trd, 430682.900, 100
Trd, 430683.317, 101
Trd, 430684.067, 100
Trd, 430684.200, 101
Trd, 430685.183, 106
Trd, 430685.367, 98
Trd, 430685.617, 98
Trd, 430686.483, 113
Trd, 430687.500, 118
Trd, 430688.250, 106
Trd, 430688.350, 115
Trd, 430689.383, 113
Trd, 430689.700, 104
Trd, 430690.033, 103
Trd, 430690.450, 103
Trd, 430691.050, 98
Trd, 430693.267, 96
Trd, 430693.800, 105
Trd, 430695.850, 93
Trd, 430696.250, 94
Trd, 430696.417, 98
Trd, 430696.567, 101
Trd, 430698.200, 101
Trd, 430698.367, 100
Trd, 430698.933, 98
Trd, 430699.250, 95
Trd, 430700.167, 100
Trd, 430700.400, 101
Trd, 430700.883, 103
Trd, 430701.567, 104
Trd, 430702.033, 105
Trd, 430704.117, 106
Trd, 430704.900, 102
Trd, 430705.583, 114
Trd, 430706.933, 105
Trd, 430708.533, 105
Trd, 430708.867, 112
Trd, 430710.333, 106
Trd, 430710.783, 104
Trd, 430711.883, 100
Trd, 430712.017, 104
Trd, 430712.150, 103
Trd, 430712.800, 105
Trd, 430712.983, 99
Trd, 430713.500, 102
Trd, 430713.567, 104
Trd, 430714.317, 101
Trd, 430714.500, 98
Trd, 430715.083, 97
Trd, 430717.200, 101
Trd, 430718.017, 102
Trd, 430718.900, 100
Trd, 430719.200, 99
Trd, 430719.467, 101
Trd, 430720.033, 104
Trd, 430720.267, 107
Trd, 430721.100, 115
Trd, 430721.233, 117
Trd, 430721.367, 95
Trd, 430722.167, 93
Trd, 430724.083, 95
Trd, 430724.100, 94
Trd, 430725.483, 97
Trd, 430725.850, 90
Trd, 430726.017, 104
Trd, 430726.750, 94
Trd, 430726.900, 115
Trd, 430727.067, 118
Trd, 430727.967, 116
Trd, 430728.300, 104
Trd, 430728.667, 95
Trd, 430729.500, 89
Trd, 430729.583, 87
Trd, 430729.733, 95
Trd, 430730.467, 93
Trd, 430731.567, 98
Trd, 430732.033, 100
Trd, 430732.350, 115
Trd, 430733.000, 86
Trd, 430733.400, 114
Trd, 430734.167, 102
Trd, 430735.250, 102
Trd, 430735.483, 90
Trd, 430735.933, 87
Trd, 430736.467, 104
Trd, 430737.267, 104
Trd, 430738.733, 95
Trd, 430739.400, 98
Trd, 430740.933, 96
Trd, 430741.167, 95
Trd, 430742.083, 95
Trd, 430742.367, 94
Trd, 430742.733, 98
Trd, 430743.000, 103
Trd, 430743.733, 106
Trd, 430744.367, 107
Trd, 430744.500, 104
Trd, 430747.150, 102
Trd, 430747.383, 101
Trd, 430748.033, 102
Trd, 430748.417, 101
Trd, 430749.050, 100
Trd, 430750.267, 101
Trd, 430750.617, 103
Trd, 430750.750, 104
Trd, 430751.000, 106
Trd, 430751.333, 107
Trd, 430751.750, 99
Trd, 430752.467, 115
Trd, 430753.633, 111
Trd, 430754.000, 98
Trd, 430754.450, 95
Trd, 430755.467, 109
Trd, 430755.633, 93
Trd, 430755.650, 109
Trd, 430755.917, 88
Trd, 430756.100, 88
Trd, 430756.433, 93
Trd, 430757.167, 99
Trd, 430757.217, 89
Trd, 430757.500, 106
Trd, 430758.500, 87
Trd, 430759.550, 94
Trd, 430760.000, 103
Trd, 430760.183, 118
Trd, 430761.517, 96
Trd, 430762.450, 95
Trd, 430763.083, 96
Trd, 430764.000, 101
Trd, 430764.817, 100
Trd, 430766.167, 100
Trd, 430766.533, 96
Trd, 430767.083, 98
Trd, 430768.500, 99
Trd, 430768.567, 97
Trd, 430769.483, 105
Trd, 430771.100, 105
Trd, 430771.300, 104
Trd, 430772.000, 106
Trd, 430772.117, 98
Trd, 430772.133, 115
Trd, 430772.917, 98
Trd, 430773.350, 95
Trd, 430773.950, 115
Trd, 430775.100, 105
Trd, 430775.650, 106
Trd, 430777.117, 106
Trd, 430778.167, 114
Trd, 430779.217, 113
Trd, 430779.233, 106
Trd, 430779.733, 103
Trd, 430781.600, 97
Trd, 430781.667, 104
Trd, 430782.100, 94
Trd, 430782.867, 94
Trd, 430782.883, 100
Trd, 430783.067, 92
Trd, 430783.117, 101
Trd, 430783.133, 104
Trd, 430783.533, 106
Trd, 430783.600, 115
Trd, 430784.017, 89
Trd, 430784.533, 93
Trd, 430786.017, 89
Trd, 430786.167, 113
Trd, 430786.750, 88
Trd, 430788.267, 105
Trd, 430788.467, 90
Trd, 430790.333, 101
Trd, 430790.800, 99
Trd, 430791.733, 99
Trd, 430791.867, 97
Trd, 430792.650, 87
Trd, 430793.250, 98
Trd, 430794.483, 87
Trd, 430795.067, 95
Trd, 430795.150, 97
Trd, 430795.400, 104
Trd, 430796.133, 100
Trd, 430796.617, 106
Trd, 430797.217, 108
Trd, 430798.100, 112
Trd, 430798.633, 105
Trd, 430799.417, 104
Trd, 430800.150, 92
Trd, 430800.233, 109
Trd, 430800.417, 89
Trd, 430801.433, 115
Trd, 430802.917, 102
Trd, 430803.567, 101
Trd, 430803.750, 96
Trd, 430803.867, 95
Trd, 430804.450, 112
Trd, 430806.283, 97
Trd, 430806.350, 96
Trd, 430807.200, 115
Trd, 430807.800, 112
Trd, 430808.450, 95
Trd, 430808.817, 118
Trd, 430809.533, 104
Trd, 430810.150, 101
Trd, 430810.367, 116
Trd, 430810.700, 101
Trd, 430810.717, 120
Trd, 430810.733, 96
Trd, 430811.500, 99
Trd, 430812.117, 98
Trd, 430812.267, 97
Trd, 430814.350, 98
Trd, 430814.683, 98
Trd, 430815.333, 98
Trd, 430815.767, 104
Trd, 430816.633, 106
Trd, 430817.533, 100
Trd, 430817.750, 106
Trd, 430817.900, 100
Trd, 430818.150, 97
Trd, 430818.183, 101
Trd, 430818.633, 92
Trd, 430818.867, 97
Trd, 430820.083, 96
Trd, 430821.400, 87
Trd, 430822.383, 99
Trd, 430822.867, 97
Trd, 430824.283, 93
Trd, 430824.783, 101
Trd, 430824.883, 103
Trd, 430826.083, 104
Trd, 430826.750, 98
Trd, 430826.817, 94
Trd, 430827.033, 99
Trd, 430827.150, 87
Trd, 430828.717, 100
Trd, 430829.333, 106
Trd, 430829.433, 115
Trd, 430829.500, 100
Trd, 430829.767, 98
Trd, 430829.900, 116
Trd, 430832.300, 97
Trd, 430833.150, 96
Trd, 430833.633, 99
Trd, 430836.100, 110
Trd, 430836.300, 102
Trd, 430836.383, 102
Trd, 430836.750, 102
Trd, 430837.067, 101
Trd, 430837.100, 100
Trd, 430837.700, 104
Trd, 430839.000, 98
Trd, 430840.133, 104
Trd, 430840.383, 96
Trd, 430841.233, 95
Trd, 430842.217, 93
Trd, 430844.417, 100
Trd, 430844.683, 103
Trd, 430844.967, 94
Trd, 430845.050, 104
Trd, 430846.900, 105
Trd, 430846.983, 105
Trd, 430847.633, 102
Trd, 430847.917, 93
Trd, 430849.350, 91
Trd, 430849.467, 94
Trd, 430849.767, 90
Trd, 430850.300, 87
Trd, 430850.433, 95
Trd, 430850.550, 87
Trd, 430850.833, 101
Trd, 430853.300, 104
Trd, 430853.700, 106
Trd, 430853.850, 100
Trd, 430853.933, 91
Trd, 430854.867, 89
Trd, 430854.917, 99
Trd, 430857.217, 101
Trd, 430857.600, 104
Trd, 430857.650, 115
Trd, 430857.850, 114
Trd, 430858.900, 114
Trd, 430858.967, 99
Trd, 430859.300, 96
Trd, 430859.733, 95
Trd, 430860.283, 103
Trd, 430861.500, 107
Trd, 430862.967, 105
Trd, 430863.700, 104
Trd, 430864.017, 103
Trd, 430864.167, 79
Trd, 430865.033, 111
Trd, 430865.533, 109
Trd, 430867.433, 99
Trd, 430867.967, 113
Trd, 430869.050, 113
Trd, 430869.967, 112
Trd, 430870.483, 100
Trd, 430870.700, 105
Trd, 430871.333, 104
Trd, 430872.417, 112
Trd, 430873.033, 100
Trd, 430873.300, 99
Trd, 430873.700, 101
Trd, 430874.200, 101
Trd, 430874.317, 95
Trd, 430874.417, 104
Trd, 430874.517, 111
Trd, 430874.833, 98
Trd, 430875.217, 94
Trd, 430875.450, 94
Trd, 430876.617, 95
Trd, 430876.667, 115
Trd, 430878.183, 103
Trd, 430880.350, 109
Trd, 430880.717, 115
Trd, 430881.500, 116
Trd, 430881.917, 93
Trd, 430881.983, 125
Trd, 430882.067, 91
Trd, 430882.883, 87
Trd, 430883.233, 101
Trd, 430884.417, 101
Trd, 430884.433, 100
Trd, 430885.267, 96
Trd, 430885.983, 97
Trd, 430886.000, 100
Trd, 430886.267, 96
Trd, 430888.300, 98
Trd, 430888.850, 96
Trd, 430889.417, 95
Trd, 430890.033, 104
Trd, 430891.117, 97
Trd, 430891.867, 94
Trd, 430892.150, 98
Trd, 430893.767, 98
Trd, 430894.250, 102
Trd, 430894.500, 93
Trd, 430895.333, 94
Trd, 430895.550, 93
Trd, 430896.817, 97
Trd, 430897.650, 94
Trd, 430898.500, 94
Trd, 430898.617, 95
Trd, 430898.867, 99
Trd, 430899.117, 106
Trd, 430900.200, 105
Trd, 430900.250, 104
Trd, 430901.017, 94
Trd, 430901.800, 90
Trd, 430902.767, 89
Trd, 430903.283, 104
Trd, 430903.483, 108
Trd, 430903.550, 90
Trd, 430903.667, 115
Trd, 430904.700, 122
Trd, 430905.400, 106
Trd, 430906.017, 109
Trd, 430907.317, 109
Trd, 430907.350, 106
Trd, 430907.600, 114
Trd, 430907.933, 104
Trd, 430908.517, 102
Trd, 430908.550, 98
Trd, 430910.350, 99
Trd, 430911.350, 98
Trd, 430912.500, 95
Trd, 430912.583, 105
Trd, 430913.183, 94
Trd, 430913.617, 93
Trd, 430914.633, 103
Trd, 430914.817, 103
Trd, 430915.567, 104
Trd, 430917.083, 95
Trd, 430917.400, 113
Trd, 430917.483, 98
Trd, 430919.450, 100
Trd, 430919.633, 98
Trd, 430919.883, 96
Trd, 430920.433, 93
Trd, 430920.467, 87
Trd, 430920.600, 84
Trd, 430921.933, 104
Trd, 430922.050, 106
Trd, 430924.867, 94
Trd, 430925.350, 98
Trd, 430925.417, 103
Trd, 430925.467, 104
Trd, 430925.783, 97
Trd, 430927.333, 100
Trd, 430927.550, 101
Trd, 430927.867, 99
Trd, 430928.767, 100
Trd, 430929.233, 95
Trd, 430929.433, 95
Trd, 430929.617, 103
Trd, 430930.100, 94
Trd, 430931.400, 104
Trd, 430931.867, 104
Trd, 430932.333, 103
Trd, 430933.933, 106
Trd, 430934.183, 106
Trd, 430934.433, 100
Trd, 430934.800, 97
Trd, 430936.717, 101
Trd, 430936.850, 95
Trd, 430938.450, 104
Trd, 430938.500, 115
Trd, 430939.117, 103
Trd, 430939.350, 116
Trd, 430940.350, 104
Trd, 430940.917, 112
Trd, 430941.417, 96
Trd, 430941.967, 96
Trd, 430943.283, 100
Trd, 430943.467, 118
Trd, 430943.717, 95
Trd, 430944.450, 94
Trd, 430945.217, 94
Trd, 430946.567, 96
Trd, 430946.700, 99
Trd, 430946.800, 94
Trd, 430947.483, 98
Trd, 430949.400, 101
Trd, 430949.417, 103
Trd, 430950.550, 104
Trd, 430950.883, 104
Trd, 430951.267, 103
Trd, 430951.500, 106
Trd, 430951.783, 98
Trd, 430952.200, 100
Trd, 430952.967, 115
Trd, 430953.517, 118
Trd, 430954.983, 98
Trd, 430955.100, 96
Trd, 430955.533, 104
Trd, 430956.450, 114
Trd, 430956.683, 116
Trd, 430957.367, 100
Trd, 430957.800, 98
Trd, 430958.783, 101
Trd, 430958.967, 98
Trd, 430959.467, 92
Trd, 430962.083, 96
Trd, 430962.667, 96
Trd, 430962.833, 93
Trd, 430963.233, 98
Trd, 430963.483, 88
Trd, 430963.517, 104
Trd, 430963.633, 106
Trd, 430965.900, 97
Trd, 430965.983, 112
Trd, 430968.400, 110
Trd, 430968.717, 105
Trd, 430968.850, 103
Trd, 430969.383, 102
Trd, 430969.750, 103
Trd, 430969.867, 109
Trd, 430971.083, 106
Trd, 430971.133, 109
Trd, 430972.000, 107
Trd, 430972.283, 104
Trd, 430973.250, 98
Trd, 430974.017, 95
Trd, 430974.567, 106
Trd, 430975.033, 92
Trd, 430975.333, 88
Trd, 430976.083, 107
Trd, 430977.000, 119
Trd, 430978.033, 111
Trd, 430978.517, 109
Trd, 430979.650, 107
Trd, 430980.000, 95
Trd, 430980.567, 100
Trd, 430980.717, 85
Trd, 430982.117, 88
Trd, 430982.267, 83
Trd, 430982.450, 98
Trd, 430982.967, 103
Trd, 430984.950, 98
Trd, 430985.117, 101
Trd, 430985.383, 103
Trd, 430985.633, 104
Trd, 430986.367, 99
Trd, 430987.550, 114
Trd, 430988.550, 95
Trd, 430989.817, 99
Trd, 430990.733, 99
Trd, 430990.983, 98
Trd, 430991.217, 112
Trd, 430991.917, 93
Trd, 430991.933, 90
Trd, 430992.167, 101
Trd, 430992.233, 102
Trd, 430992.750, 87
Trd, 430992.933, 76
Trd, 430994.200, 85
Trd, 430994.667, 103
Trd, 430996.000, 109
Trd, 430996.400, 110
Trd, 430997.000, 111
Trd, 430997.533, 115
Trd, 430998.333, 116
Trd, 430998.767, 108
Trd, 430998.983, 106
Trd, 430999.050, 118
Trd, 431000.050, 105
Trd, 431000.317, 104
Trd, 431001.117, 97
Trd, 431002.483, 95
Trd, 431003.750, 94
Trd, 431003.917, 95
Trd, 431004.350, 95
Trd, 431004.983, 101
Trd, 431005.733, 96
Trd, 431006.700, 97
Trd, 431007.000, 100
Trd, 431007.167, 102
Trd, 431007.633, 98
Trd, 431007.650, 106
Trd, 431009.133, 102
Trd, 431010.267, 98
Trd, 431010.633, 98
Trd, 431012.367, 94
Trd, 431012.950, 93
Trd, 431014.067, 98
Trd, 431015.050, 90
Trd, 431015.300, 89
Trd, 431015.567, 88
Trd, 431015.633, 90
Trd, 431015.650, 95
Trd, 431015.783, 86
Trd, 431016.600, 83
Trd, 431017.983, 103
Trd, 431019.233, 96
Trd, 431020.067, 95
Trd, 431020.100, 96
Trd, 431021.867, 101
Trd, 431022.183, 100
Trd, 431022.417, 99
Trd, 431022.683, 99
Trd, 431022.900, 104
Trd, 431022.950, 97
Trd, 431023.950, 99
Trd, 431024.050, 100
Trd, 431024.333, 106
Trd, 431025.283, 115
Trd, 431026.767, 95
Trd, 431028.167, 98
Trd, 431028.817, 98
Trd, 431028.967, 104
Trd, 431029.567, 98
Trd, 431030.883, 103
Trd, 431031.183, 113
Trd, 431031.450, 98
Trd, 431032.133, 99
Trd, 431032.383, 94
Trd, 431032.417, 112
Trd, 431033.150, 112
Trd, 431034.717, 114
Trd, 431036.450, 102
Trd, 431036.817, 102
Trd, 431037.383, 116
Trd, 431038.550, 103
Trd, 431038.800, 95
Trd, 431038.850, 93
Trd, 431039.067, 87
Trd, 431039.250, 117
Trd, 431039.567, 118
Trd, 431040.133, 98
Trd, 431041.117, 98
Trd, 431043.700, 103
Trd, 431044.333, 103
Trd, 431044.617, 97
Trd, 431045.083, 101
Trd, 431045.800, 91
Trd, 431046.367, 103
Trd, 431047.267, 92
Trd, 431047.567, 99
Trd, 431047.683, 98
Trd, 431049.900, 104
Trd, 431050.017, 104
Trd, 431050.517, 99
Trd, 431050.567, 97
Trd, 431051.000, 114
Trd, 431051.017, 115
Trd, 431052.050, 112
Trd, 431052.533, 114
Trd, 431052.733, 95
Trd, 431054.800, 105
Trd, 431055.133, 104
Trd, 431055.450, 103
Trd, 431056.700, 103
Trd, 431057.333, 99
Trd, 431059.067, 98
Trd, 431059.467, 95
Trd, 431059.717, 96
Trd, 431060.217, 95
Trd, 431061.083, 93
Trd, 431061.667, 98
Trd, 431061.850, 92
Trd, 431062.500, 101
Trd, 431063.533, 99
Trd, 431064.233, 104
Trd, 431065.133, 98
Trd, 431066.267, 105
Trd, 431066.567, 93
Trd, 431066.900, 106
Trd, 431067.433, 115
Trd, 431067.717, 116
Trd, 431068.533, 104
Trd, 431068.900, 106
Trd, 431069.817, 91
Trd, 431069.917, 112
Trd, 431070.250, 90
Trd, 431071.200, 95
Trd, 431072.733, 92
Trd, 431073.433, 102
Trd, 431074.083, 98
Trd, 431074.317, 104
Trd, 431074.517, 106
Trd, 431076.017, 103
Trd, 431076.283, 115
Trd, 431077.300, 106
Trd, 431077.583, 105
Trd, 431077.867, 92
Trd, 431077.950, 104
Trd, 431079.683, 111
Trd, 431079.933, 87
Trd, 431080.967, 108
Trd, 431081.133, 110
Trd, 431081.600, 109
Trd, 431082.817, 109
Trd, 431082.933, 110
Trd, 431083.100, 109
Trd, 431083.450, 105
Trd, 431083.850, 97
Trd, 431083.917, 94
Trd, 431085.617, 107
Trd, 431085.967, 104
Trd, 431086.117, 104
Trd, 431086.367, 99
Trd, 431086.817, 108
Trd, 431086.917, 105
Trd, 431086.950, 115
Trd, 431088.550, 98
Trd, 431089.433, 95
Trd, 431089.617, 104
Trd, 431091.300, 110
Trd, 431091.850, 104
Trd, 431092.167, 93
Trd, 431094.367, 94
Trd, 431094.400, 95
Trd, 431094.717, 95
Trd, 431095.567, 103
Trd, 431096.117, 93
Trd, 431096.350, 88
Trd, 431097.883, 94
Trd, 431098.367, 98
Trd, 431098.950, 96
Trd, 431099.300, 99
Trd, 431099.433, 91
Trd, 431100.217, 100
Trd, 431100.517, 104
Trd, 431100.900, 101
Trd, 431101.667, 105
Trd, 431102.250, 106
Trd, 431102.467, 96
Trd, 431103.383, 115
Trd, 431104.250, 100
Trd, 431105.283, 117
Trd, 431105.400, 99
Trd, 431105.783, 95
Trd, 431105.967, 88
Trd, 431106.167, 88
Trd, 431107.550, 115
Trd, 431107.733, 116
Trd, 431108.000, 101
Trd, 431111.000, 94
Trd, 431111.983, 92
Trd, 431113.350, 92
Trd, 431113.400, 91
Trd, 431113.667, 93
Trd, 431114.267, 99
Trd, 431114.333, 104
Trd, 431114.650, 102
Trd, 431117.800, 103
Trd, 431118.000, 101
Trd, 431118.383, 100
Trd, 431119.483, 101
Trd, 431120.817, 100
Trd, 431120.867, 106
Trd, 431120.983, 114
Trd, 431121.383, 88
Trd, 431122.517, 94
Trd, 431122.933, 91
Trd, 431124.417, 99
Trd, 431124.800, 100
Trd, 431125.183, 98
Trd, 431125.783, 95
Trd, 431125.850, 95
Trd, 431125.917, 104
Trd, 431126.350, 100
Trd, 431126.533, 105
Trd, 431128.533, 112
Trd, 431129.817, 115
Trd, 431129.917, 101
Trd, 431129.950, 100
Trd, 431130.333, 98
Trd, 431131.017, 117
Trd, 431132.933, 96
Trd, 431133.133, 95
Trd, 431133.350, 93
Trd, 431133.950, 91
Trd, 431134.150, 96
Trd, 431134.750, 104
Trd, 431135.750, 98
Trd, 431136.750, 103
Trd, 431137.000, 106
Trd, 431137.400, 106
Trd, 431138.383, 111
Trd, 431138.533, 110
Trd, 431139.067, 102
Trd, 431140.117, 109
Trd, 431140.150, 101
Trd, 431140.367, 111
Trd, 431141.550, 99
Trd, 431143.650, 95
Trd, 431143.833, 96
Trd, 431145.633, 112
Trd, 431146.333, 106
Trd, 431146.983, 105
Trd, 431147.050, 105
Trd, 431147.867, 104
Trd, 431148.317, 95
Trd, 431148.500, 89
Trd, 431148.550, 104
Trd, 431148.650, 88
Trd, 431148.750, 112
Trd, 431149.800, 99
Trd, 431150.917, 115
Trd, 431151.683, 99
Trd, 431153.450, 103
Trd, 431154.050, 102
Trd, 431154.500, 103
Trd, 431154.717, 102
Trd, 431155.517, 107
Trd, 431155.883, 106
Trd, 431156.100, 97
Trd, 431156.133, 106
Trd, 431157.150, 115
Trd, 431157.650, 94
Trd, 431158.000, 93
Trd, 431158.317, 95
Trd, 431160.633, 96
Trd, 431160.867, 99
Trd, 431162.633, 101
Trd, 431162.750, 103
Trd, 431163.617, 101
Trd, 431163.650, 98
Trd, 431163.817, 98
Trd, 431165.000, 95
Trd, 431166.983, 94
Trd, 431167.100, 95
Trd, 431167.133, 96
Trd, 431167.200, 101
Trd, 431167.900, 95
Trd, 431168.783, 96
Trd, 431169.000, 95
Trd, 431169.500, 101
Trd, 431169.683, 95
Trd, 431170.983, 101
Trd, 431171.300, 101
Trd, 431171.433, 93
Trd, 431172.400, 104
Trd, 431172.533, 88
Trd, 431173.167, 84
Trd, 431173.767, 98
Trd, 431173.883, 114
Trd, 431175.133, 94
Trd, 431175.483, 92
Trd, 431177.617, 98
Trd, 431178.417, 104
Trd, 431178.883, 102
Trd, 431180.117, 108
Trd, 431180.283, 108
Trd, 431180.783, 108
Trd, 431181.383, 110
Trd, 431181.483, 115
Trd, 431181.633, 117
Trd, 431181.933, 106
Trd, 431182.867, 113
Trd, 431184.100, 98
Trd, 431184.183, 95
Trd, 431185.050, 100
Trd, 431185.783, 93
Trd, 431186.000, 87
Trd, 431186.367, 102
Trd, 431186.483, 101
Trd, 431188.117, 94
Trd, 431188.133, 89
Trd, 431188.417, 96
Trd, 431191.033, 96
Trd, 431192.300, 98
Trd, 431192.367, 104
Trd, 431192.550, 102
Trd, 431192.983, 116
Trd, 431193.617, 101
Trd, 431193.800, 116
Trd, 431194.617, 102
Trd, 431194.883, 111
Trd, 431195.467, 104
Trd, 431196.583, 104
Trd, 431196.650, 110
Trd, 431197.583, 116
Trd, 431198.383, 99
Trd, 431198.717, 95
Trd, 431200.083, 114
Trd, 431200.367, 101
Trd, 431200.900, 92
Trd, 431202.133, 93
Trd, 431202.600, 92
Trd, 431203.467, 96
Trd, 431204.017, 95
Trd, 431204.083, 97
Trd, 431204.300, 97
Trd, 431204.517, 96
Trd, 431204.717, 91
Trd, 431204.883, 98
Trd, 431205.000, 104
Trd, 431205.833, 93
Trd, 431208.967, 94
Trd, 431210.000, 98
Trd, 431210.183, 85
Trd, 431210.367, 84
Trd, 431211.067, 92
Trd, 431211.600, 93
Trd, 431211.800, 95
Trd, 431212.050, 98
Trd, 431213.350, 99
Trd, 431213.483, 101
Trd, 431214.317, 86
Trd, 431214.883, 104
Trd, 431215.000, 106
Trd, 431215.417, 86
Trd, 431215.450, 119
Trd, 431218.417, 104
Trd, 431219.783, 112
Trd, 431219.967, 107
Trd, 431220.000, 106
Trd, 431220.017, 103
Trd, 431220.333, 102
Trd, 431220.983, 97
Trd, 431221.267, 97
Trd, 431221.983, 96
Trd, 431222.033, 92
Trd, 431222.250, 98
Trd, 431223.417, 94
Trd, 431224.217, 100
Trd, 431224.600, 102
Trd, 431225.400, 115
Trd, 431227.217, 114
Trd, 431227.350, 115
Trd, 431227.467, 99
Trd, 431227.533, 98
Trd, 431229.300, 100
Trd, 431229.417, 101
Trd, 431230.217, 106
Trd, 431230.250, 95
Trd, 431231.617, 95
Trd, 431233.333, 112
Trd, 431233.850, 111
Trd, 431234.067, 110
Trd, 431234.100, 112
Trd, 431234.183, 109
Trd, 431234.667, 104
Trd, 431235.550, 98
Trd, 431235.567, 93
Trd, 431236.900, 100
Trd, 431237.300, 110
Trd, 431237.583, 111
Trd, 431238.483, 102
Trd, 431239.683, 98
Trd, 431240.750, 104
Trd, 431240.850, 105
Trd, 431240.950, 103
Trd, 431241.733, 108
Trd, 431242.217, 104
Trd, 431242.617, 115
Trd, 431243.817, 107
Trd, 431243.983, 104
Trd, 431244.217, 100
Trd, 431245.600, 100
Trd, 431245.833, 104
Trd, 431248.183, 106
Trd, 431248.483, 106
Trd, 431248.583, 105
Trd, 431249.650, 103
Trd, 431249.750, 97
Trd, 431250.533, 101
Trd, 431250.717, 98
Trd, 431251.017, 99
Trd, 431251.933, 95
Trd, 431252.983, 93
Trd, 431253.800, 93
Trd, 431254.700, 97
Trd, 431254.833, 106
Trd, 431255.133, 106
Trd, 431255.867, 96
Trd, 431255.950, 115
Trd, 431256.700, 88
Trd, 431257.167, 114
Trd, 431257.500, 89
Trd, 431257.917, 95
Trd, 431260.417, 91
Trd, 431260.450, 87
Trd, 431260.617, 92
Trd, 431261.350, 95
Trd, 431262.917, 117
Trd, 431263.550, 98
Trd, 431264.517, 112
Trd, 431264.733, 104
Trd, 431265.550, 105
Trd, 431265.950, 104
Trd, 431266.033, 103
Trd, 431266.050, 116
Trd, 431266.583, 96
Trd, 431267.000, 100
Trd, 431267.033, 95
Trd, 431267.933, 88
Trd, 431269.450, 97
Trd, 431269.600, 97
Trd, 431270.100, 102
Trd, 431270.300, 95
Trd, 431270.917, 104
Trd, 431271.650, 102
Trd, 431271.983, 95
Trd, 431272.650, 104
Trd, 431272.917, 92
Trd, 431274.817, 103
Trd, 431275.383, 106
Trd, 431276.217, 106
Trd, 431276.283, 114
Trd, 431276.600, 115
Trd, 431276.983, 113
Trd, 431278.833, 109
Trd, 431279.350, 117
Trd, 431279.433, 104
Trd, 431280.250, 84
Trd, 431280.600, 114
Trd, 431281.783, 109
Trd, 431282.517, 101
Trd, 431282.983, 99
Trd, 431284.117, 99
Trd, 431284.183, 98
Trd, 431284.250, 96
Trd, 431285.650, 100
Trd, 431286.500, 101
Trd, 431286.517, 102
Trd, 431288.850, 104
Trd, 431289.083, 106
Trd, 431290.467, 104
Trd, 431290.517, 100
Trd, 431291.250, 98
Trd, 431291.667, 112
Trd, 431291.683, 95
Trd, 431292.067, 98
Trd, 431292.783, 101
Trd, 431292.883, 93
Trd, 431294.667, 97
Trd, 431294.783, 92
Trd, 431295.567, 90
Trd, 431296.067, 93
Trd, 431296.817, 91
Trd, 431296.917, 103
Trd, 431297.417, 93
Trd, 431297.650, 93
Trd, 431297.800, 94
Trd, 431298.533, 96
Trd, 431298.567, 105
Trd, 431299.500, 105
Trd, 431300.350, 99
Trd, 431300.900, 105
Trd, 431302.067, 99
Trd, 431302.383, 100
Trd, 431302.983, 106
Trd, 431304.167, 98
Trd, 431304.900, 96
Trd, 431305.000, 96
Trd, 431306.033, 95
Trd, 431306.883, 94
Trd, 431306.967, 96
Trd, 431307.833, 98
Trd, 431307.850, 115
Trd, 431309.617, 95
Trd, 431309.800, 93
Trd, 431310.300, 91
Trd, 431310.400, 102
Trd, 431310.750, 106
Trd, 431310.833, 98
Trd, 431311.850, 114
Trd, 431313.300, 119
Trd, 431314.367, 112
Trd, 431315.033, 100
Trd, 431316.167, 107
Trd, 431316.283, 102
Trd, 431316.500, 102
Trd, 431316.700, 101
Trd, 431317.400, 104
Trd, 431317.633, 98
Trd, 431318.017, 98
Trd, 431318.567, 98
Trd, 431319.283, 98
Trd, 431320.117, 96
Trd, 431320.133, 99
Trd, 431321.417, 101
Trd, 431321.750, 95
Trd, 431322.000, 94
Trd, 431322.683, 96
Trd, 431322.850, 104
Trd, 431323.583, 106
Trd, 431324.133, 108
Trd, 431325.017, 93
Trd, 431325.550, 101
Trd, 431326.233, 116
Trd, 431326.467, 89
Trd, 431326.900, 94
Trd, 431327.217, 116
Trd, 431328.600, 117
Trd, 431328.850, 91
Trd, 431331.150, 115
Trd, 431331.650, 108
Trd, 431331.800, 119
Trd, 431332.850, 105
Trd, 431333.150, 121
Trd, 431333.267, 120
Trd, 431333.617, 103
Trd, 431333.933, 126
Trd, 431335.617, 106
Trd, 431335.767, 97
Trd, 431336.350, 104
Trd, 431337.117, 98
Trd, 431337.683, 103
Trd, 431338.383, 96
Trd, 431340.067, 105
Trd, 431340.783, 103
Trd, 431340.850, 98
Trd, 431342.650, 96
Trd, 431342.700, 95
Trd, 431343.733, 98
Trd, 431344.150, 101
Trd, 431344.250, 94
Trd, 431345.267, 93
Trd, 431345.800, 100
Trd, 431346.083, 103
Trd, 431347.283, 97
Trd, 431347.300, 93
Trd, 431347.833, 93
Trd, 431347.900, 92
Trd, 431348.750, 97
Trd, 431348.917, 101
Trd, 431349.333, 98
Trd, 431349.683, 105
Trd, 431350.567, 106
Trd, 431351.283, 105
Trd, 431351.850, 104
Trd, 431352.117, 95
Trd, 431352.567, 115
Trd, 431352.683, 116
Trd, 431353.683, 115
Trd, 431355.867, 107
Trd, 431356.483, 98
Trd, 431356.983, 99
Trd, 431358.567, 99
Trd, 431359.450, 97
Trd, 431361.400, 95
Trd, 431361.667, 95
Trd, 431363.083, 93
Trd, 431363.183, 95
Trd, 431363.550, 95
Trd, 431363.650, 97
Trd, 431364.150, 97
Trd, 431365.400, 99
Trd, 431365.550, 96
Trd, 431365.683, 97
Trd, 431366.033, 98
Trd, 431366.067, 94
Trd, 431366.450, 100
Trd, 431366.833, 104
Trd, 431367.417, 94
Trd, 431367.467, 103
Trd, 431367.567, 92
Trd, 431368.083, 92
Trd, 431370.550, 92
Trd, 431370.917, 93
Trd, 431371.100, 104
Trd, 431371.650, 104
Trd, 431371.750, 90
Trd, 431373.267, 104
Trd, 431374.883, 106
Trd, 431375.700, 103
Trd, 431375.850, 115
Trd, 431377.183, 113
Trd, 431378.317, 98
Trd, 431379.200, 93
Trd, 431379.483, 87
Trd, 431379.867, 94
Trd, 431379.933, 83
Trd, 431380.183, 79
Trd, 431381.600, 92
Trd, 431382.867, 77
Trd, 431382.967, 95
Trd, 431383.350, 98
Trd, 431384.050, 101
Trd, 431384.083, 102
Trd, 431385.183, 104
Trd, 431386.267, 101
Trd, 431386.883, 106
Trd, 431387.817, 108
Trd, 431387.933, 105
Trd, 431388.767, 102
Trd, 431389.483, 101
Trd, 431389.550, 113
Trd, 431391.367, 105
Trd, 431391.617, 103
Trd, 431391.650, 102
Trd, 431393.050, 98
Trd, 431393.167, 101
Trd, 431393.583, 102
Trd, 431394.767, 115
Trd, 431395.000, 116
Trd, 431395.317, 104
Trd, 431395.783, 103
Trd, 431395.917, 101
Trd, 431396.033, 114
Trd, 431396.483, 100
Trd, 431398.783, 101
Trd, 431398.817, 113
Trd, 431400.017, 112
Trd, 431400.483, 99
Trd, 431400.583, 98
Trd, 431402.900, 99
Trd, 431403.517, 95
Trd, 431404.117, 99
Trd, 431404.883, 98
Trd, 431405.250, 97
Trd, 431405.333, 96
Trd, 431405.500, 95
Trd, 431406.450, 102
Trd, 431407.983, 99
Trd, 431408.000, 98
Trd, 431408.233, 104
Trd, 431409.383, 97
Trd, 431409.450, 94
Trd, 431409.633, 90
Trd, 431409.883, 103
Trd, 431410.067, 87
Trd, 431411.267, 87
Trd, 431411.733, 99
Trd, 431411.817, 104
Trd, 431412.117, 96
Trd, 431413.533, 112
Trd, 431413.867, 115
Trd, 431415.183, 94
Trd, 431415.350, 93
Trd, 431415.533, 93
Trd, 431417.050, 100
Trd, 431417.517, 106
Trd, 431417.717, 101
Trd, 431417.883, 106
Trd, 431418.350, 101
Trd, 431418.483, 100
Trd, 431419.667, 99
Trd, 431421.333, 101
Trd, 431422.667, 96
Trd, 431422.717, 102
Trd, 431423.217, 95
Trd, 431423.700, 104
Trd, 431424.233, 106
Trd, 431424.300, 104
Trd, 431425.333, 99
Trd, 431425.850, 95
Trd, 431426.200, 104
Trd, 431426.917, 113
Trd, 431427.683, 114
Trd, 431429.967, 108
Trd, 431430.717, 111
Trd, 431431.400, 114
Trd, 431431.550, 111
Trd, 431432.700, 107
Trd, 431433.100, 115
Trd, 431434.300, 107
Trd, 431434.350, 106
Trd, 431434.567, 103
Trd, 431434.950, 96
Trd, 431435.333, 111
Trd, 431436.300, 103
Trd, 431437.517, 98
Trd, 431437.867, 95
Trd, 431438.550, 104
Trd, 431439.583, 100
Trd, 431439.867, 99
Trd, 431440.133, 98
Trd, 431441.900, 99
Trd, 431442.000, 106
Trd, 431443.650, 96
Trd, 431445.283, 97
Trd, 431445.317, 95
Trd, 431445.517, 87
Trd, 431446.150, 94
Trd, 431446.367, 89
Trd, 431446.417, 95
Trd, 431446.733, 97
Trd, 431446.750, 102
Trd, 431447.300, 84
Trd, 431447.583, 94
Trd, 431447.883, 89
Trd, 431450.000, 97
Trd, 431450.533, 91
Trd, 431450.550, 87
Trd, 431451.000, 100
Trd, 431451.600, 89
Trd, 431451.867, 102
Trd, 431453.417, 101
Trd, 431453.567, 102
Trd, 431454.017, 104
Trd, 431454.750, 94
Trd, 431454.867, 100
Trd, 431455.233, 97
Trd, 431455.750, 113
Trd, 431456.917, 99
Trd, 431456.950, 96
Trd, 431458.767, 110
Trd, 431459.333, 100
Trd, 431460.200, 99
Trd, 431461.367, 102
Trd, 431461.717, 98
Trd, 431462.033, 101
Trd, 431462.633, 98
Trd, 431463.100, 100
Trd, 431464.017, 99
Trd, 431464.583, 103
Trd, 431464.833, 106
Trd, 431465.067, 104
Trd, 431466.167, 104
Trd, 431466.533, 115
Trd, 431467.400, 113
Trd, 431467.583, 103
Trd, 431467.683, 98
Trd, 431468.033, 116
Trd, 431468.067, 93
Trd, 431468.767, 117
Trd, 431469.017, 122
Trd, 431470.867, 105
Trd, 431472.183, 104
Trd, 431472.917, 113
Trd, 431473.300, 112
Trd, 431473.667, 112
Trd, 431473.767, 108
Trd, 431474.150, 107
Trd, 431474.783, 106
Trd, 431475.950, 98
Trd, 431477.950, 99
Trd, 431478.333, 97
Trd, 431478.883, 102
Trd, 431479.417, 103
Trd, 431479.517, 97
Trd, 431479.583, 111
Trd, 431480.850, 98
Trd, 431481.950, 96
Trd, 431481.967, 103
Trd, 431483.033, 95
Trd, 431483.400, 93
Trd, 431483.817, 111
Trd, 431485.100, 111
Trd, 431485.133, 112
Trd, 431486.817, 98
Trd, 431487.233, 114
Trd, 431487.917, 98
Trd, 431489.350, 106
Trd, 431489.967, 99
Trd, 431491.267, 104
Trd, 431491.600, 106
Trd, 431491.683, 115
Trd, 431491.967, 118
Trd, 431492.433, 107
Trd, 431493.233, 106
Trd, 431493.467, 104
Trd, 431495.850, 98
Trd, 431495.933, 95
Trd, 431496.200, 100
Trd, 431496.283, 101
Trd, 431496.500, 92
Trd, 431497.267, 100
Trd, 431497.283, 93
Trd, 431498.383, 98
Trd, 431498.700, 102
Trd, 431500.683, 104
Trd, 431501.550, 98
Trd, 431501.967, 102
Trd, 431502.483, 102
Trd, 431502.750, 101
Trd, 431502.850, 98
Trd, 431503.750, 93
Trd, 431503.767, 103
Trd, 431505.333, 95
Trd, 431505.550, 104
Trd, 431506.083, 101
Trd, 431506.367, 106
Trd, 431507.333, 87
Trd, 431508.250, 91
Trd, 431508.850, 94
Trd, 431509.333, 96
Trd, 431510.167, 102
Trd, 431510.683, 107
Trd, 431510.983, 106
Trd, 431511.450, 105
Trd, 431511.900, 106
Trd, 431512.317, 105
Trd, 431512.467, 115
Trd, 431512.817, 105
Trd, 431513.850, 104
Trd, 431515.950, 106
Trd, 431516.300, 97
Trd, 431518.000, 101
Trd, 431518.267, 93
Trd, 431518.483, 92
Trd, 431518.717, 100
Trd, 431519.550, 102
Trd, 431519.733, 93
Trd, 431520.033, 103
Trd, 431521.133, 104
Trd, 431521.483, 90
Trd, 431523.267, 93
Trd, 431523.400, 92
Trd, 431523.867, 96
Trd, 431524.033, 101
Trd, 431525.417, 97
Trd, 431525.767, 97
Trd, 431525.783, 88
Trd, 431526.217, 103
Trd, 431526.517, 86
Trd, 431527.183, 98
Trd, 431527.600, 96
Trd, 431528.067, 84
Trd, 431529.933, 88
Trd, 431529.983, 96
Trd, 431530.600, 104
Trd, 431531.233, 106
Trd, 431532.117, 103
Trd, 431532.933, 104
Trd, 431533.683, 107
Trd, 431533.717, 108
Trd, 431534.417, 95
Trd, 431534.717, 117
Trd, 431536.800, 103
Trd, 431536.933, 101
Trd, 431537.467, 102
Trd, 431537.733, 99
Trd, 431537.933, 113
Trd, 431538.017, 98
Trd, 431539.567, 99
Trd, 431539.667, 112
Trd, 431542.450, 111
Trd, 431542.833, 112
Trd, 431543.067, 102
Trd, 431543.433, 90
Trd, 431544.500, 88
Trd, 431544.967, 91
Trd, 431545.617, 93
Trd, 431546.117, 98
Trd, 431547.733, 99
Trd, 431548.167, 104
Trd, 431548.350, 98
Trd, 431548.450, 107
Trd, 431549.317, 99
Trd, 431550.383, 111
Trd, 431552.483, 98
Trd, 431553.400, 106
Trd, 431553.617, 108
Trd, 431553.667, 115
Trd, 431554.233, 100
Trd, 431554.500, 98
Trd, 431555.317, 103
Trd, 431556.033, 95
Trd, 431556.050, 93
Trd, 431556.967, 111
Trd, 431556.983, 117
Trd, 431557.483, 95
Trd, 431557.617, 87
Trd, 431557.867, 114
Trd, 431558.250, 88
Trd, 431558.500, 84
Trd, 431559.333, 83
Trd, 431559.583, 113
Trd, 431559.950, 75
Trd, 431560.417, 114
Trd, 431560.667, 92
Trd, 431562.400, 100
Trd, 431563.017, 92
Trd, 431563.533, 106
Trd, 431563.717, 105
Trd, 431564.650, 108
Trd, 431565.233, 105
Trd, 431565.617, 102
Trd, 431567.483, 112
Trd, 431567.967, 99
Trd, 431568.017, 113
Trd, 431568.800, 101
Trd, 431569.450, 117
Trd, 431569.583, 99
Trd, 431569.683, 108
Trd, 431570.333, 118
Trd, 431571.467, 99
Trd, 431573.500, 102
Trd, 431575.400, 108
Trd, 431575.967, 106
Trd, 431576.100, 104
Trd, 431577.367, 100
Trd, 431577.567, 100
Trd, 431577.917, 98
Trd, 431578.150, 96
Trd, 431579.033, 100
Trd, 431579.550, 97
Trd, 431579.967, 97
Trd, 431580.550, 95
Trd, 431580.683, 93
Trd, 431581.150, 96
Trd, 431581.650, 87
Trd, 431582.050, 89
Trd, 431582.850, 98
Trd, 431583.683, 97
Trd, 431584.033, 103
Trd, 431584.133, 104
Trd, 431585.283, 104
Trd, 431585.783, 105
Trd, 431585.900, 106
Trd, 431586.183, 96
Trd, 431586.850, 115
Trd, 431587.033, 104
Trd, 431587.400, 97
Trd, 431588.450, 95
Trd, 431589.783, 93
Trd, 431591.317, 91
Trd, 431591.550, 91
Trd, 431591.900, 91
Trd, 431591.933, 88
Trd, 431592.433, 86
Trd, 431592.700, 97
Trd, 431593.550, 94
Trd, 431595.000, 102
Trd, 431595.867, 104
Trd, 431596.733, 101
Trd, 431597.000, 106
Trd, 431597.100, 99
Trd, 431597.350, 115
Trd, 431597.683, 119
Trd, 431598.717, 117
Trd, 431598.900, 117
Trd, 431599.367, 106
Trd, 431599.450, 120
Trd, 431599.850, 104
Trd, 431599.900, 96
Trd, 431600.433, 111
Trd, 431602.400, 102
Trd, 431603.133, 108
Trd, 431603.700, 104
Trd, 431605.067, 106
Trd, 431607.333, 98
Trd, 431608.467, 98
Trd, 431609.200, 98
Trd, 431610.017, 95
Trd, 431610.433, 96
Trd, 431611.317, 94
Trd, 431611.717, 104
Trd, 431611.883, 106
Trd, 431612.133, 106
Trd, 431612.967, 93
Trd, 431614.367, 88
Trd, 431614.867, 105
Trd, 431615.033, 104
Trd, 431615.400, 104
Trd, 431615.650, 104
Trd, 431615.833, 96
Trd, 431616.017, 104
Trd, 431616.933, 102
Trd, 431617.067, 106
Trd, 431617.550, 102
Trd, 431617.583, 115
Trd, 431617.667, 86
Trd, 431617.933, 117
Trd, 431619.483, 103
Trd, 431620.500, 100
Trd, 431621.033, 100
Trd, 431621.117, 121
Trd, 431621.417, 116
Trd, 431621.433, 96
Trd, 431623.233, 96
Trd, 431624.583, 96
Trd, 431624.683, 104
Trd, 431624.900, 106
Trd, 431625.550, 95
Trd, 431625.650, 93
Trd, 431626.617, 87
Trd, 431627.467, 98
Trd, 431628.167, 97
Trd, 431628.683, 97
Trd, 431629.400, 104
Trd, 431629.433, 90
Trd, 431630.050, 86
Trd, 431631.650, 103
Trd, 431631.833, 86
Trd, 431632.267, 98
Trd, 431632.467, 106
Trd, 431632.517, 87
Trd, 431633.283, 115
Trd, 431633.467, 87
Trd, 431634.450, 99
Trd, 431635.967, 99
Trd, 431636.167, 99
Trd, 431636.433, 109
Trd, 431637.633, 99
Trd, 431638.233, 104
Trd, 431639.650, 71
Trd, 431640.517, 85
Trd, 431642.317, 95
Trd, 431642.483, 108
Trd, 431642.717, 96
Trd, 431642.867, 109
Trd, 431644.433, 115
Trd, 431644.700, 117
Trd, 431644.917, 105
Trd, 431645.033, 104
Trd, 431645.200, 125
Trd, 431645.517, 120
Trd, 431645.850, 98
Trd, 431646.633, 99
Trd, 431646.833, 119
Trd, 431647.200, 99
Trd, 431648.250, 106
Trd, 431648.750, 103
Trd, 431651.917, 93
Trd, 431652.050, 94
Trd, 431652.283, 98
Trd, 431652.633, 92
Trd, 431654.017, 92
Trd, 431654.033, 106
Trd, 431654.133, 107
Trd, 431654.383, 121
Trd, 431655.033, 99
Trd, 431655.200, 98
Trd, 431655.283, 94
Trd, 431655.300, 93
Trd, 431656.150, 104
Trd, 431656.317, 88
Trd, 431656.917, 99
Trd, 431658.300, 96
Trd, 431660.267, 98
Trd, 431660.300, 95
Trd, 431661.033, 96
Trd, 431662.550, 87
Trd, 431663.900, 99
Trd, 431664.000, 104
Trd, 431664.100, 95
Trd, 431664.900, 95
Trd, 431665.450, 106
Trd, 431665.867, 108
Trd, 431665.967, 115
Trd, 431666.383, 98
Trd, 431666.617, 116
Trd, 431667.117, 118
Trd, 431668.100, 98
Trd, 431668.133, 97
Trd, 431668.183, 92
Trd, 431669.333, 112
Trd, 431670.000, 95
Trd, 431670.033, 113
Trd, 431670.433, 96
Trd, 431671.400, 95
Trd, 431673.617, 98
Trd, 431674.300, 98
Trd, 431674.650, 101
Trd, 431674.700, 89
Trd, 431674.917, 106
Trd, 431675.483, 114
Trd, 431678.433, 94
Trd, 431678.583, 99
Trd, 431679.383, 96
Trd, 431679.500, 100
Trd, 431680.817, 100
Trd, 431681.367, 101
Trd, 431681.417, 99
Trd, 431682.383, 102
Trd, 431683.183, 101
Trd, 431683.400, 95
Trd, 431683.417, 103
Trd, 431683.500, 94
Trd, 431684.317, 104
Trd, 431684.733, 106
Trd, 431685.167, 113
Trd, 431685.733, 92
Trd, 431686.683, 104
Trd, 431687.300, 101
Trd, 431687.833, 97
Trd, 431689.167, 91
Trd, 431691.267, 94
Trd, 431692.067, 104
Trd, 431692.133, 96
Trd, 431692.667, 115
Trd, 431693.367, 99
Trd, 431693.633, 95
Trd, 431694.483, 120
Trd, 431694.550, 91
Trd, 431694.750, 120
Trd, 431695.133, 117
Trd, 431696.150, 99
Trd, 431696.917, 97
Trd, 431697.033, 92
Trd, 431698.450, 88
Trd, 431698.867, 95
Trd, 431698.883, 98
Trd, 431699.500, 84
Trd, 431700.117, 103
Trd, 431701.483, 104
Trd, 431701.517, 103
Trd, 431703.717, 96
Trd, 431703.800, 97
Trd, 431703.817, 104
Trd, 431704.233, 96
Trd, 431704.850, 95
Trd, 431705.150, 106
Trd, 431705.483, 118
Trd, 431705.767, 117
Trd, 431706.450, 121
Trd, 431707.100, 98
Trd, 431707.383, 97
Trd, 431708.250, 98
Trd, 431708.683, 105
Trd, 431708.750, 93
Trd, 431710.300, 99
Trd, 431710.317, 94
Trd, 431712.483, 106
Trd, 431712.800, 104
Trd, 431713.017, 100
Trd, 431713.100, 97
Trd, 431714.017, 115
Trd, 431714.200, 120
Trd, 431714.717, 94
Trd, 431715.050, 119
Trd, 431716.133, 99
Trd, 431716.400, 94
Trd, 431717.050, 114
Trd, 431717.167, 102
Trd, 431718.283, 94
Trd, 431718.350, 109
Trd, 431719.267, 94
Trd, 431719.983, 93
Trd, 431722.050, 97
Trd, 431722.367, 96
Trd, 431723.233, 97
Trd, 431723.933, 94
Trd, 431724.667, 97
Trd, 431725.767, 97
Trd, 431725.867, 88
Trd, 431726.283, 99
Trd, 431726.450, 89
Trd, 431726.483, 101
Trd, 431727.117, 101
Trd, 431727.467, 104
Trd, 431728.583, 93
Trd, 431728.917, 94
Trd, 431729.333, 95
Trd, 431730.800, 106
Trd, 431732.667, 110
Trd, 431732.900, 106
Trd, 431733.100, 109
Trd, 431733.500, 113
Trd, 431733.700, 114
Trd, 431733.783, 116
Trd, 431734.050, 104
Trd, 431734.383, 98
Trd, 431735.483, 99
Trd, 431735.950, 99
Trd, 431736.133, 98
Trd, 431739.017, 102
Trd, 431739.050, 104
Trd, 431739.683, 106
Trd, 431739.867, 114
Trd, 431739.917, 98
Trd, 431740.167, 98
Trd, 431741.050, 96
Trd, 431741.150, 96
Trd, 431741.733, 98
Trd, 431741.817, 115
Trd, 431743.650, 98
Trd, 431743.800, 97
Trd, 431745.317, 95
Trd, 431745.517, 96
Trd, 431746.617, 101
Trd, 431746.867, 96
Trd, 431747.583, 97
Trd, 431749.417, 98
Trd, 431750.367, 96
Trd, 431751.483, 93
Trd, 431751.983, 93
Trd, 431752.067, 94
Trd, 431752.117, 104
Trd, 431752.483, 87
Trd, 431753.917, 95
Trd, 431755.067, 94
Trd, 431755.817, 97
Trd, 431756.133, 99
Trd, 431756.417, 115
Trd, 431757.100, 105
Trd, 431757.250, 106
Trd, 431757.417, 104
Trd, 431758.650, 115
Trd, 431758.800, 105
Trd, 431758.900, 113
Trd, 431759.933, 102
Trd, 431760.367, 101
Trd, 431763.583, 104
Trd, 431763.767, 106
Trd, 431763.867, 103
Trd, 431764.533, 104
Trd, 431765.133, 103
Trd, 431766.000, 104
Trd, 431766.067, 104
Trd, 431767.250, 97
Trd, 431767.550, 99
Trd, 431768.100, 104
Trd, 431768.633, 95
Trd, 431770.967, 103
Trd, 431771.133, 93
Trd, 431772.250, 102
Trd, 431772.500, 104
Trd, 431773.233, 102
Trd, 431774.883, 106
Trd, 431775.150, 105
Trd, 431775.517, 104
Trd, 431775.667, 104
Trd, 431775.783, 95
Trd, 431776.667, 97
Trd, 431776.717, 96
Trd, 431777.533, 99
Trd, 431778.017, 98
Trd, 431778.033, 112
Trd, 431779.067, 112
Trd, 431780.333, 115
Trd, 431781.250, 108
Trd, 431781.867, 105
Trd, 431782.300, 104
Trd, 431782.533, 104
Trd, 431784.000, 106
Trd, 431784.367, 114
Trd, 431785.217, 101
Trd, 431785.683, 98
Trd, 431786.183, 104
Trd, 431786.217, 104
Trd, 431787.300, 98
Trd, 431787.433, 93
Trd, 431788.183, 110
Trd, 431788.600, 88
Trd, 431790.767, 98
Trd, 431791.033, 106
Trd, 431791.800, 107
Trd, 431793.517, 104
Trd, 431793.950, 96
Trd, 431794.317, 96
Trd, 431795.333, 95
Trd, 431796.650, 99
Trd, 431797.100, 100
Trd, 431797.317, 103
Trd, 431797.417, 97
Trd, 431797.750, 93
Trd, 431798.067, 106
Trd, 431798.100, 115
Trd, 431798.183, 120
Trd, 431800.133, 95
Trd, 431800.333, 86
Trd, 431801.100, 95
Trd, 431801.483, 87
Trd, 431801.617, 102
Trd, 431802.250, 89
Trd, 431802.450, 98
Trd, 431804.100, 97
Trd, 431805.533, 96
Trd, 431806.200, 96
Trd, 431806.400, 97
Trd, 431806.650, 99
Trd, 431807.450, 104
Trd, 431808.150, 104
Trd, 431808.400, 102
Trd, 431808.717, 106
Trd, 431810.083, 112
Trd, 431810.250, 95
Trd, 431812.333, 98
Trd, 431812.450, 95
Trd, 431812.533, 93
Trd, 431812.783, 79
Trd, 431813.733, 97
Trd, 431814.617, 103
Trd, 431814.917, 104
Trd, 431815.000, 104
Trd, 431816.000, 98
Trd, 431816.350, 102
Trd, 431816.650, 106
Trd, 431817.317, 92
Trd, 431817.817, 112
Trd, 431818.267, 95
Trd, 431818.717, 95
Trd, 431819.283, 96
Trd, 431820.133, 105
Trd, 431820.667, 103
Trd, 431821.350, 95
Trd, 431822.200, 96
Trd, 431822.500, 95
Trd, 431823.333, 104
Trd, 431824.417, 103
Trd, 431824.817, 95
Trd, 431825.500, 94
Trd, 431825.733, 102
Trd, 431826.550, 103
Trd, 431827.533, 105
Trd, 431827.717, 106
Trd, 431828.233, 96
Trd, 431829.150, 102
Trd, 431830.900, 114
Trd, 431831.233, 116
Trd, 431832.233, 103
Trd, 431832.433, 102
Trd, 431833.600, 107
Trd, 431833.750, 97
Trd, 431835.317, 98
Trd, 431835.367, 105
Trd, 431835.833, 103
Trd, 431836.083, 98
Trd, 431837.050, 97
Trd, 431837.150, 95
Trd, 431837.533, 93
Trd, 431838.300, 92
Trd, 431839.417, 98
Trd, 431840.200, 101
Trd, 431840.850, 93
Trd, 431842.250, 96
Trd, 431842.933, 94
Trd, 431842.950, 96
Trd, 431843.017, 98
Trd, 431843.883, 106
Trd, 431844.150, 115
Trd, 431844.700, 105
Trd, 431845.483, 111
Trd, 431846.717, 104
Trd, 431846.933, 113
Trd, 431847.367, 103
Trd, 431847.600, 95
Trd, 431848.217, 99
Trd, 431849.717, 98
Trd, 431850.067, 94
Trd, 431850.417, 93
Trd, 431851.283, 98
Trd, 431851.383, 91
Trd, 431851.733, 90
Trd, 431852.283, 93
Trd, 431854.717, 96
Trd, 431855.517, 95
Trd, 431856.100, 102
Trd, 431856.200, 96
Trd, 431856.283, 95
Trd, 431856.833, 103
Trd, 431856.967, 87
Trd, 431857.850, 103
Trd, 431857.883, 104
Trd, 431857.917, 106
Trd, 431858.433, 92
Trd, 431858.967, 85
Trd, 431860.417, 88
Trd, 431861.817, 90
Trd, 431862.967, 93
Trd, 431862.983, 87
Trd, 431863.350, 93
Trd, 431864.083, 98
Trd, 431864.150, 103
Trd, 431864.183, 104
Trd, 431867.233, 108
Trd, 431867.817, 96
Trd, 431868.650, 95
Trd, 431869.100, 98
Trd, 431869.533, 99
Trd, 431869.767, 97
Trd, 431870.717, 98
Trd, 431871.500, 96
Trd, 431872.900, 101
Trd, 431873.150, 95
Trd, 431873.183, 94
Trd, 431873.267, 104
Trd, 431874.450, 90
Trd, 431875.017, 90
Trd, 431875.250, 104
Trd, 431875.800, 94
Trd, 431876.217, 103
Trd, 431876.567, 105
Trd, 431877.850, 106
Trd, 431878.300, 115
Trd, 431879.117, 104
Trd, 431879.300, 105
Trd, 431879.650, 96
Trd, 431879.717, 106
Trd, 431880.417, 99
Trd, 431881.150, 111
Trd, 431881.517, 103
Trd, 431881.683, 98
Trd, 431882.100, 98
Trd, 431882.283, 94
Trd, 431885.467, 95
Trd, 431887.283, 103
Trd, 431887.383, 105
Trd, 431887.983, 98
Trd, 431888.667, 93
Trd, 431889.050, 106
Trd, 431889.467, 86
Trd, 431890.850, 87
Trd, 431891.200, 98
Trd, 431891.333, 104
Trd, 431892.033, 100
Trd, 431892.367, 99
Trd, 431893.483, 86
Trd, 431895.450, 97
Trd, 431896.117, 105
Trd, 431896.283, 96
Trd, 431896.817, 106
Trd, 431897.450, 103
Trd, 431897.883, 100
Trd, 431898.167, 98
Trd, 431899.200, 95
Trd, 431899.250, 92
Trd, 431899.383, 96
Trd, 431899.800, 91
Trd, 431900.483, 101
Trd, 431900.750, 100
Trd, 431900.833, 117
Trd, 431902.283, 101
Trd, 431902.983, 96
Trd, 431903.533, 96
Trd, 431904.117, 105
Trd, 431904.267, 95
Trd, 431905.183, 106
Trd, 431905.233, 95
Trd, 431906.100, 105
Trd, 431906.650, 93
Trd, 431907.317, 89
Trd, 431907.433, 115
Trd, 431907.567, 98
Trd, 431907.667, 123
Trd, 431908.333, 97
Trd, 431908.850, 124
Trd, 431909.850, 98
Trd, 431910.400, 97
Trd, 431911.233, 99
Trd, 431912.517, 98
Trd, 431914.033, 99
Trd, 431914.050, 98
Trd, 431914.383, 98
Trd, 431914.567, 109
Trd, 431915.833, 100
Trd, 431916.000, 93
Trd, 431916.317, 100
Trd, 431916.650, 102
Trd, 431917.850, 94
Trd, 431918.667, 94
Trd, 431920.300, 103
Trd, 431920.417, 95
Trd, 431921.117, 93
Trd, 431921.183, 93
Trd, 431922.383, 85
Trd, 431922.417, 98
Trd, 431924.100, 95
Trd, 431925.017, 99
Trd, 431925.233, 98
Trd, 431926.150, 101
Trd, 431926.467, 102
Trd, 431926.667, 104
Trd, 431927.833, 96
Trd, 431927.883, 103
Trd, 431928.483, 97
Trd, 431928.700, 98
Trd, 431928.800, 106
Trd, 431929.533, 114
Trd, 431930.367, 102
Trd, 431930.500, 115
Trd, 431930.967, 117
Trd, 431931.033, 101
Trd, 431931.417, 93
Trd, 431932.683, 97
Trd, 431935.667, 98
Trd, 431936.200, 101
Trd, 431936.967, 103
Trd, 431937.100, 102
Trd, 431937.950, 104
Trd, 431938.183, 106
Trd, 431938.383, 101
Trd, 431938.567, 100
Trd, 431940.033, 97
Trd, 431940.667, 100
Trd, 431941.433, 102
Trd, 431941.533, 101
Trd, 431942.933, 101
Trd, 431943.600, 98
Trd, 431943.767, 102
Trd, 431944.067, 113
Trd, 431944.583, 95
Trd, 431945.783, 96
Trd, 431946.150, 89
Trd, 431947.867, 104
Trd, 431948.450, 113
Trd, 431948.533, 94
Trd, 431949.317, 113
Trd, 431950.383, 115
Trd, 431952.333, 99
Trd, 431952.800, 117
Trd, 431953.450, 118
Trd, 431954.083, 104
Trd, 431954.267, 103
Trd, 431954.300, 98
Trd, 431955.417, 98
Trd, 431955.450, 121
Trd, 431957.200, 106
Trd, 431957.267, 102
Trd, 431957.667, 101
Trd, 431957.833, 106
Trd, 431958.083, 98
Trd, 431958.100, 107
Trd, 431958.500, 95
Trd, 431959.167, 95
Trd, 431959.350, 101
Trd, 431959.767, 95
Trd, 431960.633, 111
Trd, 431961.067, 94
Trd, 431961.300, 112
Trd, 431962.483, 98
Trd, 431963.000, 115
Trd, 431963.217, 104
Trd, 431964.383, 93
Trd, 431964.517, 93
Trd, 431965.500, 98
Trd, 431965.750, 100
Trd, 431965.983, 86
Trd, 431967.900, 90
Trd, 431968.500, 91
Trd, 431969.150, 101
Trd, 431969.533, 105
Trd, 431969.650, 106
Trd, 431969.817, 93
Trd, 431971.017, 105
Trd, 431972.767, 105
Trd, 431973.033, 106
Trd, 431973.100, 104
Trd, 431973.600, 115
Trd, 431974.700, 96
Trd, 431974.800, 94
Trd, 431975.517, 98
Trd, 431975.650, 89
Trd, 431975.850, 112
Trd, 431976.533, 92
Trd, 431977.683, 91
Trd, 431980.567, 90
Trd, 431980.700, 89
Trd, 431981.267, 92
Trd, 431982.317, 94
Trd, 431982.417, 102
Trd, 431982.833, 98
Trd, 431983.150, 104
Trd, 431983.283, 90
Trd, 431984.683, 90
Trd, 431984.917, 90
Trd, 431984.933, 101
Trd, 431986.333, 92
Trd, 431987.283, 96
Trd, 431987.467, 100
Trd, 431988.700, 97
Trd, 431988.783, 115
Trd, 431988.883, 96
Trd, 431989.150, 115
Trd, 431989.833, 119
Trd, 431991.467, 124
Trd, 431991.867, 115
Trd, 431993.233, 108
Trd, 431994.267, 106
Trd, 431994.533, 104
Trd, 431994.917, 99
Trd, 431995.817, 99
Trd, 431996.067, 99
Trd, 431996.300, 98
Trd, 431996.650, 97
Trd, 431997.767, 97
Trd, 431998.083, 95
Trd, 431999.000, 93
Trd, 431999.867, 102
