Trd, 430604.833, 104
Trd, 430605.683, 96
Trd, 430605.733, 95
Trd, 430606.117, 91
Trd, 430606.933, 105
Trd, 430608.417, 89
Trd, 430609.267, 84
Trd, 430610.783, 84
Trd, 430610.850, 95
Trd, 430611.300, 111
Trd, 430612.550, 103
Trd, 430613.233, 112
Trd, 430613.483, 96
Trd, 430616.450, 109
Trd, 430616.617, 98
Trd, 430616.650, 98
Trd, 430617.500, 109
Trd, 430617.733, 97
Trd, 430618.200, 94
Trd, 430618.667, 118
Trd, 430619.100, 113
Trd, 430619.533, 98
Trd, 430621.000, 96
Trd, 430622.717, 110
Trd, 430624.583, 102
Trd, 430624.817, 96
Trd, 430625.183, 107
Trd, 430626.000, 103
Trd, 430626.750, 94
Trd, 430626.783, 84
Trd, 430627.083, 103
Trd, 430627.183, 119
Trd, 430627.717, 90
Trd, 430629.400, 121
Trd, 430630.533, 96
Trd, 430631.950, 109
Trd, 430632.433, 98
Trd, 430632.917, 96
Trd, 430633.317, 92
Trd, 430633.750, 95
Trd, 430634.833, 94
Trd, 430636.617, 106
Trd, 430637.733, 89
Trd, 430638.000, 98
Trd, 430638.217, 109
Trd, 430639.683, 113
Trd, 430640.050, 98
Trd, 430640.700, 99
Trd, 430641.683, 98
Trd, 430642.517, 101
Trd, 430643.517, 110
Trd, 430643.583, 87
Trd, 430646.250, 101
Trd, 430646.967, 100
Trd, 430647.600, 96
Trd, 430647.817, 96
Trd, 430647.983, 88
Trd, 430648.383, 112
Trd, 430649.967, 92
Trd, 430651.717, 120
Trd, 430653.633, 94
Trd, 430654.783, 82
Trd, 430655.250, 87
Trd, 430656.917, 104
Trd, 430657.883, 82
Trd, 430658.550, 84
Trd, 430659.233, 112
Trd, 430660.017, 117
Trd, 430660.200, 121
Trd, 430661.633, 119
Trd, 430661.950, 95
Trd, 430662.233, 95
Trd, 430664.100, 110
Trd, 430664.483, 101
Trd, 430666.333, 100
Trd, 430667.800, 108
Trd, 430668.267, 93
Trd, 430669.267, 120
Trd, 430669.567, 102
Trd, 430670.867, 110
Trd, 430671.567, 110
Trd, 430671.750, 109
Trd, 430672.767, 105
Trd, 430673.183, 98
Trd, 430673.200, 98
Trd, 430675.267, 103
Trd, 430675.283, 104
Trd, 430676.733, 112
Trd, 430678.500, 98
Trd, 430679.850, 98
Trd, 430680.183, 93
Trd, 430680.717, 112
Trd, 430681.150, 88
Trd, 430681.633, 90
Trd, 430682.167, 90
Trd, 430682.533, 111
Trd, 430683.617, 105
Trd, 430684.667, 98
Trd, 430685.867, 91
Trd, 430686.433, 97
Trd, 430686.667, 97
Trd, 430687.583, 105
Trd, 430689.433, 92
Trd, 430690.033, 84
Trd, 430690.333, 101
Trd, 430690.767, 82
Trd, 430691.700, 85
Trd, 430691.883, 95
Trd, 430692.867, 88
Trd, 430695.633, 95
Trd, 430696.250, 112
Trd, 430696.517, 98
Trd, 430696.917, 97
Trd, 430698.850, 88
Trd, 430699.483, 88
Trd, 430699.567, 88
Trd, 430700.433, 84
Trd, 430701.133, 95
Trd, 430701.333, 96
Trd, 430701.667, 104
Trd, 430702.417, 91
Trd, 430703.650, 120
Trd, 430705.017, 122
Trd, 430707.900, 113
Trd, 430708.333, 100
Trd, 430708.417, 98
Trd, 430708.950, 95
Trd, 430709.200, 97
Trd, 430709.833, 86
Trd, 430710.200, 122
Trd, 430710.817, 84
Trd, 430711.067, 124
Trd, 430711.550, 89
Trd, 430712.617, 95
Trd, 430713.800, 108
Trd, 430715.200, 107
Trd, 430718.633, 88
Trd, 430719.350, 99
Trd, 430719.750, 93
Trd, 430720.583, 108
Trd, 430721.883, 88
Trd, 430722.300, 99
Trd, 430722.317, 98
Trd, 430723.133, 95
Trd, 430723.233, 93
Trd, 430723.950, 106
Trd, 430724.933, 94
Trd, 430725.350, 97
Trd, 430727.817, 86
Trd, 430728.267, 91
Trd, 430728.717, 95
Trd, 430728.800, 95
Trd, 430729.033, 82
Trd, 430730.583, 104
Trd, 430730.717, 101
Trd, 430731.450, 102
Trd, 430732.967, 110
Trd, 430733.417, 98
Trd, 430734.983, 95
Trd, 430736.233, 92
Trd, 430739.167, 99
Trd, 430739.750, 107
Trd, 430740.517, 101
Trd, 430740.733, 111
Trd, 430741.150, 98
Trd, 430743.133, 97
Trd, 430743.450, 94
Trd, 430744.300, 100
Trd, 430745.700, 100
Trd, 430746.033, 112
Trd, 430746.150, 98
Trd, 430746.750, 87
Trd, 430748.533, 99
Trd, 430749.300, 124
Trd, 430750.417, 99
Trd, 430751.433, 89
Trd, 430751.517, 84
Trd, 430751.883, 104
Trd, 430752.267, 107
Trd, 430752.817, 123
Trd, 430753.217, 99
Trd, 430753.817, 106
Trd, 430754.233, 100
Trd, 430756.450, 102
Trd, 430757.883, 103
Trd, 430758.417, 102
Trd, 430758.800, 118
Trd, 430760.900, 105
Trd, 430761.133, 101
Trd, 430761.267, 101
Trd, 430761.667, 96
Trd, 430763.017, 98
Trd, 430763.317, 110
Trd, 430763.533, 113
Trd, 430763.650, 119
Trd, 430765.233, 102
Trd, 430766.033, 116
Trd, 430766.350, 116
Trd, 430769.200, 105
Trd, 430769.750, 97
Trd, 430769.967, 117
Trd, 430771.583, 95
Trd, 430772.350, 90
Trd, 430772.433, 109
Trd, 430773.200, 90
Trd, 430774.267, 114
Trd, 430774.667, 102
Trd, 430776.783, 112
Trd, 430778.300, 100
Trd, 430779.133, 111
Trd, 430779.883, 100
Trd, 430780.367, 92
Trd, 430780.917, 109
Trd, 430780.967, 90
Trd, 430781.783, 98
Trd, 430782.250, 99
Trd, 430782.850, 90
Trd, 430783.450, 98
Trd, 430784.333, 112
Trd, 430785.400, 99
Trd, 430785.750, 99
Trd, 430787.333, 98
Trd, 430788.700, 99
Trd, 430788.983, 95
Trd, 430791.100, 104
Trd, 430791.167, 104
Trd, 430792.567, 103
Trd, 430792.767, 97
Trd, 430794.567, 107
Trd, 430795.217, 107
Trd, 430795.517, 98
Trd, 430796.183, 98
Trd, 430799.233, 99
Trd, 430799.800, 99
Trd, 430800.133, 103
Trd, 430801.333, 100
Trd, 430802.350, 99
Trd, 430802.400, 95
Trd, 430802.550, 107
Trd, 430803.367, 106
Trd, 430805.317, 112
Trd, 430805.400, 108
Trd, 430805.633, 101
Trd, 430806.250, 110
Trd, 430806.783, 111
Trd, 430806.850, 109
Trd, 430806.917, 112
Trd, 430809.233, 105
Trd, 430809.883, 108
Trd, 430809.933, 98
Trd, 430810.633, 94
Trd, 430812.133, 114
Trd, 430812.400, 123
Trd, 430813.883, 111
Trd, 430817.483, 95
Trd, 430817.750, 103
Trd, 430817.950, 87
Trd, 430817.983, 110
Trd, 430818.117, 86
Trd, 430819.067, 86
Trd, 430819.533, 111
Trd, 430820.567, 112
Trd, 430820.650, 103
Trd, 430822.167, 101
Trd, 430823.217, 93
Trd, 430824.200, 97
Trd, 430825.917, 90
Trd, 430826.117, 86
Trd, 430826.300, 91
Trd, 430826.667, 93
Trd, 430826.700, 102
Trd, 430828.383, 88
Trd, 430830.467, 88
Trd, 430830.750, 99
Trd, 430831.000, 88
Trd, 430834.017, 97
Trd, 430834.100, 99
Trd, 430834.400, 101
Trd, 430834.550, 99
Trd, 430834.883, 93
Trd, 430835.717, 110
Trd, 430835.783, 111
Trd, 430836.783, 95
Trd, 430837.083, 87
Trd, 430839.300, 87
Trd, 430839.833, 90
Trd, 430840.650, 88
Trd, 430840.967, 112
Trd, 430841.400, 93
Trd, 430844.600, 99
Trd, 430844.917, 98
Trd, 430846.767, 109
Trd, 430847.167, 112
Trd, 430848.083, 105
Trd, 430848.800, 104
Trd, 430850.000, 103
Trd, 430851.350, 105
Trd, 430852.483, 99
Trd, 430852.617, 97
Trd, 430852.767, 94
Trd, 430855.217, 105
Trd, 430855.683, 101
Trd, 430855.883, 99
Trd, 430857.500, 107
Trd, 430857.867, 123
Trd, 430858.667, 105
Trd, 430860.200, 103
Trd, 430860.917, 102
Trd, 430861.700, 101
Trd, 430861.900, 112
Trd, 430863.033, 103
Trd, 430863.067, 98
Trd, 430863.417, 95
Trd, 430863.767, 90
Trd, 430864.550, 89
Trd, 430865.000, 112
Trd, 430865.333, 99
Trd, 430865.417, 98
Trd, 430868.733, 100
Trd, 430869.050, 108
Trd, 430870.983, 97
Trd, 430872.100, 88
Trd, 430874.267, 103
Trd, 430875.050, 102
Trd, 430875.150, 99
Trd, 430875.717, 108
Trd, 430876.317, 103
Trd, 430876.667, 108
Trd, 430877.817, 98
Trd, 430878.833, 104
Trd, 430879.000, 87
Trd, 430879.783, 105
Trd, 430881.450, 93
Trd, 430882.417, 82
Trd, 430882.933, 109
Trd, 430883.183, 82
Trd, 430883.650, 93
Trd, 430884.500, 92
Trd, 430884.583, 112
Trd, 430884.650, 88
Trd, 430885.600, 107
Trd, 430888.267, 99
Trd, 430888.750, 98
Trd, 430888.933, 121
Trd, 430888.967, 124
Trd, 430890.067, 103
Trd, 430891.000, 100
Trd, 430891.150, 97
Trd, 430891.683, 112
Trd, 430891.900, 96
Trd, 430893.033, 112
Trd, 430893.133, 98
Trd, 430895.900, 100
Trd, 430897.350, 95
Trd, 430898.133, 98
Trd, 430898.767, 101
Trd, 430898.950, 107
Trd, 430900.000, 99
Trd, 430900.617, 98
Trd, 430901.900, 96
Trd, 430902.333, 87
Trd, 430904.950, 105
Trd, 430905.200, 112
Trd, 430905.433, 95
Trd, 430906.533, 101
Trd, 430907.950, 115
Trd, 430908.667, 118
Trd, 430910.700, 100
Trd, 430910.850, 101
Trd, 430911.117, 100
Trd, 430911.483, 99
Trd, 430911.817, 106
Trd, 430911.883, 97
Trd, 430914.267, 94
Trd, 430914.783, 105
Trd, 430915.533, 96
Trd, 430916.550, 80
Trd, 430916.900, 78
Trd, 430917.567, 112
Trd, 430918.450, 113
Trd, 430918.500, 120
Trd, 430918.517, 97
Trd, 430921.333, 116
Trd, 430922.667, 116
Trd, 430922.867, 112
Trd, 430923.383, 110
Trd, 430923.550, 106
Trd, 430923.750, 98
Trd, 430924.200, 97
Trd, 430924.317, 125
Trd, 430924.983, 102
Trd, 430925.933, 103
Trd, 430926.600, 98
Trd, 430926.867, 107
Trd, 430927.033, 112
Trd, 430928.367, 84
Trd, 430929.550, 98
Trd, 430930.300, 100
Trd, 430930.667, 98
Trd, 430933.417, 93
Trd, 430933.583, 100
Trd, 430935.350, 92
Trd, 430935.433, 98
Trd, 430936.250, 91
Trd, 430938.550, 103
Trd, 430939.817, 104
Trd, 430939.917, 103
Trd, 430940.250, 96
Trd, 430941.217, 102
Trd, 430942.350, 94
Trd, 430943.933, 121
Trd, 430944.133, 120
Trd, 430944.300, 98
Trd, 430945.150, 99
Trd, 430945.850, 101
Trd, 430947.833, 104
Trd, 430948.233, 112
Trd, 430949.717, 116
Trd, 430950.733, 103
Trd, 430952.067, 118
Trd, 430952.533, 98
Trd, 430952.550, 96
Trd, 430955.683, 96
Trd, 430956.800, 89
Trd, 430957.217, 99
Trd, 430957.817, 112
Trd, 430958.167, 116
Trd, 430958.783, 120
Trd, 430958.950, 110
Trd, 430960.583, 109
Trd, 430960.950, 125
Trd, 430961.900, 95
Trd, 430962.383, 95
Trd, 430962.667, 84
Trd, 430965.083, 89
Trd, 430965.917, 114
Trd, 430966.967, 94
Trd, 430968.417, 84
Trd, 430968.967, 89
Trd, 430970.033, 87
Trd, 430970.050, 95
Trd, 430970.200, 95
Trd, 430971.683, 97
Trd, 430973.667, 109
Trd, 430973.700, 94
Trd, 430974.517, 90
Trd, 430976.850, 112
Trd, 430977.000, 111
Trd, 430977.217, 89
Trd, 430977.733, 115
Trd, 430978.917, 105
Trd, 430979.333, 95
Trd, 430979.783, 94
Trd, 430980.150, 92
Trd, 430981.200, 95
Trd, 430982.867, 99
Trd, 430983.033, 98
Trd, 430984.567, 90
Trd, 430984.650, 89
Trd, 430985.000, 111
Trd, 430986.633, 111
Trd, 430988.117, 109
Trd, 430988.883, 112
Trd, 430990.683, 108
Trd, 430991.567, 108
Trd, 430991.817, 116
Trd, 430992.100, 98
Trd, 430992.500, 98
Trd, 430993.117, 98
Trd, 430993.317, 97
Trd, 430993.783, 100
Trd, 430994.383, 88
Trd, 430995.250, 114
Trd, 430995.700, 88
Trd, 430995.867, 95
Trd, 430995.917, 100
Trd, 430996.367, 85
Trd, 430997.033, 91
Trd, 431000.883, 87
Trd, 431001.467, 98
Trd, 431002.383, 113
Trd, 431003.083, 106
Trd, 431004.283, 95
Trd, 431004.867, 93
Trd, 431004.950, 92
Trd, 431005.367, 86
Trd, 431007.200, 95
Trd, 431007.367, 88
Trd, 431007.433, 121
Trd, 431009.717, 106
Trd, 431009.867, 100
Trd, 431011.200, 103
Trd, 431011.900, 100
Trd, 431012.367, 96
Trd, 431012.583, 97
Trd, 431012.850, 95
Trd, 431014.433, 112
Trd, 431016.167, 94
Trd, 431016.333, 84
Trd, 431017.650, 119
Trd, 431018.967, 118
Trd, 431019.617, 100
Trd, 431020.233, 93
Trd, 431020.883, 94
Trd, 431021.200, 89
Trd, 431021.983, 118
Trd, 431023.550, 104
Trd, 431024.717, 111
Trd, 431025.433, 117
Trd, 431026.933, 106
Trd, 431027.800, 112
Trd, 431028.100, 99
Trd, 431028.700, 98
Trd, 431028.917, 99
Trd, 431030.000, 97
Trd, 431030.733, 107
Trd, 431032.433, 107
Trd, 431033.617, 98
Trd, 431034.050, 103
Trd, 431034.467, 101
Trd, 431034.950, 120
Trd, 431035.200, 99
Trd, 431035.817, 102
Trd, 431036.683, 100
Trd, 431036.800, 98
Trd, 431038.300, 101
Trd, 431038.583, 97
Trd, 431039.617, 126
Trd, 431039.700, 99
Trd, 431041.167, 125
Trd, 431041.733, 120
Trd, 431041.967, 115
Trd, 431042.833, 125
Trd, 431045.267, 88
Trd, 431046.033, 101
Trd, 431046.767, 88
Trd, 431048.350, 88
Trd, 431048.450, 84
Trd, 431048.867, 91
Trd, 431049.567, 98
Trd, 431049.733, 105
Trd, 431050.800, 87
Trd, 431054.150, 103
Trd, 431054.767, 100
Trd, 431054.783, 112
Trd, 431055.017, 109
Trd, 431055.800, 120
Trd, 431057.433, 107
Trd, 431058.667, 101
Trd, 431058.733, 98
Trd, 431059.350, 89
Trd, 431060.383, 91
Trd, 431061.833, 100
Trd, 431062.117, 107
Trd, 431062.317, 94
Trd, 431062.367, 88
Trd, 431064.300, 112
Trd, 431065.883, 104
Trd, 431067.167, 99
Trd, 431068.433, 95
Trd, 431068.567, 100
Trd, 431070.167, 100
Trd, 431070.467, 99
Trd, 431070.600, 98
Trd, 431070.817, 96
Trd, 431071.200, 90
Trd, 431072.117, 94
Trd, 431073.500, 85
Trd, 431074.567, 109
Trd, 431075.383, 112
Trd, 431075.967, 100
Trd, 431076.433, 92
Trd, 431076.667, 92
Trd, 431077.350, 99
Trd, 431078.450, 84
Trd, 431078.500, 81
Trd, 431079.733, 96
Trd, 431079.900, 117
Trd, 431082.200, 100
Trd, 431082.933, 97
Trd, 431083.067, 95
Trd, 431083.633, 104
Trd, 431084.400, 100
Trd, 431087.900, 89
Trd, 431089.967, 112
Trd, 431091.167, 90
Trd, 431091.767, 98
Trd, 431091.967, 94
Trd, 431092.733, 98
Trd, 431093.350, 91
Trd, 431094.583, 98
Trd, 431094.883, 100
Trd, 431095.100, 107
Trd, 431095.417, 118
Trd, 431095.483, 83
Trd, 431096.550, 106
Trd, 431097.267, 96
Trd, 431097.733, 98
Trd, 431097.767, 94
Trd, 431100.067, 89
Trd, 431101.517, 87
Trd, 431101.667, 103
Trd, 431103.400, 97
Trd, 431103.717, 94
Trd, 431103.900, 90
Trd, 431104.633, 120
Trd, 431105.433, 89
Trd, 431106.967, 98
Trd, 431108.050, 101
Trd, 431108.067, 100
Trd, 431108.117, 111
Trd, 431109.083, 108
Trd, 431109.817, 112
Trd, 431110.083, 121
Trd, 431110.200, 101
Trd, 431111.700, 92
Trd, 431112.000, 103
Trd, 431112.933, 96
Trd, 431114.000, 87
Trd, 431114.483, 86
Trd, 431114.967, 85
Trd, 431115.000, 120
Trd, 431115.750, 92
Trd, 431116.383, 88
Trd, 431116.967, 90
Trd, 431119.183, 85
Trd, 431119.217, 84
Trd, 431121.933, 109
Trd, 431122.400, 96
Trd, 431123.067, 91
Trd, 431123.267, 95
Trd, 431124.133, 96
Trd, 431126.467, 109
Trd, 431127.283, 104
Trd, 431127.967, 96
Trd, 431131.467, 104
Trd, 431132.133, 100
Trd, 431132.767, 104
Trd, 431133.167, 91
Trd, 431134.017, 91
Trd, 431134.450, 92
Trd, 431134.817, 97
Trd, 431135.650, 90
Trd, 431136.333, 112
Trd, 431136.983, 98
Trd, 431137.883, 95
Trd, 431138.450, 92
Trd, 431138.850, 95
Trd, 431140.600, 108
Trd, 431140.983, 99
Trd, 431141.717, 98
Trd, 431143.817, 112
Trd, 431144.600, 112
Trd, 431144.717, 110
Trd, 431144.900, 98
Trd, 431145.383, 114
Trd, 431147.783, 96
Trd, 431148.400, 92
Trd, 431148.500, 97
Trd, 431149.250, 105
Trd, 431150.133, 81
Trd, 431150.917, 84
Trd, 431152.500, 108
Trd, 431155.183, 106
Trd, 431155.817, 106
Trd, 431157.467, 102
Trd, 431159.183, 104
Trd, 431161.267, 109
Trd, 431161.600, 98
Trd, 431161.817, 93
Trd, 431162.333, 108
Trd, 431162.750, 98
Trd, 431163.150, 107
Trd, 431164.733, 112
Trd, 431165.150, 107
Trd, 431165.400, 120
Trd, 431165.500, 97
Trd, 431165.533, 87
Trd, 431168.217, 106
Trd, 431168.717, 111
Trd, 431170.367, 100
Trd, 431170.550, 100
Trd, 431171.850, 101
Trd, 431172.083, 112
Trd, 431172.150, 94
Trd, 431173.717, 110
Trd, 431173.967, 115
Trd, 431174.700, 90
Trd, 431174.817, 89
Trd, 431175.417, 119
Trd, 431175.717, 88
Trd, 431181.333, 98
Trd, 431182.250, 112
Trd, 431182.950, 94
Trd, 431183.333, 91
Trd, 431183.850, 93
Trd, 431184.917, 115
Trd, 431185.183, 90
Trd, 431185.383, 85
Trd, 431186.117, 108
Trd, 431189.450, 109
Trd, 431189.517, 112
Trd, 431190.233, 116
Trd, 431191.367, 98
Trd, 431192.033, 108
Trd, 431192.417, 100
Trd, 431193.817, 102
Trd, 431194.133, 107
Trd, 431195.133, 106
Trd, 431195.150, 103
Trd, 431195.733, 100
Trd, 431196.000, 95
Trd, 431196.417, 107
Trd, 431196.700, 103
Trd, 431197.467, 112
Trd, 431200.367, 88
Trd, 431200.883, 89
Trd, 431201.700, 102
Trd, 431204.117, 97
Trd, 431204.483, 93
Trd, 431205.550, 98
Trd, 431205.900, 104
Trd, 431206.600, 92
Trd, 431207.667, 101
Trd, 431210.717, 111
Trd, 431211.700, 108
Trd, 431212.817, 106
Trd, 431212.967, 105
Trd, 431213.183, 109
Trd, 431213.550, 100
Trd, 431213.917, 112
Trd, 431215.633, 103
Trd, 431216.083, 97
Trd, 431216.333, 88
Trd, 431217.417, 122
Trd, 431217.700, 98
Trd, 431218.900, 92
Trd, 431219.983, 99
Trd, 431221.717, 96
Trd, 431222.900, 102
Trd, 431223.367, 95
Trd, 431224.367, 103
Trd, 431225.467, 98
Trd, 431225.550, 95
Trd, 431227.333, 90
Trd, 431227.400, 108
Trd, 431228.983, 101
Trd, 431229.167, 100
Trd, 431229.850, 102
Trd, 431231.733, 104
Trd, 431232.100, 107
Trd, 431233.200, 96
Trd, 431234.633, 107
Trd, 431235.000, 98
Trd, 431236.600, 93
Trd, 431236.950, 89
Trd, 431237.183, 82
Trd, 431238.617, 91
Trd, 431239.100, 86
Trd, 431241.133, 94
Trd, 431241.767, 95
Trd, 431242.383, 92
Trd, 431242.967, 101
Trd, 431243.583, 105
Trd, 431244.050, 84
Trd, 431244.083, 112
Trd, 431245.000, 109
Trd, 431245.300, 99
Trd, 431245.317, 120
Trd, 431246.533, 98
Trd, 431247.100, 109
Trd, 431247.117, 99
Trd, 431247.617, 119
Trd, 431248.200, 120
Trd, 431250.250, 110
Trd, 431250.417, 101
Trd, 431250.483, 98
Trd, 431251.200, 102
Trd, 431251.333, 96
Trd, 431252.117, 117
Trd, 431252.267, 84
Trd, 431253.400, 85
Trd, 431254.683, 95
Trd, 431258.567, 104
Trd, 431258.633, 97
Trd, 431259.767, 97
Trd, 431260.183, 113
Trd, 431260.217, 116
Trd, 431262.467, 96
Trd, 431264.000, 91
Trd, 431264.383, 117
Trd, 431264.950, 101
Trd, 431265.233, 100
Trd, 431265.550, 120
Trd, 431266.733, 101
Trd, 431267.267, 102
Trd, 431267.550, 100
Trd, 431268.383, 120
Trd, 431268.550, 95
Trd, 431268.750, 90
Trd, 431269.300, 95
Trd, 431269.467, 88
Trd, 431269.817, 87
Trd, 431270.050, 87
Trd, 431273.250, 114
Trd, 431275.000, 120
Trd, 431275.833, 104
Trd, 431275.933, 113
Trd, 431276.217, 99
Trd, 431277.167, 98
Trd, 431277.333, 117
Trd, 431277.950, 98
Trd, 431278.433, 84
Trd, 431279.683, 90
Trd, 431280.800, 104
Trd, 431284.000, 98
Trd, 431285.300, 98
Trd, 431286.917, 109
Trd, 431287.083, 99
Trd, 431287.367, 99
Trd, 431288.483, 99
Trd, 431288.550, 112
Trd, 431288.567, 93
Trd, 431291.400, 87
Trd, 431293.200, 102
Trd, 431293.600, 100
Trd, 431293.983, 112
Trd, 431295.433, 97
Trd, 431296.017, 98
Trd, 431297.367, 106
Trd, 431297.433, 110
Trd, 431297.650, 106
Trd, 431298.600, 105
Trd, 431299.400, 113
Trd, 431300.050, 86
Trd, 431300.283, 85
Trd, 431300.900, 88
Trd, 431301.217, 82
Trd, 431306.217, 95
Trd, 431306.750, 92
Trd, 431306.967, 88
Trd, 431307.450, 87
Trd, 431308.183, 84
Trd, 431309.783, 96
Trd, 431310.500, 101
Trd, 431310.600, 103
Trd, 431310.783, 97
Trd, 431311.183, 106
Trd, 431311.850, 93
Trd, 431313.417, 112
Trd, 431315.600, 99
Trd, 431315.917, 97
Trd, 431316.967, 108
Trd, 431318.767, 88
Trd, 431319.033, 87
Trd, 431321.217, 108
Trd, 431321.567, 102
Trd, 431322.000, 101
Trd, 431322.183, 84
Trd, 431323.450, 86
Trd, 431324.317, 98
Trd, 431324.583, 112
Trd, 431325.750, 118
Trd, 431328.083, 112
Trd, 431328.150, 109
Trd, 431328.600, 119
Trd, 431329.900, 114
Trd, 431331.300, 117
Trd, 431331.317, 107
Trd, 431331.400, 99
Trd, 431331.700, 98
Trd, 431331.783, 126
Trd, 431334.467, 116
Trd, 431334.917, 119
Trd, 431335.350, 102
Trd, 431336.017, 96
Trd, 431336.150, 94
Trd, 431336.600, 112
Trd, 431337.783, 105
Trd, 431338.200, 120
Trd, 431338.300, 99
Trd, 431340.417, 102
Trd, 431340.517, 98
Trd, 431340.533, 97
Trd, 431341.233, 89
Trd, 431341.483, 88
Trd, 431342.983, 114
Trd, 431344.517, 97
Trd, 431345.550, 94
Trd, 431346.183, 112
Trd, 431346.850, 99
Trd, 431347.000, 105
Trd, 431347.317, 90
Trd, 431347.383, 82
Trd, 431349.233, 80
Trd, 431350.833, 87
Trd, 431350.883, 86
Trd, 431351.433, 104
Trd, 431352.050, 107
Trd, 431352.450, 97
Trd, 431353.817, 97
Trd, 431354.317, 94
Trd, 431354.967, 98
Trd, 431356.033, 95
Trd, 431357.900, 111
Trd, 431358.067, 98
Trd, 431358.283, 106
Trd, 431360.550, 108
Trd, 431362.233, 109
Trd, 431362.817, 112
Trd, 431363.483, 110
Trd, 431363.650, 104
Trd, 431364.217, 98
Trd, 431365.883, 91
Trd, 431367.967, 91
Trd, 431368.350, 100
Trd, 431370.000, 98
Trd, 431370.600, 101
Trd, 431372.267, 99
Trd, 431372.717, 106
Trd, 431373.850, 102
Trd, 431374.833, 109
Trd, 431375.133, 112
Trd, 431375.383, 98
Trd, 431377.033, 108
Trd, 431378.383, 95
Trd, 431378.617, 87
Trd, 431379.967, 87
Trd, 431380.717, 111
Trd, 431381.050, 102
Trd, 431381.550, 112
Trd, 431381.733, 112
Trd, 431382.450, 101
Trd, 431383.633, 95
Trd, 431384.133, 98
Trd, 431386.417, 110
Trd, 431387.067, 112
Trd, 431388.200, 98
Trd, 431388.750, 99
Trd, 431389.783, 110
Trd, 431390.050, 99
Trd, 431390.467, 94
Trd, 431391.133, 98
Trd, 431392.550, 97
Trd, 431393.650, 85
Trd, 431394.100, 87
Trd, 431395.283, 91
Trd, 431396.067, 102
Trd, 431397.517, 122
Trd, 431398.450, 123
Trd, 431398.617, 116
Trd, 431398.683, 113
Trd, 431398.967, 113
Trd, 431399.217, 108
Trd, 431399.783, 104
Trd, 431401.250, 120
Trd, 431402.817, 98
Trd, 431403.117, 94
Trd, 431403.367, 94
Trd, 431403.567, 85
Trd, 431406.333, 95
Trd, 431407.983, 114
Trd, 431408.533, 108
Trd, 431409.617, 101
Trd, 431410.717, 98
Trd, 431412.667, 95
Trd, 431412.900, 87
Trd, 431413.550, 84
Trd, 431413.567, 82
Trd, 431414.600, 106
Trd, 431414.867, 103
Trd, 431415.567, 102
Trd, 431416.150, 112
Trd, 431417.200, 76
Trd, 431417.350, 120
Trd, 431418.083, 86
Trd, 431418.400, 104
Trd, 431418.950, 98
Trd, 431421.767, 85
Trd, 431422.733, 95
Trd, 431422.767, 93
Trd, 431424.000, 96
Trd, 431424.383, 97
Trd, 431424.967, 103
Trd, 431426.100, 95
Trd, 431426.583, 95
Trd, 431427.550, 86
Trd, 431429.483, 106
Trd, 431432.567, 105
Trd, 431434.217, 103
Trd, 431434.350, 109
Trd, 431434.483, 98
Trd, 431435.483, 102
Trd, 431435.950, 98
Trd, 431437.150, 94
Trd, 431437.817, 87
Trd, 431438.217, 104
Trd, 431439.233, 109
Trd, 431439.550, 105
Trd, 431439.583, 100
Trd, 431439.883, 95
Trd, 431441.967, 111
Trd, 431444.333, 98
Trd, 431445.467, 112
Trd, 431447.833, 104
Trd, 431448.133, 94
Trd, 431448.917, 92
Trd, 431449.000, 85
Trd, 431450.217, 99
Trd, 431450.917, 97
Trd, 431452.217, 103
Trd, 431453.183, 101
Trd, 431453.800, 109
Trd, 431455.117, 111
Trd, 431455.200, 104
Trd, 431455.500, 101
Trd, 431456.683, 97
Trd, 431456.967, 112
Trd, 431457.900, 97
Trd, 431459.367, 89
Trd, 431461.367, 106
Trd, 431462.867, 97
Trd, 431463.283, 98
Trd, 431463.617, 109
Trd, 431463.800, 96
Trd, 431466.600, 99
Trd, 431467.150, 108
Trd, 431470.667, 111
Trd, 431470.733, 109
Trd, 431470.767, 112
Trd, 431470.950, 98
Trd, 431472.033, 103
Trd, 431472.200, 94
Trd, 431475.517, 93
Trd, 431476.067, 91
Trd, 431476.250, 85
Trd, 431476.417, 91
Trd, 431478.750, 105
Trd, 431479.950, 104
Trd, 431482.133, 101
Trd, 431483.200, 112
Trd, 431484.950, 109
Trd, 431485.283, 104
Trd, 431485.383, 126
Trd, 431485.667, 98
Trd, 431485.800, 98
Trd, 431487.417, 114
Trd, 431487.783, 96
Trd, 431489.517, 107
Trd, 431489.883, 104
Trd, 431492.367, 99
Trd, 431492.533, 99
Trd, 431492.767, 104
Trd, 431493.367, 112
Trd, 431493.500, 123
Trd, 431493.950, 98
Trd, 431494.283, 95
Trd, 431496.033, 111
Trd, 431496.067, 107
Trd, 431496.783, 108
Trd, 431497.367, 122
Trd, 431498.467, 86
Trd, 431499.967, 84
Trd, 431500.033, 82
Trd, 431502.717, 96
Trd, 431503.283, 93
Trd, 431504.533, 100
Trd, 431505.183, 121
Trd, 431505.300, 119
Trd, 431505.467, 98
Trd, 431506.067, 104
Trd, 431506.567, 98
Trd, 431507.283, 116
Trd, 431508.683, 101
Trd, 431509.683, 96
Trd, 431511.067, 96
Trd, 431511.083, 93
Trd, 431511.900, 104
Trd, 431513.817, 101
Trd, 431513.917, 99
Trd, 431514.783, 98
Trd, 431514.883, 112
Trd, 431517.233, 98
Trd, 431518.300, 97
Trd, 431518.667, 115
Trd, 431518.950, 117
Trd, 431519.950, 102
Trd, 431520.033, 93
Trd, 431520.350, 100
Trd, 431520.467, 93
Trd, 431520.667, 92
Trd, 431523.433, 99
Trd, 431525.850, 98
Trd, 431526.100, 101
Trd, 431526.217, 112
Trd, 431526.900, 94
Trd, 431529.567, 90
Trd, 431530.650, 97
Trd, 431532.100, 93
Trd, 431533.050, 89
Trd, 431533.583, 107
Trd, 431535.667, 98
Trd, 431535.950, 109
Trd, 431535.983, 95
Trd, 431537.483, 98
Trd, 431537.650, 107
Trd, 431537.667, 97
Trd, 431538.833, 112
Trd, 431539.233, 92
Trd, 431539.400, 85
Trd, 431540.450, 96
Trd, 431541.217, 88
Trd, 431543.267, 94
Trd, 431543.817, 84
Trd, 431544.767, 91
Trd, 431545.450, 101
Trd, 431546.583, 94
Trd, 431548.867, 89
Trd, 431548.900, 108
Trd, 431549.200, 100
Trd, 431549.667, 98
Trd, 431550.650, 103
Trd, 431550.967, 107
Trd, 431551.367, 95
Trd, 431552.233, 93
Trd, 431552.250, 112
Trd, 431553.650, 113
Trd, 431554.750, 113
Trd, 431555.000, 112
Trd, 431556.667, 97
Trd, 431556.883, 122
Trd, 431558.017, 99
Trd, 431558.383, 98
Trd, 431560.483, 105
Trd, 431560.550, 102
Trd, 431560.767, 93
Trd, 431563.283, 91
Trd, 431563.517, 102
Trd, 431564.267, 86
Trd, 431565.183, 82
Trd, 431567.133, 102
Trd, 431567.300, 97
Trd, 431568.017, 111
Trd, 431569.283, 92
Trd, 431570.883, 105
Trd, 431571.017, 102
Trd, 431571.383, 109
Trd, 431571.800, 112
Trd, 431573.150, 102
Trd, 431574.050, 97
Trd, 431575.867, 95
Trd, 431575.933, 91
Trd, 431576.383, 85
Trd, 431576.650, 108
Trd, 431577.500, 98
Trd, 431577.767, 120
Trd, 431578.567, 118
Trd, 431582.633, 110
Trd, 431583.267, 109
Trd, 431583.383, 106
Trd, 431583.417, 98
Trd, 431583.467, 96
Trd, 431583.850, 114
Trd, 431585.667, 96
Trd, 431585.700, 84
Trd, 431587.100, 96
Trd, 431588.550, 101
Trd, 431589.350, 101
Trd, 431590.500, 102
Trd, 431591.283, 83
Trd, 431591.567, 94
Trd, 431591.950, 104
Trd, 431592.800, 112
Trd, 431595.533, 97
Trd, 431596.350, 118
Trd, 431596.467, 109
Trd, 431596.483, 92
Trd, 431599.050, 98
Trd, 431599.367, 102
Trd, 431599.833, 97
Trd, 431600.233, 121
Trd, 431600.367, 93
Trd, 431600.867, 123
Trd, 431601.033, 104
Trd, 431601.717, 126
Trd, 431603.317, 106
Trd, 431605.500, 102
Trd, 431605.850, 101
Trd, 431606.950, 101
Trd, 431607.483, 99
Trd, 431607.717, 97
Trd, 431608.283, 105
Trd, 431608.967, 102
Trd, 431609.483, 103
Trd, 431610.917, 98
Trd, 431611.967, 103
Trd, 431613.617, 95
Trd, 431614.000, 90
Trd, 431614.350, 95
Trd, 431614.533, 112
Trd, 431617.750, 97
Trd, 431617.800, 116
Trd, 431618.700, 97
Trd, 431619.667, 99
Trd, 431619.950, 98
Trd, 431622.117, 101
Trd, 431624.050, 99
Trd, 431624.833, 92
Trd, 431625.033, 98
Trd, 431625.467, 98
Trd, 431625.867, 98
Trd, 431626.017, 112
Trd, 431626.250, 97
Trd, 431627.033, 106
Trd, 431629.400, 98
Trd, 431630.567, 98
Trd, 431631.033, 95
Trd, 431631.333, 101
Trd, 431632.200, 100
Trd, 431632.883, 105
Trd, 431633.617, 93
Trd, 431634.783, 94
Trd, 431635.883, 95
Trd, 431638.117, 98
Trd, 431639.017, 91
Trd, 431639.450, 111
Trd, 431642.467, 101
Trd, 431642.483, 96
Trd, 431643.467, 105
Trd, 431643.517, 104
Trd, 431643.633, 99
Trd, 431645.450, 98
Trd, 431646.567, 112
Trd, 431646.800, 101
Trd, 431647.950, 100
Trd, 431648.600, 98
Trd, 431649.617, 96
Trd, 431651.250, 92
Trd, 431651.783, 96
Trd, 431652.267, 99
Trd, 431652.783, 122
Trd, 431653.267, 94
Trd, 431654.400, 100
Trd, 431656.100, 92
Trd, 431658.600, 92
Trd, 431658.733, 93
Trd, 431659.667, 112
Trd, 431660.383, 115
Trd, 431662.367, 100
Trd, 431663.183, 97
Trd, 431663.717, 110
Trd, 431664.000, 98
Trd, 431664.700, 89
Trd, 431665.417, 91
Trd, 431665.750, 96
Trd, 431667.067, 86
Trd, 431667.233, 84
Trd, 431668.067, 105
Trd, 431668.350, 112
Trd, 431668.433, 124
Trd, 431668.767, 90
Trd, 431670.033, 98
Trd, 431670.100, 97
Trd, 431673.733, 126
Trd, 431676.033, 123
Trd, 431676.250, 112
Trd, 431676.400, 110
Trd, 431677.667, 104
Trd, 431677.817, 101
Trd, 431678.267, 108
Trd, 431678.900, 119
Trd, 431679.050, 110
Trd, 431680.433, 98
Trd, 431681.883, 89
Trd, 431683.467, 85
Trd, 431683.550, 96
Trd, 431684.117, 87
Trd, 431684.233, 84
Trd, 431686.067, 109
Trd, 431686.533, 90
Trd, 431686.967, 102
Trd, 431687.250, 88
Trd, 431689.083, 102
Trd, 431689.217, 100
Trd, 431689.350, 110
Trd, 431689.367, 98
Trd, 431689.633, 97
Trd, 431690.250, 101
Trd, 431690.517, 98
Trd, 431690.783, 107
Trd, 431691.583, 87
Trd, 431693.517, 121
Trd, 431696.083, 93
Trd, 431696.250, 90
Trd, 431696.717, 96
Trd, 431699.083, 92
Trd, 431700.400, 96
Trd, 431702.967, 91
Trd, 431703.317, 93
Trd, 431704.917, 95
Trd, 431706.250, 88
Trd, 431706.267, 97
Trd, 431706.483, 98
Trd, 431706.550, 107
Trd, 431707.000, 106
Trd, 431708.483, 110
Trd, 431709.133, 103
Trd, 431709.583, 103
Trd, 431712.417, 100
Trd, 431712.900, 105
Trd, 431713.433, 112
Trd, 431714.200, 98
Trd, 431714.500, 96
Trd, 431717.017, 111
Trd, 431718.733, 105
Trd, 431719.350, 100
Trd, 431720.217, 116
Trd, 431720.533, 104
Trd, 431720.650, 101
Trd, 431720.983, 98
Trd, 431721.200, 122
Trd, 431721.533, 107
Trd, 431722.267, 91
Trd, 431722.367, 95
Trd, 431723.217, 120
Trd, 431726.400, 111
Trd, 431726.417, 108
Trd, 431726.567, 107
Trd, 431726.667, 84
Trd, 431727.567, 98
Trd, 431729.183, 103
Trd, 431729.917, 96
Trd, 431730.283, 105
Trd, 431731.117, 90
Trd, 431732.483, 97
Trd, 431733.483, 87
Trd, 431733.883, 112
Trd, 431734.167, 89
Trd, 431734.633, 93
Trd, 431735.250, 105
Trd, 431736.917, 98
Trd, 431737.300, 94
Trd, 431737.333, 93
Trd, 431738.367, 116
Trd, 431738.900, 85
Trd, 431739.450, 90
Trd, 431740.467, 101
Trd, 431740.500, 109
Trd, 431740.867, 92
Trd, 431740.883, 120
Trd, 431741.867, 98
Trd, 431742.050, 112
Trd, 431744.550, 108
Trd, 431747.533, 109
Trd, 431749.217, 119
Trd, 431750.000, 112
Trd, 431750.167, 100
Trd, 431750.317, 99
Trd, 431751.833, 100
Trd, 431751.883, 104
Trd, 431751.900, 118
Trd, 431754.400, 99
Trd, 431754.917, 98
Trd, 431758.133, 100
Trd, 431758.317, 98
Trd, 431758.367, 93
Trd, 431758.817, 85
Trd, 431760.350, 94
Trd, 431761.567, 107
Trd, 431762.867, 98
Trd, 431765.233, 118
Trd, 431765.267, 113
Trd, 431765.567, 98
Trd, 431766.367, 120
Trd, 431766.650, 118
Trd, 431768.867, 104
Trd, 431769.533, 118
Trd, 431769.900, 99
Trd, 431771.467, 109
Trd, 431772.533, 97
Trd, 431772.817, 95
Trd, 431773.717, 103
Trd, 431774.533, 98
Trd, 431774.950, 88
Trd, 431775.350, 103
Trd, 431775.750, 90
Trd, 431777.183, 102
Trd, 431777.800, 112
Trd, 431779.083, 92
Trd, 431779.283, 89
Trd, 431780.317, 96
Trd, 431781.933, 109
Trd, 431782.417, 122
Trd, 431782.633, 108
Trd, 431784.350, 109
Trd, 431785.500, 110
Trd, 431785.767, 98
Trd, 431786.950, 109
Trd, 431787.150, 97
Trd, 431787.883, 98
Trd, 431788.550, 98
Trd, 431789.133, 97
Trd, 431790.867, 91
Trd, 431791.950, 96
Trd, 431793.000, 92
Trd, 431793.083, 90
Trd, 431793.767, 94
Trd, 431794.200, 90
Trd, 431794.650, 109
Trd, 431797.083, 119
Trd, 431797.517, 98
Trd, 431797.633, 96
Trd, 431797.933, 101
Trd, 431799.050, 87
Trd, 431800.250, 101
Trd, 431800.733, 121
Trd, 431801.883, 112
Trd, 431802.017, 104
Trd, 431803.033, 102
Trd, 431803.417, 98
Trd, 431807.033, 104
Trd, 431807.367, 96
Trd, 431807.533, 91
Trd, 431809.383, 88
Trd, 431809.667, 83
Trd, 431809.750, 104
Trd, 431809.983, 82
Trd, 431811.767, 111
Trd, 431812.567, 108
Trd, 431812.967, 111
Trd, 431814.233, 108
Trd, 431814.250, 103
Trd, 431814.650, 112
Trd, 431815.017, 104
Trd, 431815.850, 98
Trd, 431816.983, 99
Trd, 431818.100, 87
Trd, 431818.367, 76
Trd, 431818.567, 115
Trd, 431821.267, 91
Trd, 431823.200, 91
Trd, 431823.783, 85
Trd, 431825.100, 89
Trd, 431825.900, 95
Trd, 431826.083, 112
Trd, 431826.833, 103
Trd, 431827.317, 88
Trd, 431827.883, 116
Trd, 431828.600, 99
Trd, 431828.650, 97
Trd, 431829.450, 88
Trd, 431830.133, 126
Trd, 431832.217, 92
Trd, 431832.817, 94
Trd, 431836.000, 101
Trd, 431836.100, 100
Trd, 431836.333, 98
Trd, 431837.000, 109
Trd, 431837.050, 98
Trd, 431837.733, 97
Trd, 431838.767, 115
Trd, 431840.933, 103
Trd, 431841.300, 108
Trd, 431841.667, 96
Trd, 431843.717, 96
Trd, 431845.133, 99
Trd, 431845.883, 110
Trd, 431846.000, 109
Trd, 431846.917, 114
Trd, 431848.400, 89
Trd, 431848.417, 120
Trd, 431850.533, 123
Trd, 431851.667, 114
Trd, 431852.017, 107
Trd, 431852.217, 106
Trd, 431854.067, 88
Trd, 431854.600, 99
Trd, 431855.783, 106
Trd, 431855.917, 105
Trd, 431857.950, 111
Trd, 431858.100, 103
Trd, 431858.183, 103
Trd, 431858.783, 98
Trd, 431861.367, 84
Trd, 431861.633, 106
Trd, 431863.033, 88
Trd, 431863.333, 89
Trd, 431864.317, 90
Trd, 431864.467, 92
Trd, 431864.850, 92
Trd, 431865.217, 84
Trd, 431866.900, 98
Trd, 431868.017, 96
Trd, 431868.350, 104
Trd, 431869.167, 108
Trd, 431869.317, 110
Trd, 431869.783, 112
Trd, 431870.150, 110
Trd, 431870.333, 120
Trd, 431873.300, 120
Trd, 431874.267, 113
Trd, 431876.617, 96
Trd, 431876.833, 94
Trd, 431877.033, 89
Trd, 431878.967, 92
Trd, 431879.467, 91
Trd, 431880.300, 100
Trd, 431880.717, 96
Trd, 431880.917, 91
Trd, 431881.583, 103
Trd, 431883.383, 98
Trd, 431883.583, 112
Trd, 431884.267, 94
Trd, 431885.333, 98
Trd, 431886.817, 116
Trd, 431886.883, 121
Trd, 431887.083, 88
Trd, 431887.967, 93
Trd, 431888.600, 95
Trd, 431889.600, 126
Trd, 431889.650, 83
Trd, 431890.483, 89
Trd, 431890.833, 113
Trd, 431890.900, 108
Trd, 431893.283, 97
Trd, 431893.700, 99
Trd, 431894.250, 106
Trd, 431894.783, 96
Trd, 431895.950, 84
Trd, 431897.300, 102
Trd, 431897.600, 100
Trd, 431898.317, 102
Trd, 431900.633, 99
Trd, 431900.950, 110
Trd, 431901.350, 95
Trd, 431903.517, 106
Trd, 431903.650, 96
Trd, 431904.683, 93
Trd, 431904.950, 96
Trd, 431906.717, 88
Trd, 431907.150, 95
Trd, 431907.567, 101
Trd, 431907.583, 84
Trd, 431908.067, 112
Trd, 431908.467, 90
Trd, 431909.700, 92
Trd, 431909.767, 121
Trd, 431911.600, 109
Trd, 431912.150, 102
Trd, 431912.233, 98
Trd, 431914.317, 92
Trd, 431914.950, 112
Trd, 431915.483, 94
Trd, 431916.083, 88
Trd, 431917.267, 87
Trd, 431918.017, 88
Trd, 431919.500, 100
Trd, 431919.817, 97
Trd, 431920.550, 103
Trd, 431920.833, 86
Trd, 431922.167, 95
Trd, 431922.367, 112
Trd, 431922.433, 85
Trd, 431922.450, 84
Trd, 431922.767, 96
Trd, 431923.450, 95
Trd, 431924.733, 91
Trd, 431928.133, 90
Trd, 431929.967, 95
Trd, 431930.800, 98
Trd, 431931.050, 97
Trd, 431931.350, 118
Trd, 431931.767, 95
Trd, 431933.667, 100
Trd, 431934.033, 92
Trd, 431934.117, 94
Trd, 431934.400, 101
Trd, 431937.033, 105
Trd, 431938.467, 105
Trd, 431938.900, 117
Trd, 431939.283, 105
Trd, 431939.383, 100
Trd, 431942.183, 97
Trd, 431943.050, 93
Trd, 431943.683, 96
Trd, 431944.900, 87
Trd, 431945.683, 87
Trd, 431945.733, 83
Trd, 431945.917, 96
Trd, 431946.450, 82
Trd, 431949.433, 107
Trd, 431949.700, 88
Trd, 431950.450, 96
Trd, 431950.617, 96
Trd, 431951.050, 85
Trd, 431951.083, 84
Trd, 431953.217, 93
Trd, 431953.800, 120
Trd, 431955.100, 101
Trd, 431955.183, 103
Trd, 431958.350, 101
Trd, 431958.833, 98
Trd, 431959.133, 94
Trd, 431959.400, 102
Trd, 431960.817, 104
Trd, 431961.933, 89
Trd, 431962.383, 84
Trd, 431962.900, 112
Trd, 431962.983, 87
Trd, 431965.233, 98
Trd, 431965.750, 94
Trd, 431966.417, 91
Trd, 431966.583, 94
Trd, 431969.133, 98
Trd, 431969.933, 86
Trd, 431971.133, 100
Trd, 431972.650, 113
Trd, 431973.250, 104
Trd, 431973.367, 98
Trd, 431973.500, 95
Trd, 431973.750, 88
Trd, 431975.550, 114
Trd, 431976.100, 98
Trd, 431977.583, 92
Trd, 431977.933, 86
Trd, 431978.383, 95
Trd, 431979.133, 96
Trd, 431979.800, 86
Trd, 431979.917, 85
Trd, 431980.283, 98
Trd, 431981.250, 92
Trd, 431983.550, 96
Trd, 431984.217, 98
Trd, 431984.867, 92
Trd, 431985.017, 118
Trd, 431986.100, 90
Trd, 431987.317, 86
Trd, 431987.433, 84
Trd, 431987.533, 118
Trd, 431987.917, 107
Trd, 431988.817, 85
Trd, 431989.450, 112
Trd, 431990.550, 117
Trd, 431990.750, 121
Trd, 431991.100, 111
Trd, 431994.433, 99
Trd, 431995.683, 112
Trd, 431996.117, 98
Trd, 431997.600, 102
Trd, 431997.617, 101
Trd, 431998.200, 94
Trd, 431998.967, 94
Trd, 431999.133, 90
