Trd, 366597.533, 140
Trd, 366597.700, 140
Trd, 366597.817, 140
Trd, 366597.850, 140
Trd, 366597.950, 132
Trd, 366598.067, 128
Trd, 366598.300, 128
Trd, 366598.400, 127
Trd, 366598.450, 131
Trd, 366598.517, 121
Trd, 366598.933, 130
Trd, 366598.983, 111
Trd, 366599.150, 130
Trd, 366599.183, 132
Trd, 366599.567, 114
Trd, 366599.700, 113
Trd, 366599.733, 112
Trd, 366599.983, 130
Trd, 366600.617, 140
Trd, 366601.167, 140
Trd, 366601.350, 140
Trd, 366601.700, 140
Trd, 366601.767, 137
Trd, 366601.783, 102
Trd, 366601.850, 82
Trd, 366602.500, 139
Trd, 366602.683, 126
Trd, 366602.833, 125
Trd, 366603.150, 140
Trd, 366603.167, 140
Trd, 366603.950, 138
Trd, 366604.067, 115
Trd, 366604.233, 111
Trd, 366605.000, 140
Trd, 366605.183, 140
Trd, 366605.200, 140
Trd, 366605.283, 140
Trd, 366605.567, 140
Trd, 366605.600, 140
Trd, 366605.667, 139
Trd, 366605.783, 137
Trd, 366605.800, 137
Trd, 366606.150, 137
Trd, 366606.317, 136
Trd, 366606.467, 135
Trd, 366606.883, 140
Trd, 366607.150, 133
Trd, 366607.350, 128
Trd, 366608.017, 140
Trd, 366608.083, 133
Trd, 366608.317, 133
Trd, 366608.483, 132
Trd, 366608.650, 118
Trd, 366608.900, 133
Trd, 366608.917, 106
Trd, 366609.733, 134
Trd, 366610.233, 135
Trd, 366610.417, 134
Trd, 366610.600, 134
Trd, 366610.817, 116
Trd, 366610.933, 95
Trd, 366611.033, 139
Trd, 366611.450, 140
Trd, 366611.500, 140
Trd, 366611.683, 140
Trd, 366612.100, 140
Trd, 366612.117, 137
Trd, 366612.250, 127
Trd, 366612.400, 114
Trd, 366612.517, 113
Trd, 366613.233, 125
Trd, 366613.367, 126
Trd, 366613.517, 111
Trd, 366613.667, 111
Trd, 366614.017, 103
Trd, 366614.133, 138
Trd, 366614.200, 106
Trd, 366614.283, 101
Trd, 366614.567, 124
Trd, 366614.833, 140
Trd, 366614.850, 102
Trd, 366615.000, 136
Trd, 366615.433, 117
Trd, 366616.083, 140
Trd, 366616.183, 140
Trd, 366616.600, 140
Trd, 366616.783, 140
Trd, 366616.850, 140
Trd, 366617.283, 140
Trd, 366617.400, 140
Trd, 366617.533, 140
Trd, 366617.667, 140
Trd, 366617.850, 140
Trd, 366618.467, 140
Trd, 366618.483, 138
Trd, 366618.800, 126
Trd, 366619.267, 134
Trd, 366619.483, 126
Trd, 366619.533, 134
Trd, 366619.800, 109
Trd, 366619.967, 106
Trd, 366620.000, 134
Trd, 366620.550, 130
Trd, 366620.617, 129
Trd, 366620.700, 131
Trd, 366621.033, 131
Trd, 366621.100, 128
Trd, 366621.200, 121
Trd, 366621.233, 113
Trd, 366621.317, 100
Trd, 366621.433, 130
Trd, 366621.483, 131
Trd, 366621.583, 132
Trd, 366621.833, 140
Trd, 366622.050, 140
Trd, 366622.083, 140
Trd, 366622.200, 136
Trd, 366622.317, 113
Trd, 366622.400, 101
Trd, 366622.650, 99
Trd, 366623.000, 98
Trd, 366623.133, 117
Trd, 366623.383, 122
Trd, 366624.217, 136
Trd, 366624.667, 138
Trd, 366624.833, 124
Trd, 366625.150, 134
Trd, 366625.217, 127
Trd, 366625.433, 128
Trd, 366625.883, 125
Trd, 366626.017, 125
Trd, 366626.183, 124
Trd, 366626.417, 138
Trd, 366626.767, 140
Trd, 366627.017, 130
Trd, 366627.033, 129
Trd, 366627.183, 128
Trd, 366627.317, 140
Trd, 366627.433, 116
Trd, 366627.450, 114
Trd, 366627.683, 99
Trd, 366628.083, 139
Trd, 366628.383, 140
Trd, 366628.533, 140
Trd, 366628.600, 138
Trd, 366628.617, 128
Trd, 366628.900, 138
Trd, 366628.967, 114
Trd, 366629.467, 138
Trd, 366629.533, 137
Trd, 366629.600, 112
Trd, 366629.667, 110
Trd, 366630.217, 136
Trd, 366630.417, 121
Trd, 366630.483, 108
Trd, 366630.550, 138
Trd, 366630.600, 92
Trd, 366631.133, 90
Trd, 366631.167, 89
Trd, 366631.283, 123
Trd, 366631.583, 84
Trd, 366631.817, 81
Trd, 366632.067, 98
Trd, 366632.400, 61
Trd, 366632.433, 63
Trd, 366632.550, 100
Trd, 366632.883, 62
Trd, 366633.000, 65
Trd, 366633.033, 61
Trd, 366633.167, 66
Trd, 366633.550, 108
Trd, 366633.583, 71
Trd, 366633.683, 86
Trd, 366633.883, 109
Trd, 366634.000, 70
Trd, 366634.050, 116
Trd, 366634.250, 68
Trd, 366634.450, 67
Trd, 366634.917, 140
Trd, 366635.867, 140
Trd, 366636.067, 140
Trd, 366636.100, 139
Trd, 366636.333, 140
Trd, 366636.483, 140
Trd, 366636.517, 140
Trd, 366637.217, 140
Trd, 366637.417, 140
Trd, 366637.500, 139
Trd, 366637.600, 139
Trd, 366637.833, 139
Trd, 366638.450, 140
Trd, 366638.717, 140
Trd, 366638.750, 140
Trd, 366638.917, 140
Trd, 366639.017, 140
Trd, 366639.133, 140
Trd, 366639.250, 140
Trd, 366639.333, 140
Trd, 366640.050, 122
Trd, 366640.483, 121
Trd, 366641.167, 140
Trd, 366641.300, 140
Trd, 366641.367, 134
Trd, 366641.600, 134
Trd, 366641.983, 135
Trd, 366642.200, 137
Trd, 366642.817, 124
Trd, 366642.883, 121
Trd, 366643.033, 122
Trd, 366643.133, 123
Trd, 366643.250, 122
Trd, 366643.300, 126
Trd, 366643.350, 121
Trd, 366643.383, 120
Trd, 366643.683, 140
Trd, 366643.900, 140
Trd, 366644.450, 140
Trd, 366644.533, 140
Trd, 366644.650, 139
Trd, 366645.350, 140
Trd, 366645.467, 140
Trd, 366645.783, 140
Trd, 366645.967, 140
Trd, 366646.450, 140
Trd, 366646.467, 140
Trd, 366646.533, 139
Trd, 366646.583, 137
Trd, 366646.950, 133
Trd, 366647.033, 120
Trd, 366647.417, 117
Trd, 366647.700, 112
Trd, 366647.783, 102
Trd, 366647.867, 88
Trd, 366648.733, 126
Trd, 366648.750, 129
Trd, 366649.100, 130
Trd, 366649.133, 73
Trd, 366649.183, 135
Trd, 366649.233, 100
Trd, 366649.350, 100
Trd, 366649.450, 101
Trd, 366649.533, 99
Trd, 366649.617, 68
Trd, 366650.100, 140
Trd, 366650.150, 140
Trd, 366650.217, 123
Trd, 366651.267, 140
Trd, 366651.333, 140
Trd, 366652.000, 140
Trd, 366652.100, 140
Trd, 366652.383, 140
Trd, 366652.483, 140
Trd, 366652.600, 140
Trd, 366652.650, 140
Trd, 366652.733, 139
Trd, 366652.767, 138
Trd, 366653.200, 135
Trd, 366653.250, 106
Trd, 366653.483, 96
Trd, 366653.567, 91
Trd, 366653.800, 137
Trd, 366653.983, 134
Trd, 366654.000, 110
Trd, 366654.067, 88
Trd, 366654.250, 134
Trd, 366654.383, 128
Trd, 366654.483, 121
Trd, 366654.833, 121
Trd, 366654.983, 132
Trd, 366655.667, 134
Trd, 366655.983, 140
Trd, 366656.283, 137
Trd, 366656.317, 136
Trd, 366656.450, 135
Trd, 366656.533, 133
Trd, 366656.583, 132
Trd, 366657.017, 140
Trd, 366657.033, 138
Trd, 366657.300, 107
Trd, 366657.400, 93
Trd, 366657.817, 85
Trd, 366658.350, 107
Trd, 366658.517, 77
Trd, 366658.717, 107
Trd, 366658.983, 98
Trd, 366659.350, 73
Trd, 366659.567, 107
Trd, 366659.783, 108
Trd, 366660.000, 133
Trd, 366660.100, 110
Trd, 366660.217, 109
Trd, 366660.317, 109
Trd, 366660.483, 116
Trd, 366660.517, 115
Trd, 366660.583, 108
Trd, 366660.650, 92
Trd, 366661.083, 140
Trd, 366661.133, 110
Trd, 366661.267, 109
Trd, 366661.283, 101
Trd, 366661.717, 134
Trd, 366661.883, 134
Trd, 366662.017, 134
Trd, 366662.050, 133
Trd, 366662.200, 87
Trd, 366662.367, 124
Trd, 366662.583, 87
Trd, 366662.933, 140
Trd, 366663.450, 140
Trd, 366663.717, 139
Trd, 366663.867, 138
Trd, 366663.950, 119
Trd, 366664.233, 118
Trd, 366664.383, 118
Trd, 366664.417, 117
Trd, 366664.667, 116
Trd, 366664.883, 129
Trd, 366664.933, 113
Trd, 366665.033, 111
Trd, 366665.267, 128
Trd, 366665.417, 129
Trd, 366665.800, 130
Trd, 366666.533, 140
Trd, 366666.683, 140
Trd, 366666.800, 140
Trd, 366666.883, 140
Trd, 366667.133, 140
Trd, 366667.467, 139
Trd, 366667.683, 140
Trd, 366668.017, 140
Trd, 366668.033, 138
Trd, 366668.283, 135
Trd, 366668.300, 98
Trd, 366668.417, 140
Trd, 366668.700, 140
Trd, 366669.167, 138
Trd, 366669.300, 122
Trd, 366669.633, 140
Trd, 366669.800, 140
Trd, 366670.083, 126
Trd, 366670.500, 140
Trd, 366670.550, 140
Trd, 366670.983, 140
Trd, 366671.067, 140
Trd, 366671.850, 140
Trd, 366671.983, 133
Trd, 366672.900, 140
Trd, 366673.133, 140
Trd, 366673.150, 140
Trd, 366673.183, 140
Trd, 366673.233, 140
Trd, 366673.367, 140
Trd, 366673.533, 137
Trd, 366673.583, 115
Trd, 366673.633, 114
Trd, 366673.650, 112
Trd, 366673.917, 140
Trd, 366673.933, 140
Trd, 366674.300, 136
Trd, 366674.417, 135
Trd, 366675.000, 140
Trd, 366675.433, 140
Trd, 366675.467, 140
Trd, 366675.700, 137
Trd, 366675.817, 131
Trd, 366675.983, 130
Trd, 366676.367, 137
Trd, 366676.550, 126
Trd, 366676.617, 135
Trd, 366676.767, 113
Trd, 366677.000, 105
Trd, 366677.433, 130
Trd, 366677.500, 118
Trd, 366677.633, 119
Trd, 366677.833, 118
Trd, 366677.933, 117
Trd, 366678.150, 116
Trd, 366678.317, 110
Trd, 366678.533, 128
Trd, 366678.900, 129
Trd, 366678.983, 111
Trd, 366679.117, 109
Trd, 366679.283, 103
Trd, 366679.450, 130
Trd, 366680.300, 126
Trd, 366680.767, 118
Trd, 366680.817, 130
Trd, 366681.117, 111
Trd, 366681.200, 116
Trd, 366681.717, 140
Trd, 366682.000, 140
Trd, 366682.217, 140
Trd, 366682.583, 140
Trd, 366683.017, 140
Trd, 366683.117, 140
Trd, 366683.133, 140
Trd, 366683.183, 140
Trd, 366683.200, 140
Trd, 366683.783, 140
Trd, 366683.900, 140
Trd, 366684.033, 140
Trd, 366684.267, 117
Trd, 366684.367, 115
Trd, 366685.083, 111
Trd, 366685.133, 131
Trd, 366685.333, 110
Trd, 366685.600, 120
Trd, 366685.750, 129
Trd, 366685.800, 128
Trd, 366685.967, 114
Trd, 366686.067, 114
Trd, 366686.417, 114
Trd, 366686.633, 113
Trd, 366686.667, 105
Trd, 366686.750, 123
Trd, 366686.883, 125
Trd, 366686.950, 103
Trd, 366687.367, 130
Trd, 366687.500, 127
Trd, 366687.583, 126
Trd, 366687.600, 125
Trd, 366687.617, 94
Trd, 366687.800, 140
Trd, 366687.850, 98
Trd, 366687.950, 122
Trd, 366688.300, 139
Trd, 366688.317, 92
Trd, 366688.900, 139
Trd, 366688.983, 126
Trd, 366689.350, 125
Trd, 366689.483, 112
Trd, 366689.883, 139
Trd, 366690.050, 105
Trd, 366690.150, 101
Trd, 366690.217, 100
Trd, 366690.233, 99
Trd, 366690.517, 99
Trd, 366690.633, 114
Trd, 366690.667, 99
Trd, 366691.067, 114
Trd, 366691.083, 115
Trd, 366691.367, 113
Trd, 366691.400, 118
Trd, 366691.600, 113
Trd, 366691.750, 113
Trd, 366692.517, 113
Trd, 366692.683, 114
Trd, 366693.250, 114
Trd, 366693.367, 113
Trd, 366693.383, 124
Trd, 366693.617, 113
Trd, 366693.750, 93
Trd, 366694.100, 140
Trd, 366694.583, 139
Trd, 366694.900, 123
Trd, 366695.567, 140
Trd, 366695.783, 140
Trd, 366695.833, 140
Trd, 366696.050, 140
Trd, 366696.350, 140
Trd, 366696.700, 140
Trd, 366696.883, 140
Trd, 366697.083, 140
Trd, 366697.467, 140
Trd, 366697.567, 140
Trd, 366697.667, 139
Trd, 366697.883, 120
Trd, 366698.467, 140
Trd, 366698.900, 140
Trd, 366698.983, 140
Trd, 366699.267, 136
Trd, 366699.833, 140
Trd, 366699.967, 137
Trd, 366700.250, 137
Trd, 366700.450, 137
Trd, 366700.500, 138
Trd, 366700.567, 115
Trd, 366700.617, 114
Trd, 366701.150, 111
Trd, 366701.333, 127
Trd, 366701.400, 101
Trd, 366701.417, 94
Trd, 366701.633, 83
Trd, 366701.783, 90
Trd, 366701.800, 83
Trd, 366701.867, 83
Trd, 366701.950, 82
Trd, 366702.017, 77
Trd, 366702.083, 90
Trd, 366702.200, 82
Trd, 366702.533, 68
Trd, 366702.800, 61
Trd, 366703.233, 63
Trd, 366703.250, 64
Trd, 366703.283, 87
Trd, 366703.417, 93
Trd, 366703.967, 60
Trd, 366704.267, 98
Trd, 366704.383, 99
Trd, 366704.717, 97
Trd, 366704.750, 134
Trd, 366705.150, 140
Trd, 366705.167, 140
Trd, 366706.083, 140
Trd, 366706.433, 140
Trd, 366706.517, 140
Trd, 366706.567, 140
Trd, 366707.250, 140
Trd, 366707.517, 140
Trd, 366707.783, 140
Trd, 366708.033, 140
Trd, 366708.067, 140
Trd, 366708.400, 140
Trd, 366708.517, 140
Trd, 366708.550, 140
Trd, 366708.817, 140
Trd, 366708.850, 140
Trd, 366708.933, 139
Trd, 366709.033, 136
Trd, 366709.533, 134
Trd, 366709.717, 133
Trd, 366710.000, 121
Trd, 366710.250, 120
Trd, 366710.617, 121
Trd, 366710.667, 132
Trd, 366710.833, 120
Trd, 366710.883, 131
Trd, 366711.183, 121
Trd, 366711.333, 121
Trd, 366711.450, 119
Trd, 366711.683, 126
Trd, 366712.167, 123
Trd, 366712.633, 123
Trd, 366712.683, 124
Trd, 366712.700, 104
Trd, 366713.083, 125
Trd, 366713.717, 103
Trd, 366713.783, 97
Trd, 366713.800, 124
Trd, 366713.917, 88
Trd, 366714.417, 107
Trd, 366714.450, 101
Trd, 366714.483, 100
Trd, 366714.617, 100
Trd, 366714.700, 122
Trd, 366715.033, 115
Trd, 366715.050, 123
Trd, 366715.150, 109
Trd, 366715.233, 110
Trd, 366715.433, 108
Trd, 366715.450, 98
Trd, 366715.583, 123
Trd, 366716.200, 123
Trd, 366716.350, 121
Trd, 366716.450, 120
Trd, 366716.600, 124
Trd, 366716.717, 108
Trd, 366716.900, 78
Trd, 366717.200, 75
Trd, 366717.533, 140
Trd, 366717.750, 126
Trd, 366717.833, 114
Trd, 366718.067, 138
Trd, 366718.250, 83
Trd, 366718.467, 140
Trd, 366718.583, 83
Trd, 366718.950, 127
Trd, 366719.367, 133
Trd, 366719.450, 138
Trd, 366719.550, 133
Trd, 366719.617, 140
Trd, 366719.683, 132
Trd, 366719.983, 117
Trd, 366720.100, 115
Trd, 366720.233, 110
Trd, 366720.250, 73
Trd, 366720.483, 60
Trd, 366720.667, 60
Trd, 366720.833, 60
Trd, 366721.050, 77
Trd, 366721.100, 127
Trd, 366721.817, 87
Trd, 366722.050, 88
Trd, 366722.283, 140
Trd, 366722.700, 93
Trd, 366722.950, 108
Trd, 366722.967, 109
Trd, 366723.350, 131
Trd, 366723.417, 97
Trd, 366723.733, 140
Trd, 366724.000, 139
Trd, 366724.133, 140
Trd, 366724.300, 140
Trd, 366724.633, 140
Trd, 366724.867, 140
Trd, 366725.100, 140
Trd, 366725.333, 140
Trd, 366725.650, 140
Trd, 366725.833, 140
Trd, 366726.200, 117
Trd, 366726.933, 139
Trd, 366727.583, 140
Trd, 366727.667, 139
Trd, 366727.700, 138
Trd, 366727.967, 140
Trd, 366728.050, 139
Trd, 366728.450, 140
Trd, 366728.633, 139
Trd, 366728.683, 137
Trd, 366729.250, 140
Trd, 366729.417, 140
Trd, 366729.850, 140
Trd, 366730.183, 127
Trd, 366730.383, 124
Trd, 366730.583, 138
Trd, 366730.750, 133
Trd, 366730.850, 122
Trd, 366730.933, 119
Trd, 366731.000, 122
Trd, 366731.417, 140
Trd, 366731.500, 140
Trd, 366731.567, 139
Trd, 366731.667, 139
Trd, 366731.833, 100
Trd, 366732.200, 98
Trd, 366732.317, 130
Trd, 366732.400, 97
Trd, 366732.483, 129
Trd, 366732.517, 96
Trd, 366732.650, 110
Trd, 366732.867, 129
Trd, 366732.917, 99
Trd, 366733.417, 127
Trd, 366733.450, 100
Trd, 366733.850, 124
Trd, 366734.117, 116
Trd, 366734.733, 138
Trd, 366734.933, 133
Trd, 366735.317, 136
Trd, 366735.567, 140
Trd, 366735.683, 140
Trd, 366735.867, 139
Trd, 366735.950, 138
Trd, 366735.983, 133
Trd, 366736.533, 130
Trd, 366736.583, 129
Trd, 366736.750, 128
Trd, 366736.917, 127
Trd, 366737.033, 127
Trd, 366737.150, 130
Trd, 366737.217, 125
Trd, 366737.867, 114
Trd, 366737.933, 113
Trd, 366737.950, 112
Trd, 366738.450, 128
Trd, 366738.750, 135
Trd, 366738.767, 136
Trd, 366738.800, 118
Trd, 366739.267, 114
Trd, 366739.417, 113
Trd, 366739.433, 104
Trd, 366739.917, 99
Trd, 366740.067, 127
Trd, 366740.433, 103
Trd, 366740.483, 127
Trd, 366740.617, 115
Trd, 366740.650, 114
Trd, 366740.667, 133
Trd, 366741.083, 140
Trd, 366741.483, 140
Trd, 366741.567, 105
Trd, 366741.700, 86
Trd, 366742.050, 140
Trd, 366742.117, 86
Trd, 366742.417, 124
Trd, 366742.450, 123
Trd, 366742.550, 138
Trd, 366743.333, 140
Trd, 366743.350, 140
Trd, 366743.567, 140
Trd, 366744.700, 140
Trd, 366744.717, 140
Trd, 366744.783, 140
Trd, 366745.167, 140
Trd, 366745.300, 140
Trd, 366745.483, 135
Trd, 366745.800, 138
Trd, 366745.983, 135
Trd, 366746.000, 107
Trd, 366746.017, 97
Trd, 366746.067, 96
Trd, 366746.317, 140
Trd, 366746.500, 132
Trd, 366746.800, 136
Trd, 366746.817, 135
Trd, 366747.317, 140
Trd, 366747.417, 130
Trd, 366747.550, 131
Trd, 366748.367, 136
Trd, 366748.883, 140
Trd, 366748.950, 140
Trd, 366749.017, 138
Trd, 366749.033, 133
Trd, 366749.217, 139
Trd, 366749.450, 138
Trd, 366749.817, 123
Trd, 366749.900, 135
Trd, 366749.933, 106
Trd, 366750.000, 78
Trd, 366750.117, 63
Trd, 366750.600, 75
Trd, 366750.800, 64
Trd, 366750.833, 62
Trd, 366750.917, 63
Trd, 366750.933, 64
Trd, 366751.133, 66
Trd, 366751.450, 68
Trd, 366751.733, 60
Trd, 366751.800, 130
Trd, 366752.283, 93
Trd, 366752.383, 92
Trd, 366752.700, 60
Trd, 366753.300, 60
Trd, 366753.600, 60
Trd, 366753.683, 71
Trd, 366753.850, 81
Trd, 366754.383, 60
Trd, 366754.567, 61
Trd, 366754.783, 61
Trd, 366755.767, 61
Trd, 366756.150, 65
Trd, 366756.200, 65
Trd, 366756.450, 65
Trd, 366756.567, 65
Trd, 366756.633, 64
Trd, 366756.867, 65
Trd, 366756.950, 64
Trd, 366757.100, 66
Trd, 366757.217, 64
Trd, 366757.500, 66
Trd, 366757.550, 66
Trd, 366757.600, 101
Trd, 366757.717, 105
Trd, 366757.783, 114
Trd, 366757.850, 116
Trd, 366758.150, 129
Trd, 366758.283, 107
Trd, 366758.383, 130
Trd, 366758.667, 138
Trd, 366758.833, 125
Trd, 366758.950, 88
Trd, 366759.083, 140
Trd, 366759.300, 86
Trd, 366759.467, 140
Trd, 366759.583, 140
Trd, 366759.650, 140
Trd, 366760.000, 139
Trd, 366760.417, 120
Trd, 366760.583, 140
Trd, 366760.683, 140
Trd, 366760.800, 111
Trd, 366761.483, 88
Trd, 366761.517, 136
Trd, 366761.633, 92
Trd, 366762.017, 135
Trd, 366762.183, 134
Trd, 366762.250, 115
Trd, 366762.600, 91
Trd, 366762.667, 90
Trd, 366762.750, 83
Trd, 366763.067, 120
Trd, 366763.150, 85
Trd, 366763.650, 126
Trd, 366763.683, 139
Trd, 366763.850, 121
Trd, 366764.200, 122
Trd, 366764.233, 121
Trd, 366764.267, 120
Trd, 366764.317, 119
Trd, 366765.117, 111
Trd, 366765.283, 101
Trd, 366765.350, 100
Trd, 366765.500, 133
Trd, 366765.783, 140
Trd, 366765.983, 140
Trd, 366766.017, 139
Trd, 366766.133, 133
Trd, 366766.183, 106
Trd, 366766.433, 107
Trd, 366766.583, 90
Trd, 366766.650, 108
Trd, 366767.033, 129
Trd, 366767.100, 137
Trd, 366767.450, 111
Trd, 366767.867, 92
Trd, 366768.183, 100
Trd, 366768.350, 91
Trd, 366768.450, 131
Trd, 366768.550, 134
Trd, 366768.600, 135
Trd, 366768.767, 130
Trd, 366769.317, 129
Trd, 366769.417, 130
Trd, 366769.433, 67
Trd, 366769.500, 67
Trd, 366769.733, 124
Trd, 366770.250, 121
Trd, 366770.350, 111
Trd, 366770.550, 112
Trd, 366770.583, 110
Trd, 366770.817, 138
Trd, 366770.833, 129
Trd, 366771.167, 115
Trd, 366771.333, 111
Trd, 366771.800, 130
Trd, 366772.200, 136
Trd, 366772.983, 140
Trd, 366773.150, 140
Trd, 366773.383, 140
Trd, 366773.433, 140
Trd, 366773.583, 140
Trd, 366773.683, 139
Trd, 366773.700, 121
Trd, 366774.167, 135
Trd, 366774.217, 134
Trd, 366774.867, 140
Trd, 366775.067, 134
Trd, 366775.800, 140
Trd, 366775.850, 139
Trd, 366776.233, 138
Trd, 366776.317, 140
Trd, 366776.433, 139
Trd, 366776.500, 138
Trd, 366776.517, 137
Trd, 366776.783, 133
Trd, 366777.083, 138
Trd, 366777.150, 133
Trd, 366777.383, 133
Trd, 366778.150, 131
Trd, 366778.250, 115
Trd, 366778.267, 109
Trd, 366778.367, 89
Trd, 366778.433, 88
Trd, 366778.533, 135
Trd, 366778.800, 130
Trd, 366778.833, 134
Trd, 366779.283, 101
Trd, 366779.683, 131
Trd, 366779.783, 133
Trd, 366779.850, 130
Trd, 366780.567, 115
Trd, 366780.833, 104
Trd, 366780.950, 102
Trd, 366781.267, 134
Trd, 366781.333, 112
Trd, 366781.367, 111
Trd, 366781.700, 101
Trd, 366781.900, 96
Trd, 366782.417, 103
Trd, 366782.433, 119
Trd, 366782.533, 91
Trd, 366782.717, 119
Trd, 366782.950, 109
Trd, 366783.167, 100
Trd, 366783.483, 95
Trd, 366783.500, 134
Trd, 366783.650, 84
Trd, 366783.750, 71
Trd, 366783.967, 67
Trd, 366784.017, 66
Trd, 366784.033, 65
Trd, 366784.150, 134
Trd, 366784.400, 104
Trd, 366784.733, 137
Trd, 366784.850, 140
Trd, 366784.917, 140
Trd, 366785.200, 140
Trd, 366785.567, 126
Trd, 366785.667, 124
Trd, 366786.067, 133
Trd, 366786.600, 115
Trd, 366786.633, 112
Trd, 366786.833, 124
Trd, 366787.267, 140
Trd, 366787.983, 140
Trd, 366788.217, 140
Trd, 366788.333, 140
Trd, 366788.350, 140
Trd, 366788.700, 131
Trd, 366788.767, 111
Trd, 366789.117, 101
Trd, 366789.133, 124
Trd, 366789.183, 100
Trd, 366789.333, 124
Trd, 366789.417, 100
Trd, 366789.767, 103
Trd, 366789.800, 102
Trd, 366790.033, 125
Trd, 366790.083, 101
Trd, 366790.233, 124
Trd, 366790.433, 108
Trd, 366790.567, 126
Trd, 366790.817, 107
Trd, 366791.000, 104
Trd, 366791.167, 102
Trd, 366791.350, 124
Trd, 366791.467, 125
Trd, 366791.783, 127
Trd, 366792.283, 140
Trd, 366792.333, 140
Trd, 366792.383, 138
Trd, 366792.550, 113
Trd, 366792.600, 91
Trd, 366792.617, 90
Trd, 366793.233, 89
Trd, 366793.967, 140
Trd, 366794.300, 140
Trd, 366794.667, 140
Trd, 366794.683, 140
Trd, 366795.083, 140
Trd, 366795.433, 140
Trd, 366795.450, 140
Trd, 366795.633, 138
Trd, 366795.700, 133
Trd, 366795.733, 113
Trd, 366795.900, 112
Trd, 366796.600, 140
Trd, 366796.667, 139
Trd, 366796.850, 140
Trd, 366796.883, 139
Trd, 366797.400, 138
Trd, 366797.483, 140
Trd, 366797.633, 139
Trd, 366797.800, 138
Trd, 366797.883, 137
Trd, 366798.000, 135
Trd, 366798.017, 133
Trd, 366798.933, 139
Trd, 366799.133, 138
Trd, 366799.217, 137
Trd, 366799.450, 137
Trd, 366799.617, 138
Trd, 366799.767, 100
Trd, 366800.067, 138
Trd, 366800.167, 139
Trd, 366800.267, 138
Trd, 366800.300, 137
Trd, 366800.583, 107
Trd, 366800.633, 136
Trd, 366800.717, 129
Trd, 366800.933, 116
Trd, 366801.050, 139
Trd, 366801.150, 113
Trd, 366801.467, 140
Trd, 366801.833, 140
Trd, 366801.883, 140
Trd, 366802.000, 140
Trd, 366802.200, 140
Trd, 366802.267, 140
Trd, 366802.583, 139
Trd, 366803.550, 139
Trd, 366803.767, 134
Trd, 366803.783, 133
Trd, 366804.000, 111
Trd, 366804.500, 133
Trd, 366805.067, 126
Trd, 366805.117, 125
Trd, 366805.217, 122
Trd, 366805.350, 89
Trd, 366805.400, 136
Trd, 366805.917, 97
Trd, 366806.233, 93
Trd, 366806.283, 92
Trd, 366806.800, 117
Trd, 366806.950, 125
Trd, 366807.033, 136
Trd, 366807.350, 139
Trd, 366807.450, 137
Trd, 366807.617, 137
Trd, 366807.917, 137
Trd, 366808.433, 138
Trd, 366808.483, 137
Trd, 366808.717, 136
Trd, 366809.050, 139
Trd, 366809.150, 138
Trd, 366809.333, 136
Trd, 366809.650, 138
Trd, 366809.733, 134
Trd, 366809.900, 134
Trd, 366809.950, 133
Trd, 366809.967, 138
Trd, 366810.133, 130
Trd, 366810.283, 133
Trd, 366810.433, 115
Trd, 366810.583, 123
Trd, 366810.667, 103
Trd, 366811.017, 127
Trd, 366811.167, 105
Trd, 366811.383, 134
Trd, 366811.517, 135
Trd, 366811.900, 134
Trd, 366811.950, 133
Trd, 366812.467, 135
Trd, 366812.800, 135
Trd, 366812.933, 134
Trd, 366812.983, 137
Trd, 366813.267, 126
Trd, 366813.417, 125
Trd, 366813.500, 102
Trd, 366813.617, 136
Trd, 366813.667, 138
Trd, 366813.867, 101
Trd, 366814.083, 136
Trd, 366814.167, 111
Trd, 366814.283, 85
Trd, 366814.650, 140
Trd, 366814.833, 140
Trd, 366815.117, 139
Trd, 366815.167, 130
Trd, 366815.483, 140
Trd, 366816.117, 140
Trd, 366816.150, 140
Trd, 366816.317, 140
Trd, 366816.450, 140
Trd, 366816.533, 136
Trd, 366816.567, 119
Trd, 366816.883, 120
Trd, 366817.567, 125
Trd, 366817.617, 124
Trd, 366817.783, 119
Trd, 366817.933, 98
Trd, 366818.350, 139
Trd, 366818.400, 138
Trd, 366818.517, 91
Trd, 366819.783, 123
Trd, 366820.233, 137
Trd, 366820.250, 136
Trd, 366820.367, 135
Trd, 366820.533, 123
Trd, 366820.783, 111
Trd, 366821.200, 139
Trd, 366821.433, 110
Trd, 366821.933, 133
Trd, 366822.200, 122
Trd, 366822.317, 105
Trd, 366822.600, 107
Trd, 366822.633, 106
Trd, 366822.700, 132
Trd, 366822.783, 112
Trd, 366823.067, 126
Trd, 366823.100, 125
Trd, 366823.117, 112
Trd, 366823.317, 126
Trd, 366823.433, 109
Trd, 366823.700, 108
Trd, 366823.817, 126
Trd, 366823.900, 108
Trd, 366823.917, 107
Trd, 366823.950, 103
Trd, 366824.300, 126
Trd, 366825.200, 140
Trd, 366825.250, 139
Trd, 366825.433, 139
Trd, 366825.533, 115
Trd, 366825.750, 131
Trd, 366825.900, 140
Trd, 366826.183, 140
Trd, 366826.567, 140
Trd, 366826.583, 140
Trd, 366826.717, 140
Trd, 366826.750, 140
Trd, 366827.350, 138
Trd, 366827.633, 137
Trd, 366827.800, 138
Trd, 366827.883, 111
Trd, 366827.900, 104
Trd, 366828.033, 120
Trd, 366828.233, 140
Trd, 366828.350, 140
Trd, 366828.517, 98
Trd, 366828.817, 98
Trd, 366829.217, 107
Trd, 366829.283, 137
Trd, 366829.383, 138
Trd, 366829.417, 95
Trd, 366830.417, 91
Trd, 366830.567, 89
Trd, 366830.583, 133
Trd, 366830.650, 77
Trd, 366831.083, 107
Trd, 366831.100, 106
Trd, 366831.167, 109
Trd, 366831.267, 97
Trd, 366831.367, 110
Trd, 366831.817, 136
Trd, 366832.183, 139
Trd, 366832.250, 140
Trd, 366832.383, 140
Trd, 366832.467, 137
Trd, 366832.517, 136
Trd, 366832.700, 108
Trd, 366832.933, 89
Trd, 366833.083, 87
Trd, 366833.217, 83
Trd, 366833.767, 140
Trd, 366834.117, 140
Trd, 366834.133, 138
Trd, 366834.533, 90
Trd, 366834.567, 87
Trd, 366834.650, 89
Trd, 366835.900, 139
Trd, 366835.933, 138
Trd, 366836.667, 140
Trd, 366836.750, 140
Trd, 366836.883, 140
Trd, 366836.900, 140
Trd, 366836.917, 140
Trd, 366837.083, 135
Trd, 366837.417, 136
Trd, 366837.567, 140
Trd, 366837.683, 139
Trd, 366838.433, 140
Trd, 366838.467, 139
Trd, 366838.550, 138
Trd, 366838.850, 137
Trd, 366839.017, 135
Trd, 366839.267, 119
Trd, 366840.083, 137
Trd, 366840.150, 115
Trd, 366840.200, 138
Trd, 366840.800, 140
Trd, 366840.817, 140
Trd, 366840.850, 133
Trd, 366841.117, 140
Trd, 366841.433, 137
Trd, 366841.633, 128
Trd, 366841.800, 116
Trd, 366841.867, 112
Trd, 366842.300, 110
Trd, 366842.433, 111
Trd, 366842.617, 110
Trd, 366842.667, 109
Trd, 366842.800, 108
Trd, 366843.000, 107
Trd, 366843.317, 110
Trd, 366843.467, 112
Trd, 366843.767, 140
Trd, 366843.800, 139
Trd, 366843.850, 123
Trd, 366844.367, 110
Trd, 366844.883, 110
Trd, 366844.917, 109
Trd, 366845.050, 112
Trd, 366845.167, 114
Trd, 366845.417, 114
Trd, 366845.533, 115
Trd, 366845.567, 116
Trd, 366845.583, 108
Trd, 366845.950, 119
Trd, 366846.017, 100
Trd, 366846.533, 100
Trd, 366847.050, 100
Trd, 366847.150, 99
Trd, 366847.317, 84
Trd, 366847.367, 74
Trd, 366847.617, 70
Trd, 366847.633, 108
Trd, 366847.967, 62
Trd, 366848.583, 93
Trd, 366848.717, 67
Trd, 366848.750, 120
Trd, 366848.817, 66
Trd, 366849.150, 121
Trd, 366849.183, 120
Trd, 366849.250, 127
Trd, 366849.400, 127
Trd, 366849.517, 120
Trd, 366849.933, 69
Trd, 366850.050, 91
Trd, 366850.183, 92
Trd, 366850.383, 94
Trd, 366850.450, 85
Trd, 366850.883, 99
Trd, 366851.033, 75
Trd, 366851.483, 115
Trd, 366851.600, 120
Trd, 366851.833, 75
Trd, 366852.017, 98
Trd, 366852.350, 77
Trd, 366852.550, 138
Trd, 366852.783, 140
Trd, 366852.967, 140
Trd, 366853.033, 140
Trd, 366853.733, 140
Trd, 366853.817, 140
Trd, 366853.917, 140
Trd, 366854.167, 140
Trd, 366854.383, 140
Trd, 366854.417, 136
Trd, 366854.483, 131
Trd, 366854.717, 107
Trd, 366854.967, 101
Trd, 366855.183, 140
Trd, 366855.267, 97
Trd, 366855.300, 96
Trd, 366855.533, 139
Trd, 366855.550, 124
Trd, 366856.017, 140
Trd, 366856.317, 133
Trd, 366856.467, 134
Trd, 366856.500, 133
Trd, 366856.550, 132
Trd, 366856.750, 122
Trd, 366857.100, 99
Trd, 366857.117, 128
Trd, 366857.250, 139
Trd, 366857.450, 98
Trd, 366857.833, 133
Trd, 366857.850, 121
Trd, 366858.733, 121
Trd, 366858.817, 128
Trd, 366858.833, 120
Trd, 366858.933, 130
Trd, 366859.200, 131
Trd, 366859.317, 126
Trd, 366859.417, 107
Trd, 366859.700, 116
Trd, 366859.717, 104
Trd, 366859.983, 118
Trd, 366860.017, 105
Trd, 366860.500, 135
Trd, 366861.083, 108
Trd, 366861.100, 107
Trd, 366861.233, 99
Trd, 366861.417, 134
Trd, 366861.983, 139
Trd, 366862.183, 139
Trd, 366862.383, 139
Trd, 366862.900, 139
Trd, 366863.233, 126
Trd, 366863.350, 127
Trd, 366863.867, 140
Trd, 366864.100, 137
Trd, 366864.350, 131
Trd, 366864.600, 131
Trd, 366864.917, 132
Trd, 366865.017, 131
Trd, 366865.117, 132
Trd, 366865.333, 130
Trd, 366865.467, 125
Trd, 366865.500, 131
Trd, 366865.517, 124
Trd, 366865.750, 121
Trd, 366866.150, 129
Trd, 366866.217, 127
Trd, 366866.250, 126
Trd, 366866.300, 91
Trd, 366866.333, 130
Trd, 366866.350, 89
Trd, 366866.450, 81
Trd, 366867.567, 95
Trd, 366867.733, 129
Trd, 366867.917, 94
Trd, 366868.217, 96
Trd, 366868.417, 138
Trd, 366868.583, 60
Trd, 366868.867, 65
Trd, 366868.883, 64
Trd, 366868.950, 65
Trd, 366868.983, 66
Trd, 366869.167, 60
Trd, 366869.483, 64
Trd, 366869.617, 74
Trd, 366869.933, 63
Trd, 366870.050, 90
Trd, 366870.100, 64
Trd, 366871.483, 140
Trd, 366871.500, 140
Trd, 366871.617, 140
Trd, 366871.933, 140
Trd, 366872.400, 140
Trd, 366872.583, 140
Trd, 366872.683, 138
Trd, 366872.700, 115
Trd, 366872.733, 112
Trd, 366873.267, 140
Trd, 366873.433, 140
Trd, 366873.667, 140
Trd, 366873.883, 140
Trd, 366874.233, 140
Trd, 366874.300, 139
Trd, 366874.683, 138
Trd, 366874.767, 139
Trd, 366874.850, 121
Trd, 366875.517, 127
Trd, 366875.667, 126
Trd, 366875.883, 125
Trd, 366875.933, 108
Trd, 366876.500, 140
Trd, 366876.550, 140
Trd, 366876.583, 140
Trd, 366876.900, 140
Trd, 366876.917, 140
Trd, 366877.100, 140
Trd, 366877.200, 139
Trd, 366877.233, 115
Trd, 366877.417, 115
Trd, 366877.950, 140
Trd, 366877.983, 138
Trd, 366878.167, 113
Trd, 366878.383, 108
Trd, 366878.400, 107
Trd, 366878.650, 133
Trd, 366879.233, 101
Trd, 366879.250, 131
Trd, 366879.450, 116
Trd, 366879.500, 132
Trd, 366879.667, 125
Trd, 366879.717, 136
Trd, 366879.917, 105
Trd, 366879.967, 85
Trd, 366880.217, 139
Trd, 366880.383, 94
Trd, 366880.417, 84
Trd, 366880.650, 130
Trd, 366880.717, 77
Trd, 366880.917, 75
Trd, 366880.967, 138
Trd, 366881.333, 67
Trd, 366881.750, 72
Trd, 366881.800, 73
Trd, 366882.033, 73
Trd, 366882.283, 140
Trd, 366882.467, 139
Trd, 366882.567, 135
Trd, 366882.600, 134
Trd, 366883.017, 140
Trd, 366883.200, 139
Trd, 366883.833, 133
Trd, 366884.167, 105
Trd, 366884.483, 136
Trd, 366884.917, 128
Trd, 366885.117, 135
Trd, 366885.667, 119
Trd, 366885.683, 136
Trd, 366885.917, 115
Trd, 366886.500, 125
Trd, 366886.700, 124
Trd, 366887.117, 122
Trd, 366887.400, 122
Trd, 366888.000, 140
Trd, 366888.233, 140
Trd, 366888.417, 135
Trd, 366888.467, 134
Trd, 366888.867, 120
Trd, 366888.917, 121
Trd, 366888.967, 121
Trd, 366889.033, 114
Trd, 366889.083, 109
Trd, 366889.300, 124
Trd, 366889.767, 137
Trd, 366889.800, 111
Trd, 366889.867, 111
Trd, 366889.967, 138
Trd, 366890.017, 110
Trd, 366890.183, 128
Trd, 366890.233, 134
Trd, 366890.483, 109
Trd, 366890.500, 88
Trd, 366891.217, 134
Trd, 366891.283, 135
Trd, 366891.433, 97
Trd, 366891.700, 98
Trd, 366892.200, 116
Trd, 366892.383, 99
Trd, 366892.517, 98
Trd, 366892.600, 89
Trd, 366892.833, 113
Trd, 366892.950, 98
Trd, 366893.000, 113
Trd, 366893.017, 89
Trd, 366893.117, 88
Trd, 366893.150, 87
Trd, 366893.767, 135
Trd, 366893.917, 129
Trd, 366894.067, 125
Trd, 366894.167, 124
Trd, 366894.400, 130
Trd, 366894.433, 77
Trd, 366894.600, 77
Trd, 366894.700, 76
Trd, 366895.150, 110
Trd, 366895.450, 127
Trd, 366895.833, 127
Trd, 366895.883, 107
Trd, 366896.200, 97
Trd, 366896.450, 128
Trd, 366896.633, 126
Trd, 366896.650, 89
Trd, 366896.900, 124
Trd, 366896.933, 123
Trd, 366897.083, 84
Trd, 366897.383, 112
Trd, 366897.533, 85
Trd, 366897.550, 129
Trd, 366897.567, 72
Trd, 366898.067, 109
Trd, 366899.333, 140
Trd, 366899.450, 140
Trd, 366899.500, 137
Trd, 366899.867, 140
Trd, 366900.100, 140
Trd, 366900.267, 140
Trd, 366900.750, 140
Trd, 366900.833, 140
Trd, 366900.883, 137
Trd, 366901.217, 140
Trd, 366901.367, 140
Trd, 366901.850, 137
Trd, 366902.217, 137
Trd, 366903.000, 140
Trd, 366903.100, 140
Trd, 366903.183, 140
Trd, 366903.633, 132
Trd, 366903.683, 131
Trd, 366903.783, 138
Trd, 366904.067, 133
Trd, 366904.233, 140
Trd, 366904.467, 140
Trd, 366904.783, 139
Trd, 366904.817, 139
Trd, 366905.000, 137
Trd, 366905.117, 132
Trd, 366905.167, 128
Trd, 366905.400, 137
Trd, 366905.567, 139
Trd, 366905.933, 115
Trd, 366906.283, 140
Trd, 366906.533, 140
Trd, 366906.700, 113
Trd, 366907.200, 100
Trd, 366907.250, 99
Trd, 366907.467, 99
Trd, 366907.667, 104
Trd, 366907.683, 136
Trd, 366907.950, 101
Trd, 366908.100, 99
Trd, 366908.200, 109
Trd, 366908.250, 98
Trd, 366908.500, 122
Trd, 366908.917, 140
Trd, 366909.333, 140
Trd, 366910.033, 140
Trd, 366910.150, 140
Trd, 366910.367, 140
Trd, 366910.550, 140
Trd, 366910.833, 140
Trd, 366911.117, 140
Trd, 366911.217, 139
Trd, 366911.283, 138
Trd, 366911.433, 138
Trd, 366911.450, 130
Trd, 366911.483, 124
Trd, 366911.533, 122
Trd, 366911.950, 123
Trd, 366912.050, 139
Trd, 366912.283, 135
Trd, 366912.333, 134
Trd, 366912.583, 138
Trd, 366912.867, 122
Trd, 366913.067, 105
Trd, 366913.150, 104
Trd, 366913.300, 140
Trd, 366913.583, 110
Trd, 366913.833, 140
Trd, 366914.000, 130
Trd, 366914.117, 99
Trd, 366914.533, 126
Trd, 366914.900, 139
Trd, 366915.050, 140
Trd, 366915.583, 140
Trd, 366915.783, 139
Trd, 366915.800, 139
Trd, 366916.583, 140
Trd, 366917.133, 140
Trd, 366917.283, 140
Trd, 366917.317, 122
Trd, 366917.350, 120
Trd, 366917.367, 118
Trd, 366917.617, 139
Trd, 366918.133, 103
Trd, 366918.217, 104
Trd, 366918.350, 102
Trd, 366918.367, 101
Trd, 366918.833, 140
Trd, 366919.333, 140
Trd, 366919.367, 140
Trd, 366919.500, 133
Trd, 366919.550, 124
Trd, 366919.883, 125
Trd, 366920.150, 126
Trd, 366920.167, 124
Trd, 366920.417, 121
Trd, 366920.617, 97
Trd, 366920.650, 132
Trd, 366920.800, 96
Trd, 366920.833, 93
Trd, 366920.933, 133
Trd, 366920.950, 136
Trd, 366921.083, 122
Trd, 366921.367, 115
Trd, 366921.433, 114
Trd, 366921.600, 80
Trd, 366921.683, 97
Trd, 366921.883, 67
Trd, 366922.083, 67
Trd, 366922.117, 68
Trd, 366922.217, 68
Trd, 366922.400, 60
Trd, 366922.667, 64
Trd, 366923.017, 64
Trd, 366924.333, 60
Trd, 366924.367, 60
Trd, 366924.550, 61
Trd, 366924.633, 61
Trd, 366924.700, 63
Trd, 366924.767, 66
Trd, 366925.100, 69
Trd, 366925.367, 140
Trd, 366925.417, 90
Trd, 366925.617, 90
Trd, 366926.233, 137
Trd, 366926.267, 136
Trd, 366926.733, 67
Trd, 366926.850, 70
Trd, 366926.950, 71
Trd, 366927.450, 140
Trd, 366927.467, 140
Trd, 366927.483, 140
Trd, 366927.533, 140
Trd, 366927.600, 139
Trd, 366927.867, 138
Trd, 366927.933, 132
Trd, 366927.967, 113
Trd, 366928.317, 138
Trd, 366928.783, 140
Trd, 366929.283, 140
Trd, 366929.417, 140
Trd, 366929.433, 140
Trd, 366930.133, 140
Trd, 366930.367, 140
Trd, 366930.400, 140
Trd, 366930.550, 140
Trd, 366930.950, 140
Trd, 366931.067, 140
Trd, 366931.150, 140
Trd, 366931.183, 140
Trd, 366931.250, 138
Trd, 366931.333, 108
Trd, 366931.633, 118
Trd, 366932.000, 137
Trd, 366932.333, 115
Trd, 366932.450, 136
Trd, 366932.733, 136
Trd, 366932.767, 137
Trd, 366932.800, 112
Trd, 366933.283, 111
Trd, 366933.450, 110
Trd, 366933.583, 117
Trd, 366933.683, 136
Trd, 366933.950, 106
Trd, 366934.083, 105
Trd, 366934.217, 136
Trd, 366934.283, 104
Trd, 366934.567, 96
Trd, 366934.600, 137
Trd, 366935.033, 96
Trd, 366935.300, 96
Trd, 366935.317, 95
Trd, 366935.517, 135
Trd, 366935.650, 113
Trd, 366935.717, 136
Trd, 366936.050, 113
Trd, 366936.717, 140
Trd, 366937.000, 140
Trd, 366937.117, 140
Trd, 366937.133, 126
Trd, 366937.933, 115
Trd, 366938.467, 140
Trd, 366938.667, 140
Trd, 366938.783, 140
Trd, 366938.800, 139
Trd, 366939.333, 138
Trd, 366939.717, 138
Trd, 366939.983, 140
Trd, 366940.133, 139
Trd, 366940.183, 120
Trd, 366940.217, 112
Trd, 366940.817, 140
Trd, 366940.900, 140
Trd, 366940.933, 140
Trd, 366940.967, 140
Trd, 366941.050, 140
Trd, 366941.233, 123
Trd, 366941.467, 93
Trd, 366941.517, 87
Trd, 366941.733, 63
Trd, 366942.017, 96
Trd, 366942.183, 61
Trd, 366942.250, 61
Trd, 366942.433, 63
Trd, 366942.533, 64
Trd, 366942.867, 65
Trd, 366943.000, 139
Trd, 366943.267, 131
Trd, 366943.350, 73
Trd, 366943.817, 140
Trd, 366943.850, 140
Trd, 366943.883, 139
Trd, 366943.967, 92
Trd, 366944.467, 80
Trd, 366944.667, 81
Trd, 366944.800, 81
Trd, 366944.833, 74
Trd, 366945.017, 120
Trd, 366945.433, 101
Trd, 366945.450, 100
Trd, 366945.467, 100
Trd, 366945.933, 140
Trd, 366946.433, 139
Trd, 366946.700, 138
Trd, 366946.717, 116
Trd, 366946.850, 139
Trd, 366946.933, 106
Trd, 366947.117, 100
Trd, 366947.367, 101
Trd, 366947.467, 98
Trd, 366947.583, 101
Trd, 366947.917, 84
Trd, 366948.100, 95
Trd, 366948.367, 95
Trd, 366948.700, 92
Trd, 366949.383, 94
Trd, 366949.433, 95
Trd, 366949.533, 96
Trd, 366949.583, 93
Trd, 366949.667, 140
Trd, 366949.800, 112
Trd, 366949.967, 140
Trd, 366950.067, 139
Trd, 366950.633, 95
Trd, 366950.650, 94
Trd, 366950.700, 106
Trd, 366951.067, 139
Trd, 366951.183, 113
Trd, 366951.617, 140
Trd, 366951.850, 113
Trd, 366951.917, 112
Trd, 366952.000, 111
Trd, 366952.117, 96
Trd, 366952.600, 123
Trd, 366952.933, 131
Trd, 366953.000, 134
Trd, 366953.217, 136
Trd, 366953.233, 135
Trd, 366953.783, 136
Trd, 366953.817, 135
Trd, 366954.317, 140
Trd, 366954.333, 122
Trd, 366954.567, 122
Trd, 366954.667, 138
Trd, 366954.850, 130
Trd, 366954.967, 121
Trd, 366955.283, 135
Trd, 366955.617, 112
Trd, 366955.850, 132
Trd, 366956.017, 135
Trd, 366956.167, 135
Trd, 366956.700, 114
Trd, 366956.767, 136
Trd, 366956.917, 107
Trd, 366957.100, 120
Trd, 366957.183, 106
Trd, 366957.483, 140
Trd, 366957.517, 140
Trd, 366957.833, 140
Trd, 366958.167, 140
Trd, 366958.367, 140
Trd, 366958.467, 140
Trd, 366958.767, 140
Trd, 366958.900, 140
Trd, 366959.433, 117
Trd, 366959.850, 140
Trd, 366959.883, 140
Trd, 366959.967, 129
Trd, 366960.067, 128
Trd, 366960.117, 90
Trd, 366960.500, 140
Trd, 366961.250, 140
Trd, 366961.567, 140
Trd, 366962.150, 140
Trd, 366962.400, 140
Trd, 366962.450, 140
Trd, 366962.683, 140
Trd, 366962.967, 135
Trd, 366963.033, 134
Trd, 366963.217, 138
Trd, 366963.300, 140
Trd, 366963.683, 139
Trd, 366963.900, 138
Trd, 366964.017, 129
Trd, 366964.267, 140
Trd, 366964.400, 139
Trd, 366964.767, 140
Trd, 366964.783, 140
Trd, 366964.983, 126
Trd, 366965.017, 134
Trd, 366965.817, 137
Trd, 366966.000, 137
Trd, 366966.117, 135
Trd, 366966.283, 119
Trd, 366966.600, 108
Trd, 366966.650, 107
Trd, 366966.700, 106
Trd, 366966.800, 106
Trd, 366967.100, 114
Trd, 366967.167, 100
Trd, 366967.300, 112
Trd, 366967.333, 89
Trd, 366967.483, 114
Trd, 366967.533, 75
Trd, 366967.567, 115
Trd, 366967.683, 119
Trd, 366967.767, 110
Trd, 366967.817, 110
Trd, 366968.367, 140
Trd, 366968.650, 138
Trd, 366968.867, 138
Trd, 366969.633, 140
Trd, 366969.683, 140
Trd, 366969.700, 140
Trd, 366969.983, 124
Trd, 366970.117, 113
Trd, 366970.283, 97
Trd, 366970.467, 138
Trd, 366970.500, 89
Trd, 366970.517, 67
Trd, 366970.567, 62
Trd, 366971.033, 140
Trd, 366971.250, 136
Trd, 366971.467, 136
Trd, 366971.983, 139
Trd, 366972.400, 140
Trd, 366972.533, 140
Trd, 366972.633, 139
Trd, 366972.750, 138
Trd, 366972.850, 137
Trd, 366973.033, 101
Trd, 366973.183, 110
Trd, 366973.367, 72
Trd, 366974.000, 104
Trd, 366974.133, 104
Trd, 366974.433, 76
Trd, 366975.050, 140
Trd, 366975.067, 140
Trd, 366975.083, 140
Trd, 366975.200, 139
Trd, 366975.717, 139
Trd, 366975.800, 121
Trd, 366976.050, 125
Trd, 366976.517, 136
Trd, 366976.650, 135
Trd, 366976.733, 140
Trd, 366976.850, 133
Trd, 366976.983, 138
Trd, 366977.033, 106
Trd, 366977.367, 129
Trd, 366977.433, 103
Trd, 366977.900, 138
Trd, 366977.967, 102
Trd, 366978.333, 65
Trd, 366978.400, 91
Trd, 366978.583, 136
Trd, 366979.183, 90
Trd, 366979.267, 89
Trd, 366979.383, 116
Trd, 366979.567, 91
Trd, 366980.117, 110
Trd, 366980.133, 109
Trd, 366980.350, 116
Trd, 366980.733, 99
Trd, 366980.867, 93
Trd, 366981.167, 93
Trd, 366981.250, 94
Trd, 366981.317, 92
Trd, 366981.383, 110
Trd, 366981.600, 115
Trd, 366981.633, 114
Trd, 366981.683, 90
Trd, 366981.717, 126
Trd, 366981.933, 78
Trd, 366981.983, 75
Trd, 366982.183, 135
Trd, 366982.217, 84
Trd, 366982.817, 73
Trd, 366982.850, 78
Trd, 366983.083, 130
Trd, 366983.233, 62
Trd, 366983.600, 81
Trd, 366984.033, 139
Trd, 366984.150, 138
Trd, 366984.183, 105
Trd, 366984.850, 140
Trd, 366984.883, 140
Trd, 366985.000, 140
Trd, 366985.183, 139
Trd, 366985.683, 134
Trd, 366985.750, 137
Trd, 366986.033, 136
Trd, 366986.600, 137
Trd, 366986.617, 136
Trd, 366986.700, 135
Trd, 366986.833, 139
Trd, 366987.200, 138
Trd, 366987.583, 140
Trd, 366987.633, 140
Trd, 366987.883, 125
Trd, 366987.900, 139
Trd, 366987.917, 112
Trd, 366988.117, 107
Trd, 366988.367, 138
Trd, 366988.400, 85
Trd, 366988.650, 80
Trd, 366988.967, 64
Trd, 366989.367, 66
Trd, 366989.400, 67
Trd, 366989.750, 60
Trd, 366989.967, 67
Trd, 366989.983, 69
Trd, 366990.167, 64
Trd, 366990.333, 67
Trd, 366990.483, 87
Trd, 366991.000, 64
Trd, 366991.100, 65
Trd, 366991.133, 64
Trd, 366991.833, 64
Trd, 366992.350, 88
Trd, 366992.383, 89
Trd, 366992.500, 87
Trd, 366993.050, 110
Trd, 366993.167, 87
Trd, 366993.250, 140
Trd, 366993.433, 138
Trd, 366993.583, 98
Trd, 366994.017, 130
Trd, 366994.083, 128
Trd, 366994.200, 140
Trd, 366994.700, 139
Trd, 366994.817, 118
Trd, 366994.850, 118
Trd, 366994.883, 103
Trd, 366994.950, 103
Trd, 366995.267, 139
Trd, 366996.183, 128
Trd, 366996.317, 122
Trd, 366996.433, 140
Trd, 366996.483, 120
Trd, 366996.733, 134
Trd, 366997.000, 132
Trd, 366997.200, 131
Trd, 366997.250, 102
Trd, 366997.433, 135
Trd, 366997.483, 128
Trd, 366998.033, 140
Trd, 366998.383, 134
Trd, 366998.850, 139
Trd, 366998.983, 139
Trd, 366999.317, 140
Trd, 366999.433, 140
Trd, 366999.533, 140
Trd, 367000.000, 140
Trd, 367000.133, 140
Trd, 367000.200, 140
Trd, 367000.783, 140
Trd, 367000.800, 140
Trd, 367000.867, 140
Trd, 367000.883, 140
Trd, 367000.967, 140
Trd, 367001.117, 138
Trd, 367001.350, 139
Trd, 367001.583, 140
Trd, 367001.683, 138
Trd, 367001.817, 138
Trd, 367002.100, 129
Trd, 367002.350, 129
Trd, 367002.367, 121
Trd, 367002.467, 129
Trd, 367002.683, 127
Trd, 367002.700, 118
Trd, 367002.717, 130
Trd, 367002.733, 104
Trd, 367003.133, 103
Trd, 367003.250, 139
Trd, 367003.300, 134
Trd, 367003.450, 115
Trd, 367004.333, 140
Trd, 367004.467, 140
Trd, 367004.833, 140
Trd, 367005.200, 140
Trd, 367005.233, 140
Trd, 367005.550, 140
Trd, 367006.250, 140
Trd, 367006.383, 140
Trd, 367006.750, 140
Trd, 367006.900, 140
Trd, 367007.150, 140
Trd, 367007.167, 140
Trd, 367007.200, 140
Trd, 367007.450, 140
Trd, 367007.550, 140
Trd, 367008.233, 140
Trd, 367008.300, 140
Trd, 367008.550, 140
Trd, 367008.733, 123
Trd, 367008.750, 120
Trd, 367008.767, 114
Trd, 367008.900, 110
Trd, 367009.117, 110
Trd, 367009.417, 110
Trd, 367009.700, 110
Trd, 367009.733, 109
Trd, 367009.817, 93
Trd, 367010.133, 140
Trd, 367010.433, 140
Trd, 367010.767, 140
Trd, 367010.917, 108
Trd, 367011.583, 140
Trd, 367011.617, 140
Trd, 367011.717, 139
Trd, 367012.000, 140
Trd, 367012.017, 140
Trd, 367012.350, 119
Trd, 367012.500, 131
Trd, 367012.600, 118
Trd, 367013.733, 124
Trd, 367013.933, 125
Trd, 367014.000, 126
Trd, 367014.017, 124
Trd, 367014.067, 123
Trd, 367014.083, 133
Trd, 367014.267, 104
Trd, 367014.483, 134
Trd, 367014.583, 99
Trd, 367014.983, 103
Trd, 367015.000, 136
Trd, 367015.067, 136
Trd, 367015.517, 140
Trd, 367015.900, 129
Trd, 367016.500, 135
Trd, 367016.933, 139
Trd, 367017.133, 137
Trd, 367017.183, 137
Trd, 367017.217, 139
Trd, 367017.250, 126
Trd, 367017.417, 138
Trd, 367017.783, 138
Trd, 367017.950, 140
Trd, 367017.983, 109
Trd, 367018.167, 103
Trd, 367018.183, 80
Trd, 367018.417, 102
Trd, 367018.467, 67
Trd, 367018.900, 129
Trd, 367018.967, 128
Trd, 367019.033, 138
Trd, 367019.167, 124
Trd, 367019.217, 104
Trd, 367019.550, 114
Trd, 367020.150, 117
Trd, 367020.367, 139
Trd, 367020.400, 109
Trd, 367020.617, 109
Trd, 367020.900, 138
Trd, 367020.917, 109
Trd, 367021.050, 107
Trd, 367021.100, 107
Trd, 367021.150, 84
Trd, 367021.350, 108
Trd, 367021.383, 109
Trd, 367021.450, 70
Trd, 367022.300, 60
Trd, 367022.583, 60
Trd, 367022.667, 60
Trd, 367022.700, 61
Trd, 367023.000, 60
Trd, 367023.133, 60
Trd, 367023.183, 68
Trd, 367023.667, 111
Trd, 367023.983, 134
Trd, 367024.417, 131
Trd, 367024.483, 124
Trd, 367024.550, 123
Trd, 367024.617, 121
Trd, 367024.767, 134
Trd, 367025.083, 96
Trd, 367025.117, 96
Trd, 367025.283, 96
Trd, 367025.350, 98
Trd, 367025.717, 124
Trd, 367025.900, 121
Trd, 367026.067, 135
Trd, 367026.333, 129
Trd, 367026.467, 129
Trd, 367026.483, 122
Trd, 367026.550, 121
Trd, 367026.567, 95
Trd, 367026.833, 92
Trd, 367027.050, 91
Trd, 367027.633, 119
Trd, 367027.783, 90
Trd, 367027.850, 114
Trd, 367028.067, 85
Trd, 367028.250, 120
Trd, 367028.467, 68
Trd, 367028.900, 67
Trd, 367029.050, 67
Trd, 367029.083, 65
Trd, 367029.167, 67
Trd, 367029.183, 64
Trd, 367029.600, 60
Trd, 367029.633, 69
Trd, 367029.667, 69
Trd, 367029.933, 127
Trd, 367030.317, 127
Trd, 367030.583, 128
Trd, 367030.683, 127
Trd, 367030.933, 133
Trd, 367031.400, 119
Trd, 367032.083, 102
Trd, 367032.100, 101
Trd, 367032.300, 83
Trd, 367032.400, 121
Trd, 367032.467, 115
Trd, 367032.517, 82
Trd, 367033.033, 81
Trd, 367033.233, 82
Trd, 367033.367, 80
Trd, 367033.517, 101
Trd, 367033.900, 101
Trd, 367034.517, 118
Trd, 367034.617, 109
Trd, 367034.900, 111
Trd, 367034.950, 109
Trd, 367034.967, 108
Trd, 367035.067, 105
Trd, 367035.100, 116
Trd, 367035.300, 117
Trd, 367035.383, 97
Trd, 367035.900, 139
Trd, 367035.917, 138
Trd, 367036.000, 140
Trd, 367036.483, 138
Trd, 367036.500, 118
Trd, 367036.533, 113
Trd, 367036.633, 140
Trd, 367036.750, 140
Trd, 367036.917, 140
Trd, 367037.133, 88
Trd, 367037.533, 132
Trd, 367038.167, 140
Trd, 367038.650, 140
Trd, 367038.833, 139
Trd, 367039.217, 140
Trd, 367039.283, 139
Trd, 367039.300, 138
Trd, 367039.483, 137
Trd, 367040.517, 140
Trd, 367040.633, 140
Trd, 367040.750, 140
Trd, 367040.783, 140
Trd, 367040.817, 140
Trd, 367041.033, 138
Trd, 367041.150, 137
Trd, 367041.700, 124
Trd, 367041.900, 139
Trd, 367042.017, 140
Trd, 367042.167, 140
Trd, 367042.367, 140
Trd, 367042.917, 140
Trd, 367043.117, 140
Trd, 367043.167, 139
Trd, 367043.267, 138
Trd, 367043.467, 124
Trd, 367043.617, 129
Trd, 367043.683, 122
Trd, 367043.767, 118
Trd, 367043.817, 115
Trd, 367043.850, 129
Trd, 367044.017, 116
Trd, 367044.050, 115
Trd, 367044.350, 114
Trd, 367044.367, 91
Trd, 367044.517, 81
Trd, 367044.617, 80
Trd, 367044.650, 126
Trd, 367045.033, 140
Trd, 367045.867, 110
Trd, 367046.183, 107
Trd, 367046.650, 114
Trd, 367046.867, 114
Trd, 367047.133, 115
Trd, 367047.467, 117
Trd, 367047.967, 118
Trd, 367048.017, 122
Trd, 367048.033, 123
Trd, 367048.217, 118
Trd, 367048.233, 124
Trd, 367048.267, 116
Trd, 367048.283, 114
Trd, 367048.367, 102
Trd, 367048.817, 115
Trd, 367048.867, 114
Trd, 367049.067, 99
Trd, 367049.583, 140
Trd, 367049.683, 98
Trd, 367050.417, 140
Trd, 367050.567, 140
Trd, 367050.683, 139
Trd, 367050.700, 139
Trd, 367050.733, 124
Trd, 367050.800, 139
Trd, 367051.067, 108
Trd, 367051.333, 80
Trd, 367052.350, 136
Trd, 367052.750, 133
Trd, 367052.767, 134
Trd, 367053.383, 139
Trd, 367053.533, 139
Trd, 367053.750, 140
Trd, 367053.917, 140
Trd, 367054.167, 140
Trd, 367054.183, 140
Trd, 367054.250, 140
Trd, 367054.267, 140
Trd, 367054.450, 140
Trd, 367055.033, 140
Trd, 367055.083, 139
Trd, 367055.117, 139
Trd, 367055.217, 139
Trd, 367055.367, 139
Trd, 367055.400, 120
Trd, 367055.767, 121
Trd, 367055.867, 120
Trd, 367055.933, 133
Trd, 367056.033, 120
Trd, 367056.183, 100
Trd, 367056.667, 97
Trd, 367056.717, 96
Trd, 367056.950, 110
Trd, 367057.317, 99
Trd, 367057.350, 106
Trd, 367057.750, 107
Trd, 367057.783, 101
Trd, 367057.833, 105
Trd, 367057.933, 106
Trd, 367058.317, 105
Trd, 367058.333, 102
Trd, 367058.550, 106
Trd, 367058.617, 125
Trd, 367058.700, 103
Trd, 367058.733, 102
Trd, 367059.300, 140
Trd, 367059.517, 140
Trd, 367059.950, 140
Trd, 367060.450, 138
Trd, 367060.733, 136
Trd, 367060.817, 117
Trd, 367060.867, 135
Trd, 367061.067, 96
Trd, 367061.183, 66
Trd, 367061.483, 86
Trd, 367061.767, 86
Trd, 367062.150, 85
Trd, 367062.417, 87
Trd, 367062.500, 90
Trd, 367063.050, 91
Trd, 367063.533, 139
Trd, 367063.950, 140
Trd, 367064.583, 140
Trd, 367064.600, 140
Trd, 367064.717, 140
Trd, 367064.900, 139
Trd, 367064.967, 138
Trd, 367065.083, 119
Trd, 367065.483, 106
Trd, 367065.567, 105
Trd, 367065.950, 105
Trd, 367065.967, 103
Trd, 367066.183, 126
Trd, 367066.467, 121
Trd, 367066.533, 121
Trd, 367066.633, 127
Trd, 367066.867, 121
Trd, 367067.383, 140
Trd, 367068.083, 140
Trd, 367068.200, 140
Trd, 367068.600, 140
Trd, 367068.650, 140
Trd, 367068.683, 140
Trd, 367069.017, 140
Trd, 367069.267, 140
Trd, 367069.483, 140
Trd, 367069.700, 140
Trd, 367069.917, 140
Trd, 367070.067, 140
Trd, 367070.283, 137
Trd, 367070.450, 136
Trd, 367070.483, 132
Trd, 367070.550, 138
Trd, 367070.667, 122
Trd, 367070.900, 121
Trd, 367070.917, 99
Trd, 367070.983, 99
Trd, 367071.083, 90
Trd, 367071.167, 122
Trd, 367071.500, 88
Trd, 367071.517, 87
Trd, 367071.533, 83
Trd, 367071.550, 82
Trd, 367071.667, 92
Trd, 367071.800, 112
Trd, 367071.917, 80
Trd, 367072.283, 132
Trd, 367073.167, 138
Trd, 367073.200, 138
Trd, 367073.467, 137
Trd, 367074.100, 140
Trd, 367074.233, 140
Trd, 367074.417, 140
Trd, 367074.533, 140
Trd, 367074.600, 140
Trd, 367074.633, 140
Trd, 367074.650, 140
Trd, 367074.833, 135
Trd, 367074.867, 105
Trd, 367076.017, 140
Trd, 367076.167, 140
Trd, 367076.250, 116
Trd, 367076.350, 110
Trd, 367076.683, 114
Trd, 367076.833, 110
Trd, 367076.900, 109
Trd, 367076.933, 114
Trd, 367077.050, 105
Trd, 367077.467, 111
Trd, 367077.550, 100
Trd, 367077.667, 97
Trd, 367077.867, 111
Trd, 367078.033, 108
Trd, 367078.267, 108
Trd, 367078.333, 109
Trd, 367078.367, 110
Trd, 367078.767, 93
Trd, 367078.967, 97
Trd, 367079.283, 139
Trd, 367079.800, 140
Trd, 367080.367, 140
Trd, 367080.400, 140
Trd, 367080.450, 140
Trd, 367080.483, 139
Trd, 367081.300, 125
Trd, 367081.450, 120
Trd, 367081.533, 119
Trd, 367081.567, 104
Trd, 367081.633, 93
Trd, 367081.683, 91
Trd, 367081.850, 131
Trd, 367081.867, 138
Trd, 367081.933, 93
Trd, 367082.033, 71
Trd, 367082.283, 136
Trd, 367082.633, 104
Trd, 367083.050, 80
Trd, 367083.117, 63
Trd, 367083.333, 61
Trd, 367083.700, 60
Trd, 367083.733, 60
Trd, 367083.800, 61
Trd, 367084.000, 68
Trd, 367084.433, 69
Trd, 367084.600, 60
Trd, 367084.833, 103
Trd, 367084.967, 60
Trd, 367085.350, 60
Trd, 367085.383, 60
Trd, 367085.450, 62
Trd, 367086.033, 70
Trd, 367086.050, 66
Trd, 367086.400, 76
Trd, 367086.850, 100
Trd, 367086.967, 95
Trd, 367087.050, 111
Trd, 367087.117, 95
Trd, 367087.200, 94
Trd, 367087.400, 94
Trd, 367087.417, 93
Trd, 367087.583, 114
Trd, 367087.733, 115
Trd, 367087.767, 66
Trd, 367088.067, 137
Trd, 367088.250, 140
Trd, 367088.333, 131
Trd, 367088.350, 107
Trd, 367089.233, 61
Trd, 367089.267, 64
Trd, 367089.350, 101
Trd, 367090.000, 106
Trd, 367090.200, 116
Trd, 367090.317, 105
Trd, 367090.617, 117
Trd, 367091.167, 117
Trd, 367091.250, 110
Trd, 367091.333, 110
Trd, 367091.883, 123
Trd, 367092.183, 123
Trd, 367092.200, 121
Trd, 367092.650, 138
Trd, 367093.083, 123
Trd, 367093.333, 132
Trd, 367093.417, 122
Trd, 367093.800, 137
Trd, 367094.133, 123
Trd, 367094.350, 125
Trd, 367094.417, 133
Trd, 367094.583, 140
Trd, 367094.617, 140
Trd, 367094.633, 123
Trd, 367094.667, 119
Trd, 367094.700, 113
Trd, 367094.800, 140
Trd, 367094.983, 109
Trd, 367095.800, 126
Trd, 367095.817, 137
Trd, 367095.833, 138
Trd, 367095.983, 137
Trd, 367096.117, 107
Trd, 367096.183, 104
Trd, 367096.233, 104
Trd, 367096.517, 103
Trd, 367096.533, 96
Trd, 367096.883, 90
Trd, 367097.033, 75
Trd, 367098.000, 67
Trd, 367098.200, 73
Trd, 367098.283, 67
Trd, 367098.400, 66
Trd, 367098.433, 65
Trd, 367098.933, 91
Trd, 367099.267, 62
Trd, 367099.517, 95
Trd, 367099.633, 77
Trd, 367099.767, 102
Trd, 367099.917, 100
Trd, 367100.083, 104
Trd, 367100.150, 109
Trd, 367100.250, 84
Trd, 367100.367, 80
Trd, 367100.817, 114
Trd, 367100.833, 79
Trd, 367100.867, 116
Trd, 367101.417, 140
Trd, 367101.483, 140
Trd, 367101.567, 140
Trd, 367101.600, 138
Trd, 367101.667, 119
Trd, 367102.017, 103
Trd, 367102.417, 140
Trd, 367102.533, 140
Trd, 367102.550, 102
Trd, 367102.683, 94
Trd, 367102.750, 139
Trd, 367103.000, 139
Trd, 367103.250, 112
Trd, 367103.400, 112
Trd, 367103.567, 122
Trd, 367104.100, 117
Trd, 367104.233, 116
Trd, 367104.817, 113
Trd, 367104.867, 113
Trd, 367105.400, 118
Trd, 367105.533, 133
Trd, 367105.600, 132
Trd, 367106.200, 134
Trd, 367106.217, 108
Trd, 367106.500, 110
Trd, 367106.567, 109
Trd, 367106.667, 110
Trd, 367106.900, 107
Trd, 367107.133, 103
Trd, 367107.383, 125
Trd, 367107.400, 132
Trd, 367107.967, 140
Trd, 367108.200, 140
Trd, 367108.300, 140
Trd, 367108.450, 140
Trd, 367108.750, 139
Trd, 367108.800, 125
Trd, 367109.083, 120
Trd, 367109.600, 138
Trd, 367109.917, 119
Trd, 367110.017, 118
Trd, 367110.417, 120
Trd, 367110.733, 140
Trd, 367110.783, 108
Trd, 367111.117, 140
Trd, 367111.233, 139
Trd, 367111.483, 139
Trd, 367111.600, 139
Trd, 367111.750, 140
Trd, 367111.817, 139
Trd, 367112.017, 138
Trd, 367112.350, 130
Trd, 367112.700, 139
Trd, 367112.750, 139
Trd, 367113.150, 139
Trd, 367113.500, 135
Trd, 367113.700, 134
Trd, 367114.433, 140
Trd, 367114.517, 140
Trd, 367115.117, 140
Trd, 367115.200, 140
Trd, 367115.300, 140
Trd, 367115.400, 140
Trd, 367115.417, 126
Trd, 367115.467, 126
Trd, 367115.683, 125
Trd, 367115.767, 139
Trd, 367115.833, 119
Trd, 367115.867, 113
Trd, 367116.317, 111
Trd, 367117.317, 130
Trd, 367117.733, 131
Trd, 367117.883, 140
Trd, 367118.033, 140
Trd, 367118.050, 129
Trd, 367118.067, 109
Trd, 367118.817, 115
Trd, 367119.133, 140
Trd, 367119.283, 126
Trd, 367119.400, 104
Trd, 367119.600, 137
Trd, 367119.717, 139
Trd, 367119.800, 140
Trd, 367119.950, 140
Trd, 367120.100, 140
Trd, 367120.250, 113
Trd, 367120.350, 112
Trd, 367120.933, 135
Trd, 367121.233, 134
Trd, 367121.283, 106
Trd, 367121.433, 135
Trd, 367121.817, 137
Trd, 367121.933, 138
Trd, 367122.017, 137
Trd, 367122.033, 135
Trd, 367122.183, 134
Trd, 367122.217, 132
Trd, 367122.267, 125
Trd, 367122.717, 105
Trd, 367122.983, 137
Trd, 367123.800, 140
Trd, 367123.867, 137
Trd, 367124.383, 138
Trd, 367124.467, 136
Trd, 367125.417, 140
Trd, 367125.517, 140
Trd, 367125.817, 140
Trd, 367125.917, 140
Trd, 367126.067, 140
Trd, 367126.133, 140
Trd, 367126.583, 140
Trd, 367126.667, 140
Trd, 367126.750, 140
Trd, 367126.767, 140
Trd, 367127.400, 122
Trd, 367127.483, 121
Trd, 367127.500, 121
Trd, 367128.267, 116
Trd, 367128.383, 125
Trd, 367128.417, 119
Trd, 367128.700, 126
Trd, 367128.783, 127
Trd, 367128.817, 128
Trd, 367129.050, 111
Trd, 367129.233, 110
Trd, 367129.583, 131
Trd, 367129.767, 122
Trd, 367129.783, 126
Trd, 367130.017, 100
Trd, 367130.050, 84
Trd, 367130.250, 127
Trd, 367130.600, 96
Trd, 367130.883, 87
Trd, 367130.917, 110
Trd, 367131.000, 86
Trd, 367131.250, 87
Trd, 367131.283, 86
Trd, 367131.317, 113
Trd, 367131.517, 85
Trd, 367131.633, 93
Trd, 367131.867, 110
Trd, 367131.917, 86
Trd, 367132.033, 89
Trd, 367132.283, 129
Trd, 367132.317, 86
Trd, 367133.400, 102
Trd, 367133.467, 104
Trd, 367133.500, 102
Trd, 367133.533, 101
Trd, 367133.633, 105
Trd, 367133.667, 93
Trd, 367133.733, 81
Trd, 367133.983, 80
Trd, 367134.200, 138
Trd, 367134.533, 138
Trd, 367136.150, 140
Trd, 367136.417, 140
Trd, 367136.433, 140
Trd, 367136.517, 140
Trd, 367136.600, 140
Trd, 367136.650, 140
Trd, 367136.683, 139
Trd, 367136.733, 139
Trd, 367136.833, 138
Trd, 367136.867, 137
Trd, 367137.050, 137
Trd, 367137.350, 122
Trd, 367137.833, 120
Trd, 367138.233, 115
Trd, 367138.250, 114
Trd, 367138.367, 112
Trd, 367138.533, 118
Trd, 367138.583, 112
Trd, 367138.600, 120
Trd, 367138.800, 113
Trd, 367139.250, 112
Trd, 367139.267, 111
Trd, 367139.483, 116
Trd, 367139.733, 88
Trd, 367139.783, 81
Trd, 367139.967, 131
Trd, 367140.000, 71
Trd, 367140.717, 140
Trd, 367141.317, 140
Trd, 367141.650, 139
Trd, 367141.783, 140
Trd, 367141.900, 138
Trd, 367142.400, 139
Trd, 367142.467, 139
Trd, 367142.550, 140
Trd, 367142.633, 138
Trd, 367142.650, 138
Trd, 367143.167, 124
Trd, 367143.550, 126
Trd, 367143.683, 125
Trd, 367143.750, 132
Trd, 367143.917, 134
Trd, 367143.933, 124
Trd, 367144.400, 125
Trd, 367144.783, 125
Trd, 367144.817, 130
Trd, 367145.150, 123
Trd, 367145.283, 122
Trd, 367145.350, 123
Trd, 367145.650, 132
Trd, 367145.667, 101
Trd, 367145.900, 118
Trd, 367146.017, 100
Trd, 367146.300, 100
Trd, 367146.667, 137
Trd, 367146.700, 101
Trd, 367147.083, 104
Trd, 367147.183, 102
Trd, 367147.233, 99
Trd, 367148.100, 138
Trd, 367148.350, 136
Trd, 367148.833, 140
Trd, 367149.133, 137
Trd, 367149.250, 137
Trd, 367149.467, 136
Trd, 367149.533, 137
Trd, 367150.150, 139
Trd, 367150.267, 139
Trd, 367150.433, 130
Trd, 367150.567, 138
Trd, 367150.933, 139
Trd, 367151.067, 139
Trd, 367151.217, 139
Trd, 367151.383, 139
Trd, 367151.600, 140
Trd, 367151.700, 138
Trd, 367151.833, 125
Trd, 367151.933, 112
Trd, 367152.250, 113
Trd, 367152.267, 98
Trd, 367152.867, 131
Trd, 367153.950, 140
Trd, 367154.283, 137
Trd, 367154.450, 138
Trd, 367154.467, 139
Trd, 367154.683, 140
Trd, 367154.700, 139
Trd, 367154.917, 140
Trd, 367154.933, 140
Trd, 367155.117, 140
Trd, 367155.300, 140
Trd, 367155.350, 132
Trd, 367155.367, 131
Trd, 367155.683, 131
Trd, 367155.950, 131
Trd, 367155.967, 130
Trd, 367155.983, 126
Trd, 367156.067, 108
Trd, 367156.150, 139
Trd, 367156.383, 108
Trd, 367156.583, 107
Trd, 367156.650, 137
Trd, 367157.083, 139
Trd, 367157.200, 136
Trd, 367157.650, 109
Trd, 367157.667, 99
Trd, 367158.250, 93
Trd, 367158.900, 100
Trd, 367159.000, 102
Trd, 367159.183, 118
Trd, 367159.300, 97
Trd, 367159.633, 97
Trd, 367160.117, 136
Trd, 367160.150, 100
Trd, 367160.233, 99
Trd, 367160.317, 129
Trd, 367160.900, 113
Trd, 367161.333, 112
Trd, 367161.517, 110
Trd, 367161.683, 103
Trd, 367161.867, 117
Trd, 367162.033, 103
Trd, 367162.050, 102
Trd, 367162.133, 117
Trd, 367162.183, 118
Trd, 367162.300, 118
Trd, 367162.333, 100
Trd, 367162.367, 89
Trd, 367162.633, 140
Trd, 367163.117, 140
Trd, 367163.267, 138
Trd, 367163.450, 138
Trd, 367163.500, 111
Trd, 367163.667, 101
Trd, 367163.700, 100
Trd, 367164.667, 127
Trd, 367164.717, 111
Trd, 367164.933, 140
Trd, 367165.450, 140
Trd, 367165.567, 140
Trd, 367165.850, 140
Trd, 367165.950, 140
Trd, 367166.000, 140
Trd, 367166.183, 139
Trd, 367166.200, 126
Trd, 367166.267, 110
Trd, 367166.283, 99
Trd, 367166.633, 140
Trd, 367167.133, 140
Trd, 367167.350, 117
Trd, 367167.383, 109
Trd, 367168.433, 140
Trd, 367168.833, 140
Trd, 367168.900, 140
Trd, 367169.133, 140
Trd, 367169.400, 140
Trd, 367169.700, 140
Trd, 367169.750, 138
Trd, 367169.833, 140
Trd, 367170.033, 136
Trd, 367170.067, 120
Trd, 367170.533, 117
Trd, 367170.967, 130
Trd, 367171.000, 135
Trd, 367171.400, 131
Trd, 367171.450, 122
Trd, 367171.583, 134
Trd, 367171.683, 126
Trd, 367171.967, 121
Trd, 367172.050, 120
Trd, 367172.100, 104
Trd, 367172.617, 105
Trd, 367172.850, 128
Trd, 367172.883, 96
Trd, 367172.967, 129
Trd, 367172.983, 128
Trd, 367173.100, 88
Trd, 367173.250, 86
Trd, 367173.367, 83
Trd, 367173.667, 131
Trd, 367173.867, 115
Trd, 367173.883, 114
Trd, 367174.950, 140
Trd, 367175.283, 140
Trd, 367176.183, 140
Trd, 367176.333, 140
Trd, 367176.567, 140
Trd, 367176.700, 140
Trd, 367176.817, 140
Trd, 367177.083, 140
Trd, 367177.250, 140
Trd, 367177.267, 140
Trd, 367177.933, 140
Trd, 367178.017, 140
Trd, 367178.117, 139
Trd, 367178.467, 139
Trd, 367178.650, 139
Trd, 367178.783, 139
Trd, 367178.917, 138
Trd, 367179.633, 138
Trd, 367179.700, 124
Trd, 367179.750, 140
Trd, 367180.100, 123
Trd, 367180.700, 139
Trd, 367180.783, 125
Trd, 367181.283, 127
Trd, 367181.367, 126
Trd, 367181.433, 123
Trd, 367181.533, 86
Trd, 367181.600, 73
Trd, 367181.900, 128
Trd, 367181.983, 89
Trd, 367182.100, 86
Trd, 367182.567, 85
Trd, 367182.617, 85
Trd, 367182.833, 86
Trd, 367183.000, 121
Trd, 367183.017, 122
Trd, 367183.083, 88
Trd, 367183.317, 90
Trd, 367183.433, 92
Trd, 367183.650, 100
Trd, 367184.150, 139
Trd, 367184.383, 105
Trd, 367184.417, 108
Trd, 367184.683, 110
Trd, 367184.767, 105
Trd, 367185.167, 104
Trd, 367185.967, 138
Trd, 367186.150, 140
Trd, 367186.367, 139
Trd, 367186.533, 131
Trd, 367186.833, 139
Trd, 367186.900, 132
Trd, 367187.017, 139
Trd, 367187.067, 131
Trd, 367187.250, 129
Trd, 367187.583, 120
Trd, 367188.283, 109
Trd, 367188.383, 92
Trd, 367188.400, 114
Trd, 367188.583, 86
Trd, 367188.850, 100
Trd, 367189.250, 101
Trd, 367189.417, 85
Trd, 367189.550, 112
Trd, 367189.583, 111
Trd, 367189.700, 113
Trd, 367189.967, 114
Trd, 367190.133, 114
Trd, 367190.300, 139
Trd, 367190.533, 138
Trd, 367190.633, 108
Trd, 367190.667, 108
Trd, 367190.900, 108
Trd, 367191.017, 107
Trd, 367191.150, 107
Trd, 367191.183, 106
Trd, 367192.017, 89
Trd, 367192.183, 80
Trd, 367192.283, 83
Trd, 367192.367, 94
Trd, 367192.417, 84
Trd, 367192.467, 95
Trd, 367192.500, 81
Trd, 367192.783, 73
Trd, 367193.983, 140
Trd, 367194.000, 140
Trd, 367194.033, 140
Trd, 367194.150, 140
Trd, 367194.417, 140
Trd, 367194.783, 140
Trd, 367195.083, 140
Trd, 367195.383, 140
Trd, 367195.600, 140
Trd, 367195.800, 140
Trd, 367195.950, 140
Trd, 367196.250, 139
Trd, 367196.417, 140
Trd, 367196.983, 140
Trd, 367197.767, 139
Trd, 367197.833, 138
Trd, 367197.850, 133
Trd, 367198.033, 140
Trd, 367198.100, 132
Trd, 367198.567, 130
Trd, 367198.800, 140
Trd, 367199.283, 126
Trd, 367199.333, 125
Trd, 367199.567, 140
Trd, 367199.783, 138
Trd, 367199.800, 138
Trd, 367199.933, 123
