Trd, 258582.667, 140
Trd, 258583.000, 140
Trd, 258583.267, 134
Trd, 258583.333, 113
Trd, 258583.417, 107
Trd, 258584.083, 138
Trd, 258584.117, 135
Trd, 258584.267, 108
Trd, 258584.317, 107
Trd, 258584.500, 105
Trd, 258584.650, 105
Trd, 258584.783, 137
Trd, 258584.817, 139
Trd, 258585.117, 138
Trd, 258585.433, 125
Trd, 258585.783, 124
Trd, 258585.850, 114
Trd, 258585.883, 131
Trd, 258586.250, 119
Trd, 258586.600, 107
Trd, 258586.633, 105
Trd, 258586.700, 105
Trd, 258586.800, 101
Trd, 258586.983, 126
Trd, 258587.300, 104
Trd, 258587.500, 91
Trd, 258588.083, 140
Trd, 258588.817, 140
Trd, 258588.850, 140
Trd, 258588.900, 129
Trd, 258588.917, 107
Trd, 258589.017, 89
Trd, 258589.183, 106
Trd, 258589.200, 90
Trd, 258589.283, 90
Trd, 258589.767, 137
Trd, 258589.883, 118
Trd, 258589.983, 116
Trd, 258590.400, 136
Trd, 258590.500, 135
Trd, 258591.050, 130
Trd, 258591.067, 132
Trd, 258591.250, 135
Trd, 258591.883, 109
Trd, 258592.150, 125
Trd, 258592.583, 126
Trd, 258592.600, 111
Trd, 258592.683, 116
Trd, 258592.700, 130
Trd, 258592.783, 111
Trd, 258592.817, 110
Trd, 258593.000, 140
Trd, 258593.117, 110
Trd, 258593.833, 138
Trd, 258594.017, 140
Trd, 258594.267, 139
Trd, 258594.567, 140
Trd, 258594.767, 140
Trd, 258594.833, 140
Trd, 258595.133, 140
Trd, 258595.850, 139
Trd, 258596.417, 139
Trd, 258596.533, 140
Trd, 258596.950, 139
Trd, 258597.050, 140
Trd, 258597.317, 138
Trd, 258597.367, 112
Trd, 258597.600, 117
Trd, 258597.733, 117
Trd, 258598.550, 130
Trd, 258598.833, 120
Trd, 258598.850, 130
Trd, 258599.017, 130
Trd, 258599.533, 140
Trd, 258599.650, 138
Trd, 258599.717, 128
Trd, 258599.767, 108
Trd, 258601.300, 140
Trd, 258601.450, 139
Trd, 258601.733, 139
Trd, 258601.783, 140
Trd, 258602.100, 140
Trd, 258602.150, 140
Trd, 258602.250, 140
Trd, 258602.367, 140
Trd, 258602.450, 140
Trd, 258602.617, 140
Trd, 258602.650, 138
Trd, 258602.817, 137
Trd, 258603.183, 131
Trd, 258603.333, 126
Trd, 258603.583, 116
Trd, 258603.817, 104
Trd, 258605.317, 140
Trd, 258605.400, 140
Trd, 258605.567, 140
Trd, 258605.633, 140
Trd, 258606.000, 140
Trd, 258606.117, 140
Trd, 258606.233, 140
Trd, 258606.717, 140
Trd, 258606.733, 140
Trd, 258606.800, 139
Trd, 258607.000, 140
Trd, 258607.233, 129
Trd, 258607.267, 116
Trd, 258607.517, 138
Trd, 258607.767, 130
Trd, 258607.817, 112
Trd, 258607.933, 94
Trd, 258608.283, 105
Trd, 258608.333, 106
Trd, 258608.417, 107
Trd, 258608.450, 84
Trd, 258608.550, 83
Trd, 258608.583, 108
Trd, 258609.017, 67
Trd, 258609.300, 66
Trd, 258609.333, 68
Trd, 258609.600, 74
Trd, 258609.700, 85
Trd, 258609.800, 87
Trd, 258610.133, 68
Trd, 258610.333, 124
Trd, 258611.200, 140
Trd, 258612.350, 140
Trd, 258612.617, 140
Trd, 258612.750, 140
Trd, 258612.950, 140
Trd, 258613.100, 140
Trd, 258613.167, 140
Trd, 258613.400, 140
Trd, 258613.467, 140
Trd, 258613.617, 135
Trd, 258614.033, 134
Trd, 258614.217, 138
Trd, 258614.700, 139
Trd, 258614.833, 139
Trd, 258614.950, 123
Trd, 258615.200, 113
Trd, 258615.283, 112
Trd, 258616.000, 140
Trd, 258616.767, 140
Trd, 258616.850, 140
Trd, 258617.383, 140
Trd, 258617.417, 140
Trd, 258617.450, 140
Trd, 258618.033, 140
Trd, 258618.267, 140
Trd, 258618.300, 140
Trd, 258618.450, 139
Trd, 258618.600, 138
Trd, 258618.667, 139
Trd, 258619.267, 137
Trd, 258619.300, 138
Trd, 258619.483, 129
Trd, 258619.600, 117
Trd, 258619.650, 140
Trd, 258619.717, 140
Trd, 258619.817, 112
Trd, 258619.950, 103
Trd, 258620.100, 104
Trd, 258620.167, 102
Trd, 258620.467, 105
Trd, 258621.183, 139
Trd, 258621.400, 130
Trd, 258621.433, 129
Trd, 258621.583, 117
Trd, 258621.733, 118
Trd, 258622.000, 90
Trd, 258622.017, 89
Trd, 258622.867, 140
Trd, 258623.167, 131
Trd, 258623.500, 139
Trd, 258624.033, 133
Trd, 258624.183, 133
Trd, 258624.300, 133
Trd, 258624.317, 132
Trd, 258624.550, 127
Trd, 258624.633, 126
Trd, 258624.933, 98
Trd, 258625.083, 128
Trd, 258625.383, 112
Trd, 258625.600, 128
Trd, 258625.617, 129
Trd, 258625.700, 107
Trd, 258625.717, 103
Trd, 258625.750, 93
Trd, 258626.700, 115
Trd, 258626.883, 139
Trd, 258627.000, 138
Trd, 258627.317, 120
Trd, 258627.833, 119
Trd, 258627.983, 120
Trd, 258628.000, 122
Trd, 258628.267, 121
Trd, 258628.700, 125
Trd, 258629.250, 140
Trd, 258629.433, 140
Trd, 258629.467, 140
Trd, 258629.583, 125
Trd, 258629.967, 133
Trd, 258630.100, 117
Trd, 258630.283, 114
Trd, 258630.383, 113
Trd, 258630.633, 115
Trd, 258630.683, 116
Trd, 258630.750, 102
Trd, 258631.417, 114
Trd, 258631.500, 129
Trd, 258631.617, 92
Trd, 258631.817, 90
Trd, 258631.900, 86
Trd, 258631.917, 127
Trd, 258632.183, 110
Trd, 258632.483, 115
Trd, 258632.583, 128
Trd, 258633.133, 82
Trd, 258633.167, 80
Trd, 258633.917, 125
Trd, 258634.017, 129
Trd, 258634.117, 128
Trd, 258634.417, 127
Trd, 258634.817, 102
Trd, 258634.950, 97
Trd, 258635.150, 129
Trd, 258635.333, 117
Trd, 258635.367, 96
Trd, 258635.533, 101
Trd, 258635.617, 131
Trd, 258635.800, 123
Trd, 258636.100, 140
Trd, 258636.267, 140
Trd, 258636.600, 140
Trd, 258636.817, 110
Trd, 258637.200, 108
Trd, 258637.333, 102
Trd, 258637.433, 120
Trd, 258637.800, 101
Trd, 258637.833, 116
Trd, 258638.183, 116
Trd, 258638.317, 117
Trd, 258638.367, 121
Trd, 258638.750, 102
Trd, 258638.883, 104
Trd, 258638.933, 132
Trd, 258639.567, 132
Trd, 258639.767, 132
Trd, 258640.333, 139
Trd, 258640.517, 134
Trd, 258640.650, 134
Trd, 258640.850, 136
Trd, 258641.167, 140
Trd, 258641.483, 136
Trd, 258642.183, 140
Trd, 258642.950, 140
Trd, 258643.200, 140
Trd, 258643.317, 140
Trd, 258643.567, 140
Trd, 258644.017, 132
Trd, 258644.233, 137
Trd, 258644.617, 114
Trd, 258644.667, 130
Trd, 258644.683, 131
Trd, 258644.733, 131
Trd, 258645.033, 96
Trd, 258645.100, 101
Trd, 258645.217, 102
Trd, 258645.367, 95
Trd, 258645.383, 103
Trd, 258645.600, 95
Trd, 258645.767, 105
Trd, 258645.833, 94
Trd, 258646.633, 98
Trd, 258646.850, 99
Trd, 258646.883, 98
Trd, 258647.067, 81
Trd, 258647.183, 136
Trd, 258647.433, 140
Trd, 258647.533, 107
Trd, 258647.550, 89
Trd, 258648.283, 119
Trd, 258648.700, 119
Trd, 258648.900, 118
Trd, 258648.933, 117
Trd, 258649.000, 133
Trd, 258649.783, 110
Trd, 258649.883, 109
Trd, 258649.900, 108
Trd, 258650.533, 129
Trd, 258650.933, 132
Trd, 258651.100, 119
Trd, 258651.183, 120
Trd, 258651.667, 110
Trd, 258651.717, 96
Trd, 258651.800, 80
Trd, 258651.817, 79
Trd, 258651.983, 113
Trd, 258652.033, 70
Trd, 258652.217, 69
Trd, 258652.417, 115
Trd, 258652.467, 72
Trd, 258652.500, 117
Trd, 258652.717, 71
Trd, 258652.800, 73
Trd, 258652.850, 73
Trd, 258652.883, 74
Trd, 258653.433, 94
Trd, 258653.467, 86
Trd, 258653.967, 120
Trd, 258654.067, 96
Trd, 258654.267, 136
Trd, 258654.600, 140
Trd, 258654.850, 140
Trd, 258655.100, 140
Trd, 258655.317, 140
Trd, 258656.133, 140
Trd, 258656.267, 138
Trd, 258656.350, 137
Trd, 258656.400, 112
Trd, 258656.433, 140
Trd, 258657.300, 136
Trd, 258657.350, 135
Trd, 258657.383, 134
Trd, 258657.850, 136
Trd, 258657.933, 102
Trd, 258658.067, 92
Trd, 258658.100, 91
Trd, 258658.300, 97
Trd, 258658.467, 94
Trd, 258658.533, 98
Trd, 258658.750, 99
Trd, 258659.167, 136
Trd, 258659.250, 139
Trd, 258660.350, 134
Trd, 258660.483, 133
Trd, 258660.550, 132
Trd, 258660.583, 134
Trd, 258660.733, 130
Trd, 258661.083, 130
Trd, 258661.133, 129
Trd, 258661.250, 129
Trd, 258661.300, 123
Trd, 258661.567, 135
Trd, 258661.633, 120
Trd, 258662.033, 124
Trd, 258662.533, 140
Trd, 258662.750, 140
Trd, 258663.117, 139
Trd, 258663.417, 134
Trd, 258663.467, 127
Trd, 258663.500, 120
Trd, 258663.867, 128
Trd, 258664.250, 140
Trd, 258664.650, 140
Trd, 258664.817, 140
Trd, 258665.433, 140
Trd, 258665.633, 140
Trd, 258666.867, 140
Trd, 258667.417, 140
Trd, 258667.667, 140
Trd, 258667.883, 140
Trd, 258667.917, 140
Trd, 258667.933, 140
Trd, 258668.067, 140
Trd, 258668.167, 140
Trd, 258668.233, 140
Trd, 258668.333, 140
Trd, 258668.433, 140
Trd, 258668.517, 140
Trd, 258668.567, 139
Trd, 258668.817, 130
Trd, 258668.833, 112
Trd, 258669.300, 132
Trd, 258669.850, 109
Trd, 258669.917, 106
Trd, 258669.967, 127
Trd, 258670.067, 128
Trd, 258670.133, 99
Trd, 258670.200, 121
Trd, 258670.367, 129
Trd, 258670.583, 134
Trd, 258670.733, 121
Trd, 258671.117, 102
Trd, 258671.200, 101
Trd, 258671.433, 105
Trd, 258671.500, 105
Trd, 258671.517, 104
Trd, 258671.750, 128
Trd, 258671.883, 96
Trd, 258672.083, 90
Trd, 258672.483, 125
Trd, 258672.733, 124
Trd, 258673.017, 125
Trd, 258673.150, 123
Trd, 258673.583, 123
Trd, 258673.600, 125
Trd, 258673.617, 126
Trd, 258673.650, 108
Trd, 258674.900, 140
Trd, 258674.983, 140
Trd, 258675.117, 140
Trd, 258675.500, 140
Trd, 258675.933, 140
Trd, 258676.300, 140
Trd, 258676.500, 140
Trd, 258677.400, 140
Trd, 258677.550, 140
Trd, 258677.783, 140
Trd, 258678.000, 140
Trd, 258678.050, 139
Trd, 258678.533, 140
Trd, 258678.617, 140
Trd, 258678.717, 140
Trd, 258678.733, 138
Trd, 258678.883, 140
Trd, 258679.050, 127
Trd, 258679.383, 125
Trd, 258679.433, 123
Trd, 258679.617, 125
Trd, 258679.817, 100
Trd, 258679.833, 101
Trd, 258679.917, 92
Trd, 258679.933, 108
Trd, 258680.400, 140
Trd, 258680.533, 139
Trd, 258680.600, 139
Trd, 258680.800, 140
Trd, 258680.950, 140
Trd, 258680.983, 138
Trd, 258681.183, 135
Trd, 258681.333, 119
Trd, 258681.450, 140
Trd, 258682.317, 134
Trd, 258682.433, 116
Trd, 258682.483, 115
Trd, 258684.133, 126
Trd, 258684.183, 125
Trd, 258684.483, 116
Trd, 258684.567, 112
Trd, 258684.583, 98
Trd, 258684.683, 98
Trd, 258684.950, 131
Trd, 258685.250, 95
Trd, 258686.000, 139
Trd, 258686.300, 138
Trd, 258686.717, 127
Trd, 258687.000, 116
Trd, 258687.083, 115
Trd, 258687.133, 114
Trd, 258687.167, 131
Trd, 258687.283, 113
Trd, 258687.333, 110
Trd, 258687.450, 101
Trd, 258687.767, 132
Trd, 258688.150, 131
Trd, 258688.283, 131
Trd, 258688.650, 124
Trd, 258688.917, 118
Trd, 258689.017, 123
Trd, 258689.033, 117
Trd, 258689.283, 116
Trd, 258689.800, 121
Trd, 258689.817, 122
Trd, 258690.150, 119
Trd, 258690.467, 121
Trd, 258690.533, 109
Trd, 258690.567, 96
Trd, 258690.633, 122
Trd, 258690.817, 95
Trd, 258691.183, 123
Trd, 258691.783, 125
Trd, 258691.817, 115
Trd, 258691.867, 114
Trd, 258692.500, 140
Trd, 258692.733, 140
Trd, 258692.900, 140
Trd, 258694.100, 140
Trd, 258694.317, 140
Trd, 258694.617, 140
Trd, 258694.650, 140
Trd, 258694.717, 139
Trd, 258694.950, 136
Trd, 258695.183, 140
Trd, 258695.450, 133
Trd, 258695.750, 133
Trd, 258696.250, 132
Trd, 258696.467, 132
Trd, 258696.633, 134
Trd, 258696.900, 129
Trd, 258697.233, 122
Trd, 258697.800, 110
Trd, 258697.883, 108
Trd, 258697.950, 107
Trd, 258698.050, 106
Trd, 258698.533, 110
Trd, 258698.550, 111
Trd, 258698.700, 94
Trd, 258699.567, 140
Trd, 258699.617, 140
Trd, 258699.917, 136
Trd, 258700.500, 140
Trd, 258700.517, 140
Trd, 258700.567, 139
Trd, 258700.617, 135
Trd, 258701.300, 130
Trd, 258701.367, 135
Trd, 258701.567, 140
Trd, 258701.750, 135
Trd, 258701.983, 140
Trd, 258702.000, 135
Trd, 258702.183, 134
Trd, 258702.267, 140
Trd, 258702.700, 140
Trd, 258703.417, 122
Trd, 258703.433, 120
Trd, 258703.883, 99
Trd, 258704.383, 111
Trd, 258704.550, 114
Trd, 258704.650, 115
Trd, 258704.833, 123
Trd, 258704.933, 122
Trd, 258705.500, 114
Trd, 258705.583, 130
Trd, 258705.750, 98
Trd, 258706.100, 130
Trd, 258706.417, 107
Trd, 258706.800, 128
Trd, 258706.883, 111
Trd, 258707.333, 129
Trd, 258707.350, 135
Trd, 258707.433, 125
Trd, 258707.517, 113
Trd, 258707.700, 140
Trd, 258707.900, 140
Trd, 258707.983, 139
Trd, 258708.067, 140
Trd, 258708.300, 139
Trd, 258708.367, 128
Trd, 258708.567, 122
Trd, 258708.767, 107
Trd, 258709.117, 113
Trd, 258709.217, 112
Trd, 258709.333, 106
Trd, 258709.733, 112
Trd, 258709.950, 98
Trd, 258710.383, 110
Trd, 258710.600, 99
Trd, 258710.767, 113
Trd, 258710.933, 111
Trd, 258710.967, 113
Trd, 258711.400, 99
Trd, 258711.733, 138
Trd, 258711.783, 133
Trd, 258712.383, 140
Trd, 258712.450, 140
Trd, 258712.500, 125
Trd, 258712.583, 99
Trd, 258712.733, 140
Trd, 258713.067, 140
Trd, 258713.100, 140
Trd, 258713.267, 124
Trd, 258713.400, 108
Trd, 258713.433, 129
Trd, 258713.517, 97
Trd, 258714.200, 138
Trd, 258714.833, 140
Trd, 258715.050, 140
Trd, 258715.100, 140
Trd, 258715.200, 140
Trd, 258715.383, 140
Trd, 258715.433, 139
Trd, 258715.917, 140
Trd, 258716.350, 140
Trd, 258716.517, 140
Trd, 258716.550, 139
Trd, 258716.567, 139
Trd, 258716.767, 139
Trd, 258716.833, 140
Trd, 258716.917, 138
Trd, 258717.150, 114
Trd, 258717.617, 104
Trd, 258717.633, 94
Trd, 258717.650, 92
Trd, 258717.683, 76
Trd, 258717.833, 105
Trd, 258718.500, 129
Trd, 258718.533, 128
Trd, 258718.683, 130
Trd, 258719.183, 120
Trd, 258719.317, 129
Trd, 258719.567, 132
Trd, 258719.717, 114
Trd, 258719.833, 89
Trd, 258719.850, 88
Trd, 258720.200, 60
Trd, 258720.217, 62
Trd, 258720.350, 74
Trd, 258720.517, 96
Trd, 258720.650, 89
Trd, 258721.083, 66
Trd, 258721.517, 76
Trd, 258721.783, 86
Trd, 258721.900, 87
Trd, 258721.933, 86
Trd, 258722.267, 86
Trd, 258722.400, 85
Trd, 258722.683, 84
Trd, 258722.783, 86
Trd, 258722.950, 81
Trd, 258723.083, 87
Trd, 258723.550, 125
Trd, 258723.750, 126
Trd, 258723.933, 135
Trd, 258724.050, 127
Trd, 258724.383, 140
Trd, 258724.750, 140
Trd, 258725.017, 140
Trd, 258725.100, 140
Trd, 258725.233, 140
Trd, 258725.300, 125
Trd, 258725.533, 136
Trd, 258725.867, 136
Trd, 258725.983, 139
Trd, 258726.317, 127
Trd, 258726.383, 126
Trd, 258726.467, 122
Trd, 258727.000, 103
Trd, 258727.067, 96
Trd, 258727.100, 116
Trd, 258727.417, 133
Trd, 258727.967, 134
Trd, 258728.183, 134
Trd, 258728.350, 135
Trd, 258728.717, 121
Trd, 258729.033, 120
Trd, 258729.183, 128
Trd, 258729.450, 119
Trd, 258729.500, 128
Trd, 258729.600, 134
Trd, 258729.650, 107
Trd, 258730.017, 114
Trd, 258730.167, 107
Trd, 258730.400, 77
Trd, 258730.683, 118
Trd, 258730.867, 80
Trd, 258731.400, 86
Trd, 258731.800, 77
Trd, 258732.300, 78
Trd, 258732.433, 106
Trd, 258732.617, 116
Trd, 258732.750, 120
Trd, 258732.983, 123
Trd, 258733.000, 126
Trd, 258733.283, 120
Trd, 258733.567, 126
Trd, 258733.750, 124
Trd, 258733.900, 127
Trd, 258734.367, 140
Trd, 258734.867, 140
Trd, 258734.933, 140
Trd, 258735.000, 140
Trd, 258735.717, 140
Trd, 258736.500, 140
Trd, 258736.700, 140
Trd, 258737.033, 140
Trd, 258737.333, 140
Trd, 258737.533, 140
Trd, 258738.117, 140
Trd, 258738.267, 140
Trd, 258738.500, 140
Trd, 258738.867, 140
Trd, 258738.983, 140
Trd, 258739.100, 140
Trd, 258739.167, 140
Trd, 258739.333, 139
Trd, 258739.450, 128
Trd, 258739.700, 139
Trd, 258739.983, 123
Trd, 258740.100, 124
Trd, 258740.200, 118
Trd, 258740.483, 119
Trd, 258740.550, 112
Trd, 258740.983, 122
Trd, 258741.000, 109
Trd, 258741.283, 125
Trd, 258741.367, 135
Trd, 258741.500, 128
Trd, 258741.667, 138
Trd, 258741.750, 130
Trd, 258741.967, 100
Trd, 258742.200, 124
Trd, 258742.683, 119
Trd, 258742.850, 113
Trd, 258743.267, 115
Trd, 258743.300, 116
Trd, 258743.317, 118
Trd, 258743.417, 115
Trd, 258744.283, 140
Trd, 258744.717, 140
Trd, 258745.100, 140
Trd, 258745.300, 140
Trd, 258746.117, 140
Trd, 258746.133, 139
Trd, 258746.267, 140
Trd, 258746.300, 133
Trd, 258746.500, 140
Trd, 258746.650, 135
Trd, 258746.800, 134
Trd, 258747.150, 140
Trd, 258747.167, 132
Trd, 258747.633, 139
Trd, 258748.117, 140
Trd, 258748.200, 137
Trd, 258748.433, 136
Trd, 258748.500, 138
Trd, 258748.533, 134
Trd, 258749.083, 122
Trd, 258749.133, 135
Trd, 258749.250, 122
Trd, 258749.333, 119
Trd, 258749.500, 112
Trd, 258749.633, 103
Trd, 258749.833, 124
Trd, 258749.883, 134
Trd, 258750.200, 96
Trd, 258750.750, 111
Trd, 258750.833, 115
Trd, 258751.117, 115
Trd, 258751.700, 113
Trd, 258751.800, 102
Trd, 258752.033, 105
Trd, 258752.100, 102
Trd, 258752.150, 101
Trd, 258752.467, 105
Trd, 258752.583, 105
Trd, 258752.750, 106
Trd, 258753.283, 140
Trd, 258753.450, 140
Trd, 258753.650, 140
Trd, 258753.667, 140
Trd, 258753.833, 140
Trd, 258753.850, 139
Trd, 258754.000, 113
Trd, 258754.083, 132
Trd, 258754.767, 140
Trd, 258755.467, 126
Trd, 258755.583, 119
Trd, 258755.733, 122
Trd, 258755.867, 117
Trd, 258756.133, 136
Trd, 258756.583, 118
Trd, 258756.600, 136
Trd, 258757.000, 134
Trd, 258757.100, 118
Trd, 258757.117, 117
Trd, 258757.267, 135
Trd, 258757.800, 116
Trd, 258757.833, 130
Trd, 258758.033, 116
Trd, 258758.050, 115
Trd, 258758.217, 131
Trd, 258758.783, 111
Trd, 258759.067, 112
Trd, 258759.433, 121
Trd, 258759.650, 135
Trd, 258760.117, 121
Trd, 258760.250, 120
Trd, 258760.350, 108
Trd, 258760.733, 102
Trd, 258760.983, 101
Trd, 258761.367, 110
Trd, 258761.417, 111
Trd, 258761.533, 88
Trd, 258761.550, 112
Trd, 258761.667, 112
Trd, 258761.867, 112
Trd, 258762.450, 84
Trd, 258762.583, 105
Trd, 258762.717, 88
Trd, 258762.767, 111
Trd, 258762.783, 113
Trd, 258763.017, 73
Trd, 258763.417, 97
Trd, 258763.800, 132
Trd, 258763.933, 96
Trd, 258764.050, 95
Trd, 258764.933, 140
Trd, 258765.150, 140
Trd, 258765.200, 140
Trd, 258765.517, 138
Trd, 258765.733, 125
Trd, 258765.950, 125
Trd, 258766.050, 135
Trd, 258766.150, 134
Trd, 258766.167, 131
Trd, 258766.833, 124
Trd, 258766.900, 126
Trd, 258767.233, 131
Trd, 258767.250, 122
Trd, 258767.283, 102
Trd, 258767.317, 132
Trd, 258767.383, 123
Trd, 258767.517, 104
Trd, 258768.300, 135
Trd, 258768.600, 136
Trd, 258768.650, 135
Trd, 258768.867, 134
Trd, 258769.033, 122
Trd, 258769.167, 121
Trd, 258769.283, 130
Trd, 258769.467, 131
Trd, 258769.633, 121
Trd, 258769.683, 120
Trd, 258769.717, 132
Trd, 258770.083, 133
Trd, 258770.533, 120
Trd, 258770.983, 133
Trd, 258771.250, 138
Trd, 258771.717, 134
Trd, 258772.167, 126
Trd, 258772.433, 125
Trd, 258772.733, 119
Trd, 258772.817, 140
Trd, 258772.967, 134
Trd, 258773.000, 124
Trd, 258773.183, 117
Trd, 258773.300, 109
Trd, 258773.967, 136
Trd, 258774.850, 140
Trd, 258775.300, 140
Trd, 258775.317, 140
Trd, 258775.517, 140
Trd, 258775.583, 140
Trd, 258775.850, 140
Trd, 258776.183, 140
Trd, 258776.267, 140
Trd, 258776.700, 140
Trd, 258776.717, 139
Trd, 258776.983, 139
Trd, 258777.283, 138
Trd, 258777.367, 137
Trd, 258777.450, 137
Trd, 258777.650, 136
Trd, 258777.683, 127
Trd, 258777.950, 137
Trd, 258778.150, 137
Trd, 258778.200, 136
Trd, 258778.633, 123
Trd, 258778.683, 110
Trd, 258779.583, 137
Trd, 258780.217, 130
Trd, 258780.317, 131
Trd, 258780.567, 129
Trd, 258780.617, 128
Trd, 258780.717, 128
Trd, 258780.883, 128
Trd, 258781.067, 130
Trd, 258781.317, 129
Trd, 258782.000, 129
Trd, 258782.367, 131
Trd, 258782.400, 130
Trd, 258782.450, 129
Trd, 258782.650, 139
Trd, 258782.683, 128
Trd, 258783.033, 103
Trd, 258783.433, 101
Trd, 258783.450, 116
Trd, 258783.733, 127
Trd, 258783.900, 127
Trd, 258784.100, 127
Trd, 258784.117, 126
Trd, 258784.150, 130
Trd, 258784.617, 140
Trd, 258784.717, 123
Trd, 258785.217, 131
Trd, 258785.450, 128
Trd, 258785.733, 125
Trd, 258786.100, 140
Trd, 258786.600, 126
Trd, 258786.633, 125
Trd, 258786.733, 124
Trd, 258787.000, 124
Trd, 258787.250, 106
Trd, 258787.483, 103
Trd, 258788.000, 114
Trd, 258788.133, 104
Trd, 258788.467, 109
Trd, 258788.567, 108
Trd, 258788.617, 110
Trd, 258788.817, 114
Trd, 258788.833, 115
Trd, 258789.217, 108
Trd, 258789.333, 117
Trd, 258789.517, 118
Trd, 258789.617, 115
Trd, 258789.700, 121
Trd, 258789.767, 115
Trd, 258789.917, 114
Trd, 258790.067, 139
Trd, 258790.117, 139
Trd, 258790.283, 107
Trd, 258790.700, 103
Trd, 258790.750, 134
Trd, 258791.250, 100
Trd, 258791.317, 102
Trd, 258791.417, 98
Trd, 258791.700, 100
Trd, 258792.150, 98
Trd, 258792.250, 96
Trd, 258792.283, 137
Trd, 258792.517, 139
Trd, 258792.533, 138
Trd, 258792.750, 133
Trd, 258793.117, 137
Trd, 258793.550, 105
Trd, 258793.617, 136
Trd, 258793.967, 104
Trd, 258794.317, 139
Trd, 258794.417, 126
Trd, 258794.533, 111
Trd, 258794.600, 101
Trd, 258794.617, 96
Trd, 258795.567, 139
Trd, 258795.600, 140
Trd, 258796.250, 138
Trd, 258796.817, 140
Trd, 258796.867, 140
Trd, 258796.883, 140
Trd, 258796.900, 137
Trd, 258798.000, 137
Trd, 258798.183, 135
Trd, 258798.600, 138
Trd, 258798.633, 137
Trd, 258798.750, 139
Trd, 258799.050, 135
Trd, 258799.200, 135
Trd, 258799.317, 134
Trd, 258799.500, 107
Trd, 258799.850, 108
Trd, 258799.950, 108
Trd, 258799.967, 129
Trd, 258800.000, 107
Trd, 258800.500, 128
Trd, 258800.533, 126
Trd, 258800.883, 80
Trd, 258800.950, 137
Trd, 258801.500, 85
Trd, 258801.583, 79
Trd, 258801.933, 81
Trd, 258802.067, 104
Trd, 258802.367, 139
Trd, 258802.800, 140
Trd, 258802.833, 100
Trd, 258803.300, 140
Trd, 258803.483, 140
Trd, 258804.483, 140
Trd, 258804.733, 140
Trd, 258805.483, 140
Trd, 258805.633, 140
Trd, 258806.600, 140
Trd, 258806.717, 140
Trd, 258806.733, 140
Trd, 258806.850, 140
Trd, 258806.867, 140
Trd, 258806.967, 140
Trd, 258807.033, 140
Trd, 258807.100, 140
Trd, 258807.183, 140
Trd, 258807.583, 140
Trd, 258807.617, 139
Trd, 258807.650, 140
Trd, 258807.750, 139
Trd, 258807.800, 138
Trd, 258807.950, 140
Trd, 258808.050, 140
Trd, 258808.267, 99
Trd, 258808.300, 98
Trd, 258809.267, 139
Trd, 258809.767, 132
Trd, 258809.800, 131
Trd, 258810.100, 133
Trd, 258810.200, 132
Trd, 258810.750, 128
Trd, 258810.883, 112
Trd, 258810.950, 128
Trd, 258811.683, 109
Trd, 258811.850, 113
Trd, 258812.283, 118
Trd, 258812.317, 108
Trd, 258812.367, 84
Trd, 258812.467, 119
Trd, 258812.600, 108
Trd, 258813.283, 118
Trd, 258813.300, 107
Trd, 258813.333, 107
Trd, 258813.450, 119
Trd, 258813.467, 100
Trd, 258813.633, 95
Trd, 258813.817, 83
Trd, 258814.133, 111
Trd, 258814.250, 110
Trd, 258814.267, 99
Trd, 258814.317, 119
Trd, 258814.533, 120
Trd, 258814.933, 138
Trd, 258815.300, 139
Trd, 258815.683, 140
Trd, 258816.333, 140
Trd, 258816.400, 140
Trd, 258816.583, 140
Trd, 258817.033, 140
Trd, 258817.417, 140
Trd, 258817.533, 140
Trd, 258817.733, 140
Trd, 258818.150, 140
Trd, 258818.767, 140
Trd, 258818.817, 140
Trd, 258818.983, 140
Trd, 258819.133, 140
Trd, 258819.483, 140
Trd, 258819.600, 140
Trd, 258819.700, 140
Trd, 258819.750, 128
Trd, 258819.900, 126
Trd, 258820.167, 140
Trd, 258820.300, 140
Trd, 258820.833, 140
Trd, 258820.850, 139
Trd, 258820.867, 138
Trd, 258821.083, 129
Trd, 258821.667, 139
Trd, 258822.517, 138
Trd, 258822.700, 124
Trd, 258823.117, 127
Trd, 258823.217, 121
Trd, 258823.517, 140
Trd, 258823.633, 140
Trd, 258823.650, 139
Trd, 258823.750, 119
Trd, 258824.050, 117
Trd, 258824.167, 130
Trd, 258824.200, 132
Trd, 258824.367, 108
Trd, 258824.600, 112
Trd, 258824.717, 131
Trd, 258824.967, 128
Trd, 258825.050, 129
Trd, 258825.133, 130
Trd, 258825.967, 126
Trd, 258826.217, 124
Trd, 258826.350, 120
Trd, 258826.417, 118
Trd, 258826.500, 109
Trd, 258826.767, 133
Trd, 258827.183, 118
Trd, 258827.483, 111
Trd, 258827.800, 139
Trd, 258827.900, 119
Trd, 258828.667, 120
Trd, 258828.750, 119
Trd, 258829.033, 137
Trd, 258829.283, 137
Trd, 258830.200, 138
Trd, 258830.367, 138
Trd, 258830.450, 137
Trd, 258830.483, 137
Trd, 258830.533, 116
Trd, 258830.750, 137
Trd, 258830.867, 111
Trd, 258830.983, 87
Trd, 258831.083, 97
Trd, 258831.283, 90
Trd, 258831.533, 103
Trd, 258831.567, 104
Trd, 258831.767, 70
Trd, 258831.833, 105
Trd, 258831.933, 106
Trd, 258831.967, 107
Trd, 258832.067, 74
Trd, 258832.367, 139
Trd, 258833.067, 74
Trd, 258833.117, 73
Trd, 258833.233, 74
Trd, 258833.300, 75
Trd, 258833.317, 78
Trd, 258833.400, 85
Trd, 258834.450, 140
Trd, 258834.650, 138
Trd, 258834.783, 140
Trd, 258834.800, 138
Trd, 258835.750, 136
Trd, 258835.983, 140
Trd, 258836.150, 140
Trd, 258836.250, 140
Trd, 258836.467, 140
Trd, 258836.950, 137
Trd, 258837.917, 140
Trd, 258838.300, 139
Trd, 258838.400, 138
Trd, 258838.467, 123
Trd, 258838.567, 114
Trd, 258838.850, 112
Trd, 258838.933, 139
Trd, 258839.250, 135
Trd, 258839.950, 120
Trd, 258840.250, 128
Trd, 258840.333, 117
Trd, 258840.417, 110
Trd, 258840.900, 114
Trd, 258840.983, 114
Trd, 258841.000, 115
Trd, 258841.200, 114
Trd, 258841.267, 113
Trd, 258841.350, 124
Trd, 258841.400, 111
Trd, 258841.433, 110
Trd, 258841.733, 126
Trd, 258841.800, 105
Trd, 258842.533, 101
Trd, 258842.917, 113
Trd, 258842.950, 108
Trd, 258843.200, 96
Trd, 258843.450, 114
Trd, 258843.733, 116
Trd, 258843.767, 117
Trd, 258844.050, 121
Trd, 258844.133, 116
Trd, 258844.267, 116
Trd, 258845.033, 140
Trd, 258845.050, 140
Trd, 258845.117, 139
Trd, 258845.167, 138
Trd, 258845.500, 138
Trd, 258845.567, 130
Trd, 258845.633, 129
Trd, 258846.000, 140
Trd, 258846.350, 140
Trd, 258846.450, 140
Trd, 258846.483, 134
Trd, 258846.667, 103
Trd, 258846.800, 124
Trd, 258847.200, 137
Trd, 258847.333, 140
Trd, 258847.950, 140
Trd, 258848.017, 97
Trd, 258848.450, 106
Trd, 258848.467, 127
Trd, 258848.567, 94
Trd, 258848.683, 124
Trd, 258849.033, 77
Trd, 258849.100, 78
Trd, 258849.317, 81
Trd, 258849.367, 93
Trd, 258849.400, 107
Trd, 258849.683, 84
Trd, 258849.833, 63
Trd, 258850.217, 75
Trd, 258850.233, 105
Trd, 258850.583, 60
Trd, 258851.250, 65
Trd, 258851.283, 65
Trd, 258851.300, 64
Trd, 258851.317, 67
Trd, 258851.383, 81
Trd, 258851.617, 105
Trd, 258851.667, 68
Trd, 258851.883, 63
Trd, 258852.817, 120
Trd, 258853.117, 75
Trd, 258853.183, 74
Trd, 258853.233, 75
Trd, 258853.250, 72
Trd, 258853.367, 76
Trd, 258853.600, 72
Trd, 258853.667, 71
Trd, 258854.183, 74
Trd, 258854.400, 134
Trd, 258855.283, 140
Trd, 258855.300, 140
Trd, 258855.383, 138
Trd, 258855.783, 139
Trd, 258856.233, 133
Trd, 258856.283, 132
Trd, 258856.483, 136
Trd, 258856.500, 135
Trd, 258856.533, 138
Trd, 258857.433, 134
Trd, 258857.483, 133
Trd, 258857.800, 126
Trd, 258857.933, 127
Trd, 258858.117, 117
Trd, 258858.317, 128
Trd, 258858.983, 131
Trd, 258859.267, 132
Trd, 258859.417, 131
Trd, 258859.450, 129
Trd, 258859.700, 126
Trd, 258859.983, 123
Trd, 258860.150, 131
Trd, 258860.283, 131
Trd, 258860.333, 133
Trd, 258860.467, 109
Trd, 258860.667, 92
Trd, 258860.917, 128
Trd, 258861.000, 136
Trd, 258861.817, 140
Trd, 258861.867, 140
Trd, 258861.883, 140
Trd, 258861.967, 140
Trd, 258862.300, 140
Trd, 258862.383, 140
Trd, 258862.583, 140
Trd, 258862.933, 140
Trd, 258863.083, 140
Trd, 258863.967, 140
Trd, 258864.300, 140
Trd, 258864.367, 140
Trd, 258864.383, 140
Trd, 258864.417, 140
Trd, 258864.817, 127
Trd, 258865.067, 117
Trd, 258865.833, 131
Trd, 258866.083, 114
Trd, 258866.167, 130
Trd, 258866.400, 120
Trd, 258866.600, 131
Trd, 258866.617, 116
Trd, 258866.783, 132
Trd, 258867.200, 93
Trd, 258867.233, 127
Trd, 258867.567, 93
Trd, 258867.950, 126
Trd, 258868.050, 109
Trd, 258868.133, 95
Trd, 258868.233, 108
Trd, 258868.250, 92
Trd, 258868.750, 121
Trd, 258868.850, 81
Trd, 258869.883, 140
Trd, 258870.167, 140
Trd, 258870.200, 140
Trd, 258870.367, 140
Trd, 258870.417, 140
Trd, 258870.767, 140
Trd, 258870.800, 138
Trd, 258870.867, 140
Trd, 258871.017, 114
Trd, 258871.150, 119
Trd, 258871.933, 120
Trd, 258872.033, 119
Trd, 258872.067, 82
Trd, 258873.317, 140
Trd, 258873.533, 140
Trd, 258873.933, 140
Trd, 258874.233, 140
Trd, 258874.267, 140
Trd, 258874.667, 140
Trd, 258874.917, 140
Trd, 258874.983, 140
Trd, 258875.000, 140
Trd, 258875.100, 140
Trd, 258875.283, 139
Trd, 258875.500, 124
Trd, 258875.650, 111
Trd, 258876.850, 139
Trd, 258876.883, 138
Trd, 258877.167, 138
Trd, 258877.367, 140
Trd, 258877.400, 140
Trd, 258877.617, 140
Trd, 258877.983, 135
Trd, 258878.117, 126
Trd, 258878.800, 132
Trd, 258879.283, 134
Trd, 258879.300, 111
Trd, 258879.383, 135
Trd, 258879.400, 136
Trd, 258879.567, 110
Trd, 258880.133, 140
Trd, 258880.533, 140
Trd, 258880.617, 140
Trd, 258881.283, 140
Trd, 258881.333, 140
Trd, 258881.383, 140
Trd, 258881.867, 140
Trd, 258882.633, 140
Trd, 258882.767, 140
Trd, 258883.017, 140
Trd, 258883.067, 140
Trd, 258883.517, 138
Trd, 258883.567, 139
Trd, 258883.583, 134
Trd, 258883.650, 134
Trd, 258883.733, 139
Trd, 258883.783, 137
Trd, 258883.867, 140
Trd, 258884.383, 118
Trd, 258884.717, 137
Trd, 258884.733, 119
Trd, 258884.833, 114
Trd, 258885.050, 138
Trd, 258885.450, 140
Trd, 258885.800, 140
Trd, 258886.233, 140
Trd, 258886.317, 139
Trd, 258886.500, 102
Trd, 258886.533, 97
Trd, 258887.183, 95
Trd, 258887.433, 137
Trd, 258887.483, 114
Trd, 258887.833, 139
Trd, 258888.383, 134
Trd, 258888.417, 131
Trd, 258888.650, 134
Trd, 258888.700, 132
Trd, 258888.883, 131
Trd, 258889.033, 129
Trd, 258889.183, 127
Trd, 258889.583, 91
Trd, 258889.767, 105
Trd, 258889.833, 86
Trd, 258890.117, 113
Trd, 258890.317, 114
Trd, 258890.550, 116
Trd, 258890.667, 117
Trd, 258890.750, 113
Trd, 258890.867, 118
Trd, 258891.250, 89
Trd, 258891.617, 127
Trd, 258891.667, 98
Trd, 258891.917, 115
Trd, 258892.183, 89
Trd, 258892.300, 110
Trd, 258892.467, 119
Trd, 258892.483, 89
Trd, 258892.933, 120
Trd, 258893.167, 107
Trd, 258893.333, 95
Trd, 258893.633, 104
Trd, 258893.700, 104
Trd, 258893.767, 95
Trd, 258893.867, 103
Trd, 258893.933, 94
Trd, 258894.150, 93
Trd, 258894.250, 103
Trd, 258894.733, 96
Trd, 258895.367, 99
Trd, 258895.733, 104
Trd, 258895.867, 116
Trd, 258896.400, 123
Trd, 258896.950, 107
Trd, 258897.217, 107
Trd, 258897.350, 120
Trd, 258897.500, 138
Trd, 258897.850, 127
Trd, 258898.300, 132
Trd, 258898.317, 131
Trd, 258898.367, 109
Trd, 258898.417, 133
Trd, 258898.450, 132
Trd, 258898.650, 129
Trd, 258898.783, 106
Trd, 258898.850, 106
Trd, 258899.183, 121
Trd, 258899.267, 135
Trd, 258899.617, 119
Trd, 258899.633, 117
Trd, 258900.133, 140
Trd, 258900.867, 140
Trd, 258900.950, 140
Trd, 258901.100, 140
Trd, 258901.233, 140
Trd, 258902.300, 140
Trd, 258902.650, 140
Trd, 258902.817, 140
Trd, 258903.517, 140
Trd, 258903.850, 140
Trd, 258903.900, 140
Trd, 258904.050, 140
Trd, 258904.267, 140
Trd, 258904.400, 140
Trd, 258904.517, 140
Trd, 258904.533, 140
Trd, 258905.100, 140
Trd, 258905.283, 140
Trd, 258905.400, 139
Trd, 258905.550, 139
Trd, 258905.867, 140
Trd, 258905.933, 139
Trd, 258906.183, 137
Trd, 258906.250, 137
Trd, 258906.283, 136
Trd, 258906.333, 134
Trd, 258906.467, 119
Trd, 258906.733, 137
Trd, 258907.267, 112
Trd, 258907.650, 81
Trd, 258907.750, 79
Trd, 258908.450, 124
Trd, 258908.517, 100
Trd, 258908.733, 126
Trd, 258909.017, 132
Trd, 258909.450, 132
Trd, 258909.483, 133
Trd, 258909.867, 111
Trd, 258910.650, 110
Trd, 258910.733, 102
Trd, 258911.083, 123
Trd, 258911.167, 113
Trd, 258911.350, 76
Trd, 258911.667, 71
Trd, 258911.683, 73
Trd, 258911.833, 74
Trd, 258912.000, 69
Trd, 258912.050, 70
Trd, 258912.083, 71
Trd, 258912.117, 69
Trd, 258912.167, 68
Trd, 258912.567, 73
Trd, 258912.617, 112
Trd, 258912.750, 67
Trd, 258912.933, 88
Trd, 258913.267, 108
Trd, 258913.433, 107
Trd, 258913.917, 83
Trd, 258914.100, 123
Trd, 258914.333, 101
Trd, 258914.350, 124
Trd, 258914.367, 69
Trd, 258914.483, 123
Trd, 258914.883, 129
Trd, 258915.217, 122
Trd, 258915.550, 107
Trd, 258915.617, 85
Trd, 258915.733, 113
Trd, 258915.967, 140
Trd, 258916.417, 140
Trd, 258916.933, 140
Trd, 258916.950, 140
Trd, 258917.000, 140
Trd, 258917.217, 140
Trd, 258917.283, 140
Trd, 258918.167, 140
Trd, 258918.600, 128
Trd, 258918.933, 140
Trd, 258918.950, 140
Trd, 258919.183, 139
Trd, 258919.250, 139
Trd, 258920.033, 140
Trd, 258920.200, 140
Trd, 258920.383, 140
Trd, 258920.517, 140
Trd, 258920.717, 136
Trd, 258921.000, 135
Trd, 258921.183, 133
Trd, 258921.233, 139
Trd, 258921.550, 110
Trd, 258921.733, 111
Trd, 258921.883, 111
Trd, 258922.050, 109
Trd, 258922.250, 133
Trd, 258922.350, 131
Trd, 258922.400, 103
Trd, 258922.467, 116
Trd, 258922.500, 117
Trd, 258922.683, 133
Trd, 258922.817, 89
Trd, 258922.967, 90
Trd, 258923.117, 133
Trd, 258924.067, 130
Trd, 258924.400, 101
Trd, 258924.800, 105
Trd, 258925.150, 108
Trd, 258925.433, 102
Trd, 258926.000, 138
Trd, 258926.050, 137
Trd, 258926.417, 139
Trd, 258926.883, 140
Trd, 258927.250, 140
Trd, 258928.133, 140
Trd, 258928.150, 140
Trd, 258928.183, 140
Trd, 258928.250, 140
Trd, 258928.567, 140
Trd, 258928.650, 140
Trd, 258928.717, 140
Trd, 258929.100, 140
Trd, 258929.500, 140
Trd, 258929.550, 140
Trd, 258929.633, 140
Trd, 258929.650, 139
Trd, 258930.633, 140
Trd, 258930.650, 140
Trd, 258930.683, 139
Trd, 258930.817, 139
Trd, 258931.617, 140
Trd, 258931.650, 140
Trd, 258931.783, 140
Trd, 258931.950, 134
Trd, 258932.350, 140
Trd, 258932.900, 140
Trd, 258933.133, 140
Trd, 258933.150, 140
Trd, 258933.183, 140
Trd, 258933.683, 138
Trd, 258934.083, 134
Trd, 258934.100, 133
Trd, 258934.233, 133
Trd, 258934.433, 133
Trd, 258934.667, 132
Trd, 258934.717, 132
Trd, 258935.183, 124
Trd, 258935.450, 123
Trd, 258935.567, 118
Trd, 258936.000, 136
Trd, 258936.500, 110
Trd, 258936.617, 100
Trd, 258936.700, 119
Trd, 258937.083, 100
Trd, 258937.217, 122
Trd, 258937.300, 123
Trd, 258937.433, 124
Trd, 258937.550, 127
Trd, 258937.733, 131
Trd, 258937.750, 100
Trd, 258937.850, 106
Trd, 258937.900, 92
Trd, 258938.000, 90
Trd, 258938.083, 90
Trd, 258938.417, 87
Trd, 258938.550, 86
Trd, 258938.950, 102
Trd, 258939.267, 108
Trd, 258939.933, 90
Trd, 258940.017, 108
Trd, 258940.167, 122
Trd, 258940.367, 121
Trd, 258940.817, 121
Trd, 258940.850, 123
Trd, 258941.050, 120
Trd, 258941.350, 89
Trd, 258941.917, 138
Trd, 258942.267, 138
Trd, 258942.333, 137
Trd, 258942.617, 105
Trd, 258943.350, 140
Trd, 258943.967, 140
Trd, 258944.150, 140
Trd, 258944.183, 140
Trd, 258944.233, 127
Trd, 258944.400, 126
Trd, 258944.517, 139
Trd, 258944.617, 139
Trd, 258944.850, 124
Trd, 258945.283, 138
Trd, 258945.717, 126
Trd, 258945.817, 125
Trd, 258946.167, 124
Trd, 258946.217, 132
Trd, 258946.433, 122
Trd, 258946.717, 118
Trd, 258947.133, 125
Trd, 258947.317, 132
Trd, 258948.083, 132
Trd, 258948.117, 118
Trd, 258948.367, 137
Trd, 258948.567, 138
Trd, 258948.867, 138
Trd, 258948.933, 136
Trd, 258948.983, 134
Trd, 258950.133, 140
Trd, 258950.250, 140
Trd, 258950.517, 140
Trd, 258950.583, 140
Trd, 258950.617, 140
Trd, 258950.717, 140
Trd, 258951.033, 127
Trd, 258951.300, 121
Trd, 258951.483, 125
Trd, 258951.550, 110
Trd, 258951.683, 91
Trd, 258951.967, 125
Trd, 258952.217, 91
Trd, 258952.717, 92
Trd, 258952.933, 105
Trd, 258953.017, 106
Trd, 258953.200, 105
Trd, 258953.350, 108
Trd, 258953.550, 124
Trd, 258953.633, 95
Trd, 258954.317, 125
Trd, 258954.350, 105
Trd, 258954.550, 138
Trd, 258955.133, 140
Trd, 258955.183, 140
Trd, 258955.300, 140
Trd, 258955.383, 140
Trd, 258955.883, 140
Trd, 258955.950, 140
Trd, 258956.033, 140
Trd, 258956.617, 140
Trd, 258956.850, 140
Trd, 258957.017, 140
Trd, 258957.167, 139
Trd, 258957.233, 116
Trd, 258957.617, 140
Trd, 258957.633, 135
Trd, 258957.850, 110
Trd, 258958.633, 136
Trd, 258958.900, 135
Trd, 258959.417, 135
Trd, 258959.600, 134
Trd, 258960.033, 114
Trd, 258960.067, 130
Trd, 258960.117, 112
Trd, 258960.267, 111
Trd, 258960.617, 129
Trd, 258960.633, 116
Trd, 258960.850, 116
Trd, 258960.917, 115
Trd, 258961.100, 135
Trd, 258961.300, 140
Trd, 258961.733, 140
Trd, 258962.517, 140
Trd, 258963.383, 140
Trd, 258963.583, 140
Trd, 258963.750, 140
Trd, 258963.817, 140
Trd, 258963.850, 140
Trd, 258963.867, 140
Trd, 258963.917, 140
Trd, 258963.967, 139
Trd, 258964.833, 140
Trd, 258964.883, 140
Trd, 258964.933, 140
Trd, 258965.033, 135
Trd, 258965.117, 134
Trd, 258965.433, 140
Trd, 258965.783, 137
Trd, 258965.833, 133
Trd, 258966.000, 139
Trd, 258966.517, 119
Trd, 258967.150, 139
Trd, 258967.333, 117
Trd, 258967.433, 135
Trd, 258967.583, 125
Trd, 258967.683, 136
Trd, 258968.183, 115
Trd, 258968.283, 114
Trd, 258968.533, 116
Trd, 258968.583, 96
Trd, 258968.617, 96
Trd, 258969.000, 138
Trd, 258969.067, 94
Trd, 258969.383, 135
Trd, 258969.650, 98
Trd, 258969.833, 137
Trd, 258970.400, 135
Trd, 258970.733, 118
Trd, 258970.917, 127
Trd, 258971.150, 118
Trd, 258971.250, 127
Trd, 258971.300, 104
Trd, 258971.383, 97
Trd, 258971.633, 91
Trd, 258971.650, 87
Trd, 258971.683, 84
Trd, 258971.717, 126
Trd, 258971.750, 127
Trd, 258972.383, 66
Trd, 258973.083, 97
Trd, 258973.167, 96
Trd, 258973.283, 89
Trd, 258973.483, 129
Trd, 258973.767, 91
Trd, 258973.833, 115
Trd, 258974.117, 127
Trd, 258974.250, 90
Trd, 258974.483, 128
Trd, 258974.667, 114
Trd, 258975.700, 114
Trd, 258975.817, 107
Trd, 258975.867, 106
Trd, 258975.983, 105
Trd, 258976.117, 97
Trd, 258976.150, 114
Trd, 258976.217, 115
Trd, 258976.700, 116
Trd, 258976.817, 117
Trd, 258976.883, 116
Trd, 258976.900, 119
Trd, 258977.117, 116
Trd, 258977.317, 127
Trd, 258977.383, 126
Trd, 258977.500, 117
Trd, 258978.433, 133
Trd, 258978.600, 135
Trd, 258978.817, 105
Trd, 258978.950, 109
Trd, 258979.183, 131
Trd, 258979.317, 127
Trd, 258979.417, 126
Trd, 258979.533, 120
Trd, 258979.617, 107
Trd, 258979.700, 130
Trd, 258980.150, 129
Trd, 258980.167, 106
Trd, 258980.533, 131
Trd, 258980.550, 132
Trd, 258980.600, 129
Trd, 258981.233, 140
Trd, 258981.333, 140
Trd, 258981.500, 140
Trd, 258981.683, 127
Trd, 258981.900, 138
Trd, 258982.300, 117
Trd, 258982.433, 127
Trd, 258982.567, 108
Trd, 258982.867, 107
Trd, 258983.233, 98
Trd, 258983.350, 98
Trd, 258983.667, 98
Trd, 258983.800, 99
Trd, 258983.833, 100
Trd, 258983.900, 98
Trd, 258984.167, 100
Trd, 258984.250, 102
Trd, 258984.783, 122
Trd, 258985.100, 105
Trd, 258985.267, 136
Trd, 258985.283, 101
Trd, 258985.383, 100
Trd, 258985.550, 100
Trd, 258985.783, 99
Trd, 258986.367, 105
Trd, 258986.550, 105
Trd, 258986.767, 105
Trd, 258986.900, 101
Trd, 258987.017, 103
Trd, 258987.617, 140
Trd, 258987.717, 140
Trd, 258987.783, 140
Trd, 258988.183, 140
Trd, 258988.817, 140
Trd, 258988.917, 140
Trd, 258989.000, 140
Trd, 258989.033, 140
Trd, 258989.750, 140
Trd, 258989.867, 140
Trd, 258990.133, 140
Trd, 258990.467, 139
Trd, 258990.650, 133
Trd, 258990.900, 125
Trd, 258990.983, 124
Trd, 258991.000, 107
Trd, 258991.217, 137
Trd, 258991.483, 135
Trd, 258991.867, 133
Trd, 258991.933, 108
Trd, 258992.417, 132
Trd, 258992.500, 131
Trd, 258992.567, 114
Trd, 258992.717, 134
Trd, 258992.800, 135
Trd, 258992.950, 113
Trd, 258993.533, 112
Trd, 258993.867, 104
Trd, 258994.117, 116
Trd, 258994.717, 113
Trd, 258994.850, 115
Trd, 258995.067, 98
Trd, 258995.100, 99
Trd, 258995.150, 97
Trd, 258995.167, 122
Trd, 258995.233, 123
Trd, 258995.300, 97
Trd, 258995.600, 119
Trd, 258995.817, 129
Trd, 258996.000, 132
Trd, 258996.117, 119
Trd, 258996.700, 97
Trd, 258996.850, 128
Trd, 258996.983, 128
Trd, 258997.200, 114
Trd, 258997.367, 125
Trd, 258997.550, 113
Trd, 258997.617, 97
Trd, 258997.717, 128
Trd, 258997.883, 96
Trd, 258997.983, 129
Trd, 258998.733, 139
Trd, 258998.833, 134
Trd, 258998.900, 133
Trd, 258999.250, 122
Trd, 258999.917, 139
Trd, 258999.967, 133
Trd, 259000.033, 132
Trd, 259000.283, 112
Trd, 259000.550, 138
Trd, 259000.733, 113
Trd, 259000.783, 106
Trd, 259000.867, 102
Trd, 259000.900, 124
Trd, 259001.200, 78
Trd, 259001.800, 76
Trd, 259001.850, 122
Trd, 259002.100, 121
Trd, 259002.267, 104
Trd, 259002.533, 125
Trd, 259002.800, 105
Trd, 259003.317, 104
Trd, 259003.400, 115
Trd, 259003.450, 116
Trd, 259003.517, 91
Trd, 259003.750, 139
Trd, 259004.200, 140
Trd, 259004.417, 123
Trd, 259004.483, 133
Trd, 259004.533, 140
Trd, 259004.633, 122
Trd, 259004.767, 118
Trd, 259005.250, 118
Trd, 259005.600, 118
Trd, 259005.733, 112
Trd, 259005.950, 140
Trd, 259006.367, 115
Trd, 259006.617, 137
Trd, 259007.433, 140
Trd, 259007.667, 140
Trd, 259007.767, 139
Trd, 259008.117, 139
Trd, 259008.167, 138
Trd, 259008.950, 140
Trd, 259009.050, 140
Trd, 259009.117, 140
Trd, 259009.200, 131
Trd, 259009.567, 140
Trd, 259009.733, 140
Trd, 259010.317, 140
Trd, 259010.383, 129
Trd, 259010.450, 128
Trd, 259010.500, 126
Trd, 259010.617, 112
Trd, 259010.833, 106
Trd, 259010.917, 106
Trd, 259011.383, 99
Trd, 259011.717, 140
Trd, 259011.900, 140
Trd, 259012.150, 140
Trd, 259012.167, 139
Trd, 259012.300, 140
Trd, 259012.367, 140
Trd, 259012.700, 139
Trd, 259013.433, 140
Trd, 259013.467, 140
Trd, 259013.767, 139
Trd, 259014.150, 125
Trd, 259014.217, 113
Trd, 259014.400, 120
Trd, 259014.633, 130
Trd, 259014.717, 113
Trd, 259015.017, 127
Trd, 259015.450, 125
Trd, 259015.783, 123
Trd, 259015.917, 124
Trd, 259016.017, 125
Trd, 259016.050, 123
Trd, 259016.367, 125
Trd, 259016.450, 126
Trd, 259016.617, 134
Trd, 259016.717, 125
Trd, 259017.550, 125
Trd, 259017.583, 126
Trd, 259017.700, 124
Trd, 259017.750, 122
Trd, 259017.967, 119
Trd, 259018.017, 126
Trd, 259018.517, 124
Trd, 259018.700, 128
Trd, 259019.300, 110
Trd, 259019.367, 107
Trd, 259019.383, 104
Trd, 259019.483, 96
Trd, 259019.700, 124
Trd, 259019.817, 73
Trd, 259019.950, 124
Trd, 259019.967, 68
Trd, 259020.617, 109
Trd, 259020.667, 110
Trd, 259020.750, 96
Trd, 259021.550, 69
Trd, 259021.633, 70
Trd, 259021.717, 71
Trd, 259022.000, 74
Trd, 259022.283, 138
Trd, 259022.517, 132
Trd, 259022.617, 115
Trd, 259023.250, 114
Trd, 259023.400, 113
Trd, 259023.433, 110
Trd, 259023.533, 128
Trd, 259023.600, 129
Trd, 259024.050, 116
Trd, 259024.500, 117
Trd, 259024.550, 116
Trd, 259024.800, 116
Trd, 259024.983, 122
Trd, 259025.083, 132
Trd, 259025.433, 113
Trd, 259026.217, 140
Trd, 259026.283, 140
Trd, 259026.550, 140
Trd, 259026.650, 140
Trd, 259026.800, 140
Trd, 259026.867, 132
Trd, 259027.083, 131
Trd, 259027.100, 127
Trd, 259028.067, 139
Trd, 259028.167, 78
Trd, 259028.583, 78
Trd, 259028.817, 87
Trd, 259029.350, 111
Trd, 259029.533, 97
Trd, 259029.600, 112
Trd, 259029.750, 113
Trd, 259029.767, 115
Trd, 259029.983, 131
Trd, 259030.233, 126
Trd, 259030.733, 117
Trd, 259030.867, 115
Trd, 259031.067, 115
Trd, 259031.233, 114
Trd, 259031.667, 136
Trd, 259031.683, 138
Trd, 259031.817, 135
Trd, 259031.967, 108
Trd, 259031.983, 135
Trd, 259032.933, 124
Trd, 259033.117, 119
Trd, 259033.150, 125
Trd, 259033.783, 123
Trd, 259033.800, 122
Trd, 259034.067, 123
Trd, 259034.100, 124
Trd, 259034.283, 119
Trd, 259034.350, 128
Trd, 259034.417, 135
Trd, 259034.517, 139
Trd, 259034.567, 118
Trd, 259035.367, 104
Trd, 259035.983, 122
Trd, 259036.517, 121
Trd, 259036.733, 122
Trd, 259036.783, 102
Trd, 259036.817, 100
Trd, 259037.033, 140
Trd, 259037.400, 106
Trd, 259037.700, 114
Trd, 259037.933, 137
Trd, 259038.050, 140
Trd, 259038.100, 139
Trd, 259038.350, 140
Trd, 259038.383, 140
Trd, 259038.733, 140
Trd, 259038.833, 140
Trd, 259038.867, 137
Trd, 259039.200, 102
Trd, 259039.217, 108
Trd, 259039.533, 140
Trd, 259039.850, 140
Trd, 259040.183, 140
Trd, 259040.733, 105
Trd, 259040.783, 139
Trd, 259041.017, 99
Trd, 259041.233, 115
Trd, 259041.283, 114
Trd, 259041.333, 94
Trd, 259041.483, 102
Trd, 259042.050, 102
Trd, 259042.317, 98
Trd, 259042.383, 96
Trd, 259042.500, 114
Trd, 259042.783, 122
Trd, 259043.050, 97
Trd, 259043.483, 138
Trd, 259043.917, 119
Trd, 259044.083, 138
Trd, 259044.317, 138
Trd, 259044.650, 121
Trd, 259044.767, 120
Trd, 259044.817, 119
Trd, 259045.083, 136
Trd, 259045.150, 106
Trd, 259045.583, 111
Trd, 259045.650, 102
Trd, 259045.800, 118
Trd, 259045.817, 138
Trd, 259046.267, 106
Trd, 259046.417, 107
Trd, 259047.117, 137
Trd, 259047.150, 126
Trd, 259047.167, 124
Trd, 259047.383, 124
Trd, 259047.667, 123
Trd, 259048.233, 107
Trd, 259048.767, 111
Trd, 259048.833, 106
Trd, 259049.150, 112
Trd, 259049.333, 140
Trd, 259049.550, 140
Trd, 259049.850, 139
Trd, 259050.000, 139
Trd, 259050.467, 136
Trd, 259050.700, 137
Trd, 259050.867, 138
Trd, 259051.067, 137
Trd, 259051.167, 138
Trd, 259051.200, 137
Trd, 259051.317, 137
Trd, 259051.333, 140
Trd, 259051.533, 137
Trd, 259051.650, 136
Trd, 259051.833, 116
Trd, 259051.883, 134
Trd, 259051.967, 115
Trd, 259052.217, 117
Trd, 259052.467, 111
Trd, 259052.550, 110
Trd, 259052.967, 114
Trd, 259053.583, 129
Trd, 259053.800, 123
Trd, 259053.917, 122
Trd, 259054.017, 128
Trd, 259054.083, 121
Trd, 259054.533, 127
Trd, 259054.733, 121
Trd, 259054.783, 127
Trd, 259054.983, 129
Trd, 259055.100, 136
Trd, 259055.517, 135
Trd, 259056.050, 139
Trd, 259056.233, 134
Trd, 259056.300, 132
Trd, 259057.283, 135
Trd, 259057.433, 134
Trd, 259057.783, 114
Trd, 259058.333, 140
Trd, 259058.583, 140
Trd, 259058.783, 128
Trd, 259059.333, 140
Trd, 259059.817, 140
Trd, 259060.167, 140
Trd, 259060.283, 140
Trd, 259060.367, 140
Trd, 259060.400, 140
Trd, 259060.517, 140
Trd, 259060.633, 139
Trd, 259060.917, 140
Trd, 259061.017, 127
Trd, 259061.050, 114
Trd, 259061.283, 134
Trd, 259061.417, 133
Trd, 259061.450, 133
Trd, 259061.583, 113
Trd, 259062.100, 90
Trd, 259062.600, 100
Trd, 259062.733, 98
Trd, 259062.750, 100
Trd, 259063.050, 130
Trd, 259063.133, 124
Trd, 259063.367, 130
Trd, 259063.700, 109
Trd, 259063.817, 136
Trd, 259064.050, 108
Trd, 259064.250, 107
Trd, 259064.750, 106
Trd, 259065.067, 138
Trd, 259065.117, 105
Trd, 259065.400, 107
Trd, 259065.883, 140
Trd, 259065.917, 139
Trd, 259066.067, 140
Trd, 259066.083, 139
Trd, 259066.167, 88
Trd, 259066.350, 85
Trd, 259066.583, 118
Trd, 259066.667, 79
Trd, 259066.783, 124
Trd, 259066.933, 67
Trd, 259067.333, 96
Trd, 259067.383, 121
Trd, 259067.433, 124
Trd, 259067.883, 140
Trd, 259068.267, 134
Trd, 259069.567, 124
Trd, 259069.683, 124
Trd, 259069.733, 134
Trd, 259069.817, 125
Trd, 259070.067, 124
Trd, 259070.183, 123
Trd, 259070.200, 121
Trd, 259070.233, 132
Trd, 259070.400, 132
Trd, 259070.433, 119
Trd, 259071.000, 129
Trd, 259071.217, 130
Trd, 259071.433, 120
Trd, 259071.450, 119
Trd, 259072.183, 123
Trd, 259072.200, 122
Trd, 259072.600, 99
Trd, 259072.883, 139
Trd, 259073.650, 140
Trd, 259074.167, 140
Trd, 259074.317, 139
Trd, 259074.667, 139
Trd, 259074.833, 139
Trd, 259075.083, 137
Trd, 259075.233, 138
Trd, 259075.350, 139
Trd, 259075.683, 140
Trd, 259075.700, 138
Trd, 259075.783, 135
Trd, 259075.817, 128
Trd, 259076.733, 139
Trd, 259076.917, 138
Trd, 259076.967, 132
Trd, 259077.683, 140
Trd, 259077.867, 139
Trd, 259078.150, 140
Trd, 259078.517, 139
Trd, 259078.767, 134
Trd, 259078.967, 140
Trd, 259079.367, 126
Trd, 259079.717, 123
Trd, 259080.050, 125
Trd, 259080.233, 126
Trd, 259080.567, 125
Trd, 259080.750, 124
Trd, 259080.883, 123
Trd, 259080.950, 122
Trd, 259081.033, 124
Trd, 259081.067, 125
Trd, 259081.133, 126
Trd, 259081.483, 126
Trd, 259082.650, 140
Trd, 259082.700, 140
Trd, 259082.767, 140
Trd, 259083.367, 140
Trd, 259083.600, 140
Trd, 259083.633, 140
Trd, 259083.750, 140
Trd, 259083.767, 140
Trd, 259083.817, 140
Trd, 259083.883, 139
Trd, 259084.000, 125
Trd, 259084.067, 108
Trd, 259084.450, 138
Trd, 259084.650, 112
Trd, 259084.817, 108
Trd, 259085.083, 126
Trd, 259085.167, 112
Trd, 259085.817, 114
Trd, 259085.917, 113
Trd, 259086.067, 122
Trd, 259086.083, 113
Trd, 259086.483, 122
Trd, 259086.867, 121
Trd, 259087.083, 116
Trd, 259087.717, 117
Trd, 259088.083, 140
Trd, 259088.267, 140
Trd, 259088.517, 140
Trd, 259088.733, 140
Trd, 259088.917, 140
Trd, 259089.150, 140
Trd, 259089.583, 140
Trd, 259089.917, 140
Trd, 259090.100, 139
Trd, 259090.283, 139
Trd, 259090.433, 137
Trd, 259090.983, 137
Trd, 259091.267, 137
Trd, 259091.350, 134
Trd, 259091.433, 137
Trd, 259091.467, 135
Trd, 259091.667, 138
Trd, 259091.933, 135
Trd, 259092.267, 137
Trd, 259092.283, 136
Trd, 259092.350, 138
Trd, 259092.417, 134
Trd, 259092.467, 127
Trd, 259092.617, 112
Trd, 259092.633, 103
Trd, 259093.900, 137
Trd, 259093.917, 135
Trd, 259093.967, 133
Trd, 259094.133, 137
Trd, 259094.417, 109
Trd, 259095.017, 101
Trd, 259095.300, 140
Trd, 259095.750, 140
Trd, 259095.883, 140
Trd, 259096.000, 140
Trd, 259096.367, 140
Trd, 259096.650, 140
Trd, 259097.267, 140
Trd, 259097.317, 140
Trd, 259097.750, 140
Trd, 259098.033, 140
Trd, 259098.233, 128
Trd, 259098.833, 140
Trd, 259099.617, 140
Trd, 259099.683, 140
Trd, 259099.783, 140
Trd, 259099.833, 140
Trd, 259100.167, 140
Trd, 259100.183, 139
Trd, 259100.283, 138
Trd, 259100.367, 125
Trd, 259100.633, 124
Trd, 259100.833, 138
Trd, 259100.850, 123
Trd, 259101.050, 122
Trd, 259101.200, 121
Trd, 259101.567, 138
Trd, 259101.633, 137
Trd, 259102.117, 136
Trd, 259102.167, 121
Trd, 259102.233, 137
Trd, 259102.267, 121
Trd, 259102.350, 130
Trd, 259102.800, 137
Trd, 259102.817, 138
Trd, 259103.317, 139
Trd, 259103.350, 140
Trd, 259103.483, 138
Trd, 259103.517, 127
Trd, 259104.133, 136
Trd, 259104.300, 124
Trd, 259104.333, 124
Trd, 259104.767, 136
Trd, 259104.833, 123
Trd, 259105.300, 139
Trd, 259105.883, 140
Trd, 259106.000, 140
Trd, 259106.283, 140
Trd, 259106.433, 140
Trd, 259106.500, 139
Trd, 259107.083, 140
Trd, 259107.283, 139
Trd, 259107.300, 128
Trd, 259107.667, 137
Trd, 259107.683, 121
Trd, 259107.750, 119
Trd, 259108.000, 140
Trd, 259108.450, 129
Trd, 259108.917, 135
Trd, 259109.233, 135
Trd, 259109.733, 136
Trd, 259109.850, 137
Trd, 259109.933, 135
Trd, 259110.967, 140
Trd, 259111.033, 140
Trd, 259111.483, 140
Trd, 259111.600, 140
Trd, 259111.717, 140
Trd, 259112.500, 140
Trd, 259112.683, 140
Trd, 259112.767, 140
Trd, 259113.067, 140
Trd, 259113.200, 140
Trd, 259113.267, 134
Trd, 259113.333, 130
Trd, 259113.617, 134
Trd, 259113.983, 138
Trd, 259114.167, 133
Trd, 259114.383, 118
Trd, 259114.400, 117
Trd, 259114.567, 110
Trd, 259114.883, 100
Trd, 259114.917, 130
Trd, 259115.033, 123
Trd, 259115.433, 131
Trd, 259115.750, 133
Trd, 259116.300, 136
Trd, 259116.317, 139
Trd, 259116.383, 135
Trd, 259116.617, 127
Trd, 259117.050, 140
Trd, 259118.017, 140
Trd, 259118.567, 140
Trd, 259118.633, 140
Trd, 259118.783, 140
Trd, 259119.117, 140
Trd, 259119.267, 140
Trd, 259119.667, 140
Trd, 259120.083, 140
Trd, 259120.167, 140
Trd, 259120.333, 140
Trd, 259120.533, 140
Trd, 259120.650, 138
Trd, 259120.683, 137
Trd, 259120.750, 139
Trd, 259121.183, 138
Trd, 259121.567, 137
Trd, 259121.650, 128
Trd, 259122.033, 128
Trd, 259122.450, 128
Trd, 259122.700, 122
Trd, 259122.817, 94
Trd, 259123.017, 93
Trd, 259123.250, 109
Trd, 259123.317, 111
Trd, 259123.383, 100
Trd, 259123.783, 102
Trd, 259123.950, 112
Trd, 259124.450, 76
Trd, 259124.600, 78
Trd, 259124.800, 62
Trd, 259124.833, 105
Trd, 259124.883, 106
Trd, 259124.967, 108
Trd, 259125.050, 110
Trd, 259125.133, 114
Trd, 259125.300, 114
Trd, 259125.850, 140
Trd, 259126.017, 140
Trd, 259127.283, 140
Trd, 259127.400, 140
Trd, 259128.217, 140
Trd, 259128.317, 140
Trd, 259128.450, 140
Trd, 259128.617, 140
Trd, 259128.633, 140
Trd, 259129.017, 140
Trd, 259129.300, 140
Trd, 259129.367, 140
Trd, 259129.433, 140
Trd, 259129.467, 140
Trd, 259129.900, 140
Trd, 259130.017, 139
Trd, 259130.217, 140
Trd, 259130.550, 134
Trd, 259130.617, 120
Trd, 259131.017, 131
Trd, 259131.517, 131
Trd, 259131.850, 135
Trd, 259132.400, 132
Trd, 259132.450, 130
Trd, 259132.667, 127
Trd, 259132.700, 126
Trd, 259132.850, 128
Trd, 259132.883, 122
Trd, 259133.000, 111
Trd, 259133.383, 129
Trd, 259133.433, 117
Trd, 259133.533, 132
Trd, 259133.600, 116
Trd, 259133.617, 115
Trd, 259134.200, 140
Trd, 259134.367, 140
Trd, 259134.750, 133
Trd, 259135.350, 140
Trd, 259135.483, 139
Trd, 259135.517, 140
Trd, 259135.567, 139
Trd, 259135.683, 135
Trd, 259135.933, 109
Trd, 259135.950, 108
Trd, 259136.250, 98
Trd, 259136.650, 136
Trd, 259137.083, 139
Trd, 259137.317, 140
Trd, 259137.750, 137
Trd, 259137.833, 139
Trd, 259137.867, 140
Trd, 259137.900, 134
Trd, 259138.333, 137
Trd, 259138.867, 132
Trd, 259139.483, 136
Trd, 259139.500, 135
Trd, 259139.867, 136
Trd, 259139.967, 134
Trd, 259140.200, 134
Trd, 259140.233, 133
Trd, 259140.317, 107
Trd, 259140.367, 92
Trd, 259140.733, 105
Trd, 259141.050, 95
Trd, 259141.433, 135
Trd, 259141.467, 93
Trd, 259141.667, 95
Trd, 259141.817, 138
Trd, 259142.150, 139
Trd, 259142.300, 138
Trd, 259142.650, 140
Trd, 259142.717, 140
Trd, 259142.950, 138
Trd, 259143.317, 135
Trd, 259144.333, 140
Trd, 259144.367, 140
Trd, 259144.800, 140
Trd, 259145.117, 140
Trd, 259145.233, 136
Trd, 259145.250, 135
Trd, 259145.917, 127
Trd, 259146.100, 125
Trd, 259146.250, 124
Trd, 259146.517, 125
Trd, 259146.600, 125
Trd, 259146.633, 129
Trd, 259146.667, 124
Trd, 259146.700, 110
Trd, 259146.883, 138
Trd, 259146.967, 130
Trd, 259147.100, 109
Trd, 259147.267, 100
Trd, 259148.050, 100
Trd, 259148.150, 132
Trd, 259148.683, 117
Trd, 259148.700, 130
Trd, 259148.733, 117
Trd, 259148.767, 115
Trd, 259148.800, 131
Trd, 259148.933, 132
Trd, 259149.233, 131
Trd, 259149.583, 115
Trd, 259149.800, 104
Trd, 259150.117, 122
Trd, 259150.150, 100
Trd, 259150.267, 122
Trd, 259150.317, 99
Trd, 259150.883, 104
Trd, 259151.183, 82
Trd, 259151.583, 109
Trd, 259151.800, 110
Trd, 259152.083, 113
Trd, 259152.600, 128
Trd, 259152.700, 128
Trd, 259152.967, 127
Trd, 259153.083, 121
Trd, 259153.283, 101
Trd, 259153.483, 96
Trd, 259153.700, 124
Trd, 259153.833, 126
Trd, 259154.450, 126
Trd, 259155.067, 118
Trd, 259155.183, 118
Trd, 259155.733, 119
Trd, 259155.767, 129
Trd, 259155.883, 132
Trd, 259155.950, 119
Trd, 259156.417, 118
Trd, 259156.433, 117
Trd, 259156.550, 132
Trd, 259156.617, 110
Trd, 259157.150, 133
Trd, 259157.183, 118
Trd, 259157.283, 117
Trd, 259157.717, 112
Trd, 259157.800, 102
Trd, 259157.900, 99
Trd, 259158.083, 102
Trd, 259158.100, 135
Trd, 259159.133, 132
Trd, 259159.417, 136
Trd, 259159.783, 140
Trd, 259160.033, 129
Trd, 259160.300, 128
Trd, 259160.450, 126
Trd, 259160.583, 125
Trd, 259160.617, 92
Trd, 259160.633, 126
Trd, 259160.800, 127
Trd, 259160.900, 128
Trd, 259161.033, 130
Trd, 259161.083, 119
Trd, 259161.400, 109
Trd, 259161.933, 118
Trd, 259162.000, 109
Trd, 259162.217, 139
Trd, 259162.500, 139
Trd, 259162.533, 138
Trd, 259162.567, 140
Trd, 259162.683, 140
Trd, 259163.183, 110
Trd, 259163.283, 139
Trd, 259163.450, 139
Trd, 259163.850, 131
Trd, 259164.033, 127
Trd, 259164.533, 140
Trd, 259164.700, 140
Trd, 259164.733, 140
Trd, 259164.867, 137
Trd, 259165.233, 118
Trd, 259165.733, 113
Trd, 259166.383, 122
Trd, 259166.567, 121
Trd, 259166.750, 113
Trd, 259166.767, 115
Trd, 259166.783, 112
Trd, 259166.800, 110
Trd, 259167.050, 136
Trd, 259167.300, 125
Trd, 259167.683, 130
Trd, 259167.900, 126
Trd, 259167.950, 133
Trd, 259168.117, 123
Trd, 259168.233, 98
Trd, 259168.333, 122
Trd, 259168.500, 99
Trd, 259168.567, 76
Trd, 259168.667, 68
Trd, 259169.100, 123
Trd, 259169.167, 124
Trd, 259169.767, 124
Trd, 259169.800, 123
Trd, 259169.983, 101
Trd, 259170.283, 134
Trd, 259170.550, 127
Trd, 259171.400, 128
Trd, 259171.533, 126
Trd, 259171.633, 125
Trd, 259171.950, 124
Trd, 259172.367, 104
Trd, 259172.450, 124
Trd, 259172.783, 104
Trd, 259172.817, 123
Trd, 259173.283, 121
Trd, 259173.383, 122
Trd, 259173.517, 109
Trd, 259173.650, 126
Trd, 259173.817, 140
Trd, 259175.067, 140
Trd, 259175.300, 140
Trd, 259175.417, 140
Trd, 259175.450, 140
Trd, 259175.550, 140
Trd, 259175.783, 139
Trd, 259175.967, 140
Trd, 259176.483, 139
Trd, 259176.967, 140
Trd, 259177.667, 140
Trd, 259177.717, 140
Trd, 259177.950, 140
Trd, 259178.083, 140
Trd, 259178.183, 140
Trd, 259178.200, 139
Trd, 259178.217, 138
Trd, 259178.267, 129
Trd, 259178.367, 121
Trd, 259178.800, 138
Trd, 259178.917, 120
Trd, 259178.983, 112
Trd, 259179.117, 103
Trd, 259179.533, 120
Trd, 259179.683, 126
Trd, 259179.883, 119
Trd, 259179.900, 126
Trd, 259180.050, 121
Trd, 259180.217, 105
Trd, 259180.433, 92
Trd, 259181.433, 125
Trd, 259181.650, 102
Trd, 259181.950, 96
Trd, 259182.033, 124
Trd, 259182.633, 93
Trd, 259182.667, 95
Trd, 259182.850, 127
Trd, 259183.000, 109
Trd, 259183.150, 108
Trd, 259183.783, 108
Trd, 259183.950, 132
Trd, 259184.517, 115
Trd, 259184.667, 113
Trd, 259184.767, 111
Trd, 259184.983, 124
Trd, 259185.367, 127
Trd, 259186.000, 115
Trd, 259186.017, 116
Trd, 259186.133, 117
Trd, 259186.150, 118
Trd, 259186.167, 123
Trd, 259186.417, 115
Trd, 259186.617, 123
Trd, 259186.667, 122
Trd, 259186.783, 124
Trd, 259187.150, 140
Trd, 259187.250, 100
Trd, 259187.733, 140
Trd, 259188.017, 138
Trd, 259188.183, 123
Trd, 259188.450, 123
Trd, 259188.867, 137
Trd, 259189.000, 136
Trd, 259189.017, 122
Trd, 259189.083, 117
Trd, 259189.400, 104
Trd, 259189.733, 140
Trd, 259190.200, 140
Trd, 259190.350, 140
Trd, 259190.433, 140
Trd, 259190.650, 139
Trd, 259190.950, 118
Trd, 259191.267, 120
Trd, 259191.500, 99
Trd, 259192.083, 124
Trd, 259192.133, 130
Trd, 259192.650, 110
Trd, 259192.717, 129
Trd, 259192.900, 130
Trd, 259192.950, 131
Trd, 259193.000, 129
Trd, 259193.167, 109
Trd, 259193.200, 100
Trd, 259193.733, 134
Trd, 259193.917, 137
Trd, 259194.100, 132
Trd, 259194.350, 103
Trd, 259195.167, 123
Trd, 259195.267, 101
Trd, 259195.467, 114
Trd, 259195.550, 101
Trd, 259196.017, 135
Trd, 259196.183, 140
Trd, 259196.233, 133
Trd, 259196.250, 127
Trd, 259196.800, 140
Trd, 259197.183, 140
Trd, 259197.500, 140
Trd, 259198.317, 140
Trd, 259198.450, 140
Trd, 259198.567, 140
Trd, 259198.983, 140
Trd, 259199.517, 140
Trd, 259199.917, 140
