Trd, 430654.917, 94
Trd, 430655.100, 96
Trd, 430655.733, 95
Trd, 430657.150, 97
Trd, 430658.867, 94
Trd, 430659.383, 94
Trd, 430659.600, 93
Trd, 430660.067, 92
Trd, 430660.450, 94
Trd, 430660.583, 98
Trd, 430661.783, 103
Trd, 430661.933, 104
Trd, 430662.150, 95
Trd, 430664.483, 102
Trd, 430664.600, 96
Trd, 430666.850, 101
Trd, 430667.317, 102
Trd, 430667.567, 104
Trd, 430668.283, 97
Trd, 430669.100, 112
Trd, 430669.483, 112
Trd, 430670.567, 96
Trd, 430670.700, 95
Trd, 430670.900, 96
Trd, 430672.767, 96
Trd, 430672.800, 95
Trd, 430673.567, 95
Trd, 430673.967, 96
Trd, 430674.583, 97
Trd, 430676.000, 98
Trd, 430676.367, 102
Trd, 430676.833, 104
Trd, 430677.200, 109
Trd, 430677.400, 101
Trd, 430678.017, 94
Trd, 430678.683, 112
Trd, 430678.883, 113
Trd, 430679.933, 96
Trd, 430680.250, 95
Trd, 430680.400, 95
Trd, 430680.600, 93
Trd, 430682.750, 112
Trd, 430683.317, 100
Trd, 430684.717, 94
Trd, 430684.933, 93
Trd, 430685.033, 95
Trd, 430685.333, 97
Trd, 430686.183, 96
Trd, 430686.233, 95
Trd, 430686.967, 92
Trd, 430688.133, 90
Trd, 430688.583, 87
Trd, 430688.600, 88
Trd, 430688.800, 89
Trd, 430690.517, 98
Trd, 430691.750, 101
Trd, 430692.567, 93
Trd, 430693.267, 93
Trd, 430694.733, 93
Trd, 430695.000, 95
Trd, 430695.467, 103
Trd, 430696.267, 98
Trd, 430699.033, 106
Trd, 430699.533, 108
Trd, 430699.667, 108
Trd, 430699.950, 106
Trd, 430700.517, 91
Trd, 430700.683, 89
Trd, 430701.167, 88
Trd, 430701.667, 88
Trd, 430702.217, 87
Trd, 430702.317, 88
Trd, 430702.667, 93
Trd, 430702.733, 95
Trd, 430703.133, 104
Trd, 430703.183, 84
Trd, 430704.933, 109
Trd, 430707.767, 95
Trd, 430709.167, 93
Trd, 430709.583, 95
Trd, 430710.117, 94
Trd, 430710.850, 97
Trd, 430711.183, 89
Trd, 430711.233, 93
Trd, 430711.900, 94
Trd, 430711.967, 97
Trd, 430712.150, 99
Trd, 430712.900, 96
Trd, 430713.283, 97
Trd, 430714.850, 101
Trd, 430715.583, 99
Trd, 430716.500, 99
Trd, 430718.533, 99
Trd, 430719.233, 98
Trd, 430719.933, 95
Trd, 430720.150, 90
Trd, 430720.167, 100
Trd, 430720.967, 91
Trd, 430721.217, 92
Trd, 430721.400, 95
Trd, 430721.517, 104
Trd, 430722.150, 90
Trd, 430722.817, 101
Trd, 430724.817, 99
Trd, 430725.900, 99
Trd, 430726.933, 109
Trd, 430727.867, 102
Trd, 430728.700, 102
Trd, 430728.867, 101
Trd, 430729.033, 101
Trd, 430730.317, 99
Trd, 430730.733, 101
Trd, 430731.483, 90
Trd, 430732.483, 100
Trd, 430733.867, 97
Trd, 430734.867, 97
Trd, 430735.233, 98
Trd, 430735.333, 97
Trd, 430735.500, 104
Trd, 430736.000, 98
Trd, 430737.100, 97
Trd, 430737.667, 95
Trd, 430738.483, 97
Trd, 430739.050, 99
Trd, 430739.400, 103
Trd, 430740.300, 98
Trd, 430740.367, 98
Trd, 430741.433, 97
Trd, 430741.517, 98
Trd, 430741.700, 104
Trd, 430742.883, 98
Trd, 430746.050, 102
Trd, 430747.600, 99
Trd, 430747.650, 95
Trd, 430748.217, 94
Trd, 430748.733, 95
Trd, 430749.200, 95
Trd, 430749.267, 95
Trd, 430749.500, 96
Trd, 430751.000, 99
Trd, 430751.117, 103
Trd, 430751.933, 99
Trd, 430752.267, 102
Trd, 430754.800, 97
Trd, 430755.083, 98
Trd, 430755.467, 95
Trd, 430756.117, 95
Trd, 430757.583, 95
Trd, 430757.617, 90
Trd, 430758.567, 94
Trd, 430758.817, 92
Trd, 430758.917, 93
Trd, 430759.783, 94
Trd, 430760.767, 95
Trd, 430760.800, 95
Trd, 430761.200, 98
Trd, 430761.550, 100
Trd, 430763.933, 99
Trd, 430764.800, 102
Trd, 430765.117, 104
Trd, 430765.133, 106
Trd, 430765.233, 109
Trd, 430766.733, 100
Trd, 430767.000, 99
Trd, 430767.633, 97
Trd, 430768.433, 104
Trd, 430769.167, 101
Trd, 430770.150, 98
Trd, 430770.200, 96
Trd, 430770.850, 98
Trd, 430771.067, 101
Trd, 430772.333, 98
Trd, 430773.183, 95
Trd, 430773.417, 96
Trd, 430774.900, 90
Trd, 430775.067, 103
Trd, 430775.517, 103
Trd, 430777.350, 95
Trd, 430778.583, 95
Trd, 430779.000, 93
Trd, 430779.850, 94
Trd, 430780.150, 95
Trd, 430780.850, 94
Trd, 430781.117, 94
Trd, 430781.717, 95
Trd, 430782.867, 99
Trd, 430783.867, 113
Trd, 430785.300, 111
Trd, 430785.633, 101
Trd, 430786.517, 100
Trd, 430786.533, 101
Trd, 430787.300, 103
Trd, 430789.017, 97
Trd, 430789.783, 99
Trd, 430789.850, 100
Trd, 430790.783, 104
Trd, 430790.817, 112
Trd, 430791.300, 111
Trd, 430792.017, 103
Trd, 430792.800, 102
Trd, 430793.250, 103
Trd, 430793.483, 104
Trd, 430794.117, 105
Trd, 430794.767, 101
Trd, 430795.033, 106
Trd, 430796.133, 106
Trd, 430796.850, 104
Trd, 430797.033, 104
Trd, 430798.050, 103
Trd, 430798.433, 101
Trd, 430800.033, 100
Trd, 430800.367, 99
Trd, 430800.700, 96
Trd, 430800.983, 94
Trd, 430802.467, 97
Trd, 430802.783, 98
Trd, 430803.017, 98
Trd, 430803.600, 100
Trd, 430804.617, 108
Trd, 430805.017, 109
Trd, 430806.950, 104
Trd, 430807.000, 97
Trd, 430807.067, 96
Trd, 430808.017, 105
Trd, 430809.200, 105
Trd, 430809.350, 107
Trd, 430811.750, 102
Trd, 430811.917, 108
Trd, 430812.000, 101
Trd, 430813.317, 98
Trd, 430813.433, 99
Trd, 430814.633, 97
Trd, 430814.650, 95
Trd, 430816.117, 97
Trd, 430817.533, 102
Trd, 430817.700, 103
Trd, 430817.833, 97
Trd, 430818.850, 100
Trd, 430818.983, 95
Trd, 430819.450, 104
Trd, 430820.383, 94
Trd, 430820.867, 94
Trd, 430822.500, 93
Trd, 430824.033, 100
Trd, 430824.600, 103
Trd, 430825.300, 101
Trd, 430825.750, 100
Trd, 430825.883, 102
Trd, 430825.917, 104
Trd, 430826.300, 101
Trd, 430826.650, 102
Trd, 430826.900, 105
Trd, 430827.050, 101
Trd, 430827.417, 107
Trd, 430828.200, 109
Trd, 430828.283, 96
Trd, 430830.067, 95
Trd, 430832.800, 103
Trd, 430833.783, 102
Trd, 430834.683, 100
Trd, 430835.000, 100
Trd, 430835.233, 101
Trd, 430835.483, 102
Trd, 430837.700, 93
Trd, 430837.800, 92
Trd, 430838.550, 95
Trd, 430839.633, 96
Trd, 430840.350, 99
Trd, 430840.933, 104
Trd, 430840.967, 93
Trd, 430841.450, 105
Trd, 430842.650, 104
Trd, 430843.400, 97
Trd, 430843.983, 95
Trd, 430844.767, 98
Trd, 430845.600, 98
Trd, 430846.683, 94
Trd, 430846.783, 92
Trd, 430847.350, 90
Trd, 430847.367, 93
Trd, 430847.817, 92
Trd, 430848.533, 91
Trd, 430849.850, 89
Trd, 430850.067, 104
Trd, 430850.233, 109
Trd, 430850.567, 94
Trd, 430850.633, 110
Trd, 430853.200, 99
Trd, 430853.717, 96
Trd, 430853.900, 99
Trd, 430855.167, 99
Trd, 430855.683, 112
Trd, 430856.117, 98
Trd, 430856.700, 111
Trd, 430858.283, 98
Trd, 430858.667, 106
Trd, 430859.933, 95
Trd, 430860.333, 95
Trd, 430860.367, 107
Trd, 430860.900, 93
Trd, 430862.417, 100
Trd, 430863.850, 98
Trd, 430863.917, 99
Trd, 430864.600, 99
Trd, 430865.083, 97
Trd, 430865.100, 100
Trd, 430865.417, 101
Trd, 430867.400, 100
Trd, 430867.900, 101
Trd, 430868.433, 104
Trd, 430868.517, 109
Trd, 430870.633, 106
Trd, 430871.267, 107
Trd, 430871.667, 106
Trd, 430872.217, 106
Trd, 430872.300, 106
Trd, 430873.133, 104
Trd, 430873.517, 95
Trd, 430873.833, 96
Trd, 430874.767, 95
Trd, 430875.083, 94
Trd, 430875.117, 93
Trd, 430876.183, 93
Trd, 430876.283, 94
Trd, 430877.650, 92
Trd, 430878.700, 91
Trd, 430879.283, 93
Trd, 430880.217, 95
Trd, 430882.183, 96
Trd, 430884.133, 95
Trd, 430884.267, 96
Trd, 430885.467, 97
Trd, 430886.917, 104
Trd, 430887.717, 105
Trd, 430887.767, 97
Trd, 430888.600, 107
Trd, 430889.367, 98
Trd, 430889.467, 109
Trd, 430889.617, 98
Trd, 430891.917, 101
Trd, 430892.150, 101
Trd, 430892.450, 100
Trd, 430892.483, 99
Trd, 430893.783, 96
Trd, 430894.000, 97
Trd, 430895.200, 95
Trd, 430895.317, 103
Trd, 430895.617, 103
Trd, 430896.167, 93
Trd, 430896.450, 104
Trd, 430897.783, 99
Trd, 430898.367, 100
Trd, 430899.167, 100
Trd, 430899.533, 98
Trd, 430899.817, 97
Trd, 430900.167, 98
Trd, 430900.500, 98
Trd, 430901.583, 100
Trd, 430902.600, 98
Trd, 430903.300, 101
Trd, 430905.100, 103
Trd, 430905.933, 107
Trd, 430907.800, 103
Trd, 430908.200, 103
Trd, 430908.283, 102
Trd, 430910.617, 99
Trd, 430911.083, 100
Trd, 430912.100, 104
Trd, 430912.450, 104
Trd, 430913.217, 104
Trd, 430914.033, 105
Trd, 430914.550, 104
Trd, 430914.567, 101
Trd, 430916.317, 95
Trd, 430916.433, 103
Trd, 430918.450, 106
Trd, 430918.683, 106
Trd, 430919.400, 99
Trd, 430919.967, 109
Trd, 430920.033, 112
Trd, 430920.917, 109
Trd, 430921.817, 110
Trd, 430922.083, 109
Trd, 430922.900, 104
Trd, 430922.983, 104
Trd, 430923.900, 103
Trd, 430924.067, 103
Trd, 430925.700, 104
Trd, 430925.767, 104
Trd, 430926.400, 101
Trd, 430926.517, 120
Trd, 430928.667, 94
Trd, 430929.400, 93
Trd, 430930.433, 92
Trd, 430930.650, 93
Trd, 430932.367, 95
Trd, 430932.500, 96
Trd, 430933.267, 98
Trd, 430933.633, 99
Trd, 430934.400, 99
Trd, 430934.417, 100
Trd, 430934.567, 103
Trd, 430934.950, 95
Trd, 430935.300, 106
Trd, 430936.667, 101
Trd, 430936.917, 100
Trd, 430937.067, 102
Trd, 430937.317, 96
Trd, 430938.633, 93
Trd, 430938.650, 95
Trd, 430939.167, 95
Trd, 430939.617, 97
Trd, 430940.383, 98
Trd, 430940.733, 101
Trd, 430942.517, 104
Trd, 430944.033, 103
Trd, 430944.867, 104
Trd, 430944.983, 106
Trd, 430946.967, 104
Trd, 430946.983, 101
Trd, 430947.900, 101
Trd, 430948.267, 95
Trd, 430948.650, 100
Trd, 430950.733, 99
Trd, 430951.083, 100
Trd, 430951.650, 101
Trd, 430952.250, 101
Trd, 430952.817, 100
Trd, 430954.233, 102
Trd, 430954.833, 104
Trd, 430955.583, 104
Trd, 430956.083, 103
Trd, 430957.400, 98
Trd, 430958.033, 97
Trd, 430958.233, 95
Trd, 430958.467, 99
Trd, 430958.600, 100
Trd, 430959.583, 98
Trd, 430961.567, 99
Trd, 430962.133, 94
Trd, 430962.283, 92
Trd, 430962.517, 98
Trd, 430962.900, 103
Trd, 430964.517, 95
Trd, 430965.717, 96
Trd, 430965.917, 92
Trd, 430965.967, 97
Trd, 430966.600, 91
Trd, 430966.717, 90
Trd, 430967.433, 100
Trd, 430968.150, 103
Trd, 430970.117, 96
Trd, 430970.250, 98
Trd, 430970.533, 103
Trd, 430971.433, 104
Trd, 430971.733, 95
Trd, 430972.767, 103
Trd, 430973.500, 105
Trd, 430975.867, 102
Trd, 430975.967, 102
Trd, 430976.917, 108
Trd, 430977.833, 108
Trd, 430979.050, 109
Trd, 430980.983, 107
Trd, 430981.133, 104
Trd, 430981.417, 101
Trd, 430981.883, 104
Trd, 430981.950, 104
Trd, 430982.050, 105
Trd, 430983.417, 99
Trd, 430984.133, 98
Trd, 430984.533, 103
Trd, 430984.700, 104
Trd, 430984.950, 106
Trd, 430985.467, 92
Trd, 430986.950, 105
Trd, 430987.600, 95
Trd, 430987.833, 94
Trd, 430988.933, 106
Trd, 430989.333, 97
Trd, 430989.483, 109
Trd, 430990.050, 100
Trd, 430990.583, 100
Trd, 430991.233, 98
Trd, 430992.567, 94
Trd, 430992.767, 96
Trd, 430993.150, 93
Trd, 430993.767, 103
Trd, 430994.833, 101
Trd, 430995.333, 88
Trd, 430995.417, 102
Trd, 430996.117, 96
Trd, 430996.183, 103
Trd, 430998.117, 104
Trd, 430998.567, 107
Trd, 430999.900, 104
Trd, 431001.983, 101
Trd, 431002.250, 101
Trd, 431002.933, 108
Trd, 431003.450, 106
Trd, 431004.067, 106
Trd, 431004.600, 106
Trd, 431004.983, 104
Trd, 431005.233, 105
Trd, 431006.583, 104
Trd, 431006.717, 95
Trd, 431006.800, 93
Trd, 431008.733, 101
Trd, 431009.217, 98
Trd, 431009.250, 99
Trd, 431010.217, 101
Trd, 431010.517, 93
Trd, 431010.567, 104
Trd, 431011.800, 109
Trd, 431012.467, 96
Trd, 431013.917, 97
Trd, 431014.400, 95
Trd, 431015.017, 96
Trd, 431015.367, 95
Trd, 431015.383, 96
Trd, 431015.750, 101
Trd, 431016.267, 98
Trd, 431016.450, 102
Trd, 431016.533, 93
Trd, 431018.150, 94
Trd, 431018.617, 96
Trd, 431020.150, 93
Trd, 431022.400, 94
Trd, 431022.817, 93
Trd, 431024.067, 96
Trd, 431024.967, 98
Trd, 431025.100, 97
Trd, 431026.033, 104
Trd, 431026.133, 96
Trd, 431026.717, 105
Trd, 431027.083, 97
Trd, 431027.383, 106
Trd, 431028.217, 109
Trd, 431029.217, 112
Trd, 431029.567, 116
Trd, 431030.200, 115
Trd, 431030.833, 109
Trd, 431031.717, 107
Trd, 431032.467, 104
Trd, 431032.883, 101
Trd, 431033.667, 100
Trd, 431034.283, 100
Trd, 431035.267, 99
Trd, 431035.500, 109
Trd, 431035.883, 116
Trd, 431037.650, 99
Trd, 431038.150, 99
Trd, 431039.117, 105
Trd, 431040.233, 96
Trd, 431040.317, 95
Trd, 431040.383, 96
Trd, 431041.217, 92
Trd, 431041.883, 90
Trd, 431042.083, 92
Trd, 431042.917, 92
Trd, 431043.017, 87
Trd, 431044.117, 93
Trd, 431045.100, 89
Trd, 431045.950, 90
Trd, 431046.550, 95
Trd, 431046.617, 98
Trd, 431046.867, 106
Trd, 431047.533, 108
Trd, 431047.650, 109
Trd, 431048.217, 111
Trd, 431049.833, 110
Trd, 431049.850, 111
Trd, 431052.883, 103
Trd, 431053.117, 103
Trd, 431053.833, 103
Trd, 431054.033, 102
Trd, 431054.450, 101
Trd, 431055.133, 97
Trd, 431055.367, 95
Trd, 431055.733, 97
Trd, 431055.833, 93
Trd, 431056.600, 93
Trd, 431057.833, 97
Trd, 431057.967, 95
Trd, 431058.267, 104
Trd, 431058.383, 109
Trd, 431060.450, 98
Trd, 431061.067, 98
Trd, 431061.550, 99
Trd, 431061.800, 99
Trd, 431062.117, 99
Trd, 431062.683, 98
Trd, 431064.950, 94
Trd, 431065.050, 95
Trd, 431066.083, 96
Trd, 431066.400, 108
Trd, 431066.450, 90
Trd, 431067.100, 111
Trd, 431068.550, 91
Trd, 431069.600, 94
Trd, 431070.667, 92
Trd, 431071.167, 92
Trd, 431071.500, 91
Trd, 431071.650, 92
Trd, 431072.067, 93
Trd, 431072.717, 95
Trd, 431073.100, 106
Trd, 431074.900, 103
Trd, 431076.167, 97
Trd, 431077.800, 99
Trd, 431078.800, 95
Trd, 431079.167, 95
Trd, 431079.183, 93
Trd, 431079.767, 94
Trd, 431080.083, 95
Trd, 431080.700, 106
Trd, 431081.133, 101
Trd, 431081.600, 109
Trd, 431082.883, 109
Trd, 431082.900, 94
Trd, 431084.883, 99
Trd, 431085.533, 100
Trd, 431085.567, 101
Trd, 431085.700, 100
Trd, 431086.283, 93
Trd, 431088.167, 88
Trd, 431088.533, 87
Trd, 431088.867, 89
Trd, 431088.900, 87
Trd, 431089.533, 87
Trd, 431089.817, 97
Trd, 431091.850, 94
Trd, 431092.283, 104
Trd, 431092.467, 103
Trd, 431092.850, 104
Trd, 431093.650, 106
Trd, 431093.983, 109
Trd, 431094.650, 112
Trd, 431096.300, 110
Trd, 431096.450, 111
Trd, 431096.950, 112
Trd, 431097.683, 110
Trd, 431098.117, 109
Trd, 431098.483, 104
Trd, 431099.250, 101
Trd, 431099.400, 95
Trd, 431101.133, 96
Trd, 431101.367, 95
Trd, 431101.567, 104
Trd, 431101.617, 92
Trd, 431102.467, 111
Trd, 431103.667, 110
Trd, 431104.517, 110
Trd, 431105.450, 107
Trd, 431106.017, 102
Trd, 431106.433, 105
Trd, 431107.033, 102
Trd, 431107.300, 103
Trd, 431107.817, 102
Trd, 431108.600, 94
Trd, 431109.183, 95
Trd, 431109.217, 94
Trd, 431109.667, 97
Trd, 431112.167, 94
Trd, 431113.500, 96
Trd, 431113.750, 95
Trd, 431114.533, 93
Trd, 431114.700, 98
Trd, 431115.050, 104
Trd, 431117.183, 103
Trd, 431118.333, 103
Trd, 431119.667, 104
Trd, 431119.867, 106
Trd, 431119.883, 103
Trd, 431120.100, 108
Trd, 431121.683, 105
Trd, 431121.817, 105
Trd, 431123.483, 104
Trd, 431123.533, 101
Trd, 431124.733, 96
Trd, 431125.117, 96
Trd, 431125.583, 96
Trd, 431126.083, 96
Trd, 431126.733, 93
Trd, 431128.150, 96
Trd, 431128.217, 99
Trd, 431128.600, 96
Trd, 431129.483, 98
Trd, 431129.583, 99
Trd, 431132.883, 99
Trd, 431133.433, 99
Trd, 431133.567, 100
Trd, 431133.983, 99
Trd, 431134.783, 99
Trd, 431134.833, 101
Trd, 431135.283, 104
Trd, 431135.900, 95
Trd, 431136.383, 91
Trd, 431136.417, 103
Trd, 431139.600, 96
Trd, 431140.200, 95
Trd, 431140.233, 96
Trd, 431140.300, 97
Trd, 431141.417, 108
Trd, 431141.433, 109
Trd, 431141.633, 117
Trd, 431142.683, 98
Trd, 431142.950, 96
Trd, 431143.583, 102
Trd, 431143.767, 96
Trd, 431146.033, 95
Trd, 431147.183, 92
Trd, 431148.550, 90
Trd, 431148.567, 92
Trd, 431148.583, 87
Trd, 431148.633, 95
Trd, 431149.033, 83
Trd, 431150.450, 94
Trd, 431151.167, 94
Trd, 431151.267, 93
Trd, 431153.367, 96
Trd, 431153.950, 97
Trd, 431154.017, 98
Trd, 431154.833, 97
Trd, 431154.917, 97
Trd, 431154.950, 98
Trd, 431155.117, 104
Trd, 431155.567, 107
Trd, 431155.583, 109
Trd, 431155.867, 111
Trd, 431155.950, 96
Trd, 431156.433, 110
Trd, 431158.200, 96
Trd, 431158.783, 93
Trd, 431159.967, 93
Trd, 431160.317, 91
Trd, 431160.583, 91
Trd, 431161.267, 99
Trd, 431162.350, 103
Trd, 431165.017, 98
Trd, 431165.950, 101
Trd, 431166.167, 103
Trd, 431166.633, 104
Trd, 431167.617, 104
Trd, 431167.983, 104
Trd, 431168.117, 101
Trd, 431168.683, 93
Trd, 431171.000, 97
Trd, 431171.333, 97
Trd, 431171.567, 96
Trd, 431171.833, 95
Trd, 431171.933, 96
Trd, 431172.400, 104
Trd, 431172.633, 107
Trd, 431173.933, 106
Trd, 431173.983, 95
Trd, 431176.200, 97
Trd, 431176.750, 97
Trd, 431177.200, 98
Trd, 431177.433, 104
Trd, 431177.933, 104
Trd, 431179.283, 112
Trd, 431180.550, 110
Trd, 431181.167, 97
Trd, 431181.800, 102
Trd, 431182.067, 101
Trd, 431182.167, 99
Trd, 431183.267, 102
Trd, 431183.417, 103
Trd, 431184.233, 95
Trd, 431184.767, 97
Trd, 431185.567, 106
Trd, 431188.333, 92
Trd, 431188.483, 90
Trd, 431189.233, 91
Trd, 431189.333, 93
Trd, 431189.567, 91
Trd, 431189.667, 96
Trd, 431190.183, 94
Trd, 431191.600, 92
Trd, 431193.483, 91
Trd, 431193.650, 91
Trd, 431194.167, 95
Trd, 431195.233, 95
Trd, 431195.567, 100
Trd, 431196.200, 97
Trd, 431198.567, 99
Trd, 431199.017, 99
Trd, 431199.117, 104
Trd, 431199.417, 100
Trd, 431200.067, 107
Trd, 431200.217, 96
Trd, 431201.067, 105
Trd, 431201.967, 95
Trd, 431202.367, 104
Trd, 431202.667, 106
Trd, 431204.100, 96
Trd, 431204.233, 95
Trd, 431205.750, 98
Trd, 431205.800, 98
Trd, 431206.400, 96
Trd, 431207.100, 95
Trd, 431207.600, 100
Trd, 431208.550, 97
Trd, 431209.817, 105
Trd, 431209.867, 107
Trd, 431211.467, 108
Trd, 431211.933, 100
Trd, 431211.967, 108
Trd, 431212.233, 108
Trd, 431212.383, 109
Trd, 431214.183, 105
Trd, 431215.950, 104
Trd, 431216.000, 104
Trd, 431216.017, 105
Trd, 431216.333, 101
Trd, 431217.533, 100
Trd, 431217.833, 104
Trd, 431218.700, 103
Trd, 431219.433, 107
Trd, 431220.000, 104
Trd, 431221.100, 106
Trd, 431222.000, 108
Trd, 431222.650, 110
Trd, 431223.283, 103
Trd, 431223.350, 101
Trd, 431226.150, 105
Trd, 431226.483, 106
Trd, 431227.000, 97
Trd, 431227.117, 95
Trd, 431229.150, 103
Trd, 431229.217, 104
Trd, 431230.400, 98
Trd, 431230.567, 97
Trd, 431230.850, 98
Trd, 431231.867, 104
Trd, 431233.867, 106
Trd, 431234.300, 107
Trd, 431234.367, 103
Trd, 431235.317, 103
Trd, 431235.567, 102
Trd, 431236.700, 103
Trd, 431237.183, 100
Trd, 431238.333, 97
Trd, 431238.483, 94
Trd, 431238.617, 96
Trd, 431239.133, 93
Trd, 431240.333, 98
Trd, 431241.150, 90
Trd, 431243.067, 100
Trd, 431243.817, 92
Trd, 431244.200, 95
Trd, 431244.467, 95
Trd, 431245.133, 95
Trd, 431245.383, 94
Trd, 431245.783, 92
Trd, 431246.067, 97
Trd, 431246.500, 104
Trd, 431246.917, 106
Trd, 431249.050, 93
Trd, 431249.250, 95
Trd, 431250.450, 89
Trd, 431251.667, 92
Trd, 431252.417, 89
Trd, 431252.933, 92
Trd, 431253.100, 92
Trd, 431253.550, 88
Trd, 431253.700, 94
Trd, 431255.250, 93
Trd, 431255.367, 95
Trd, 431255.967, 93
Trd, 431259.250, 93
Trd, 431259.567, 92
Trd, 431259.633, 93
Trd, 431260.733, 90
Trd, 431260.900, 88
Trd, 431261.583, 89
Trd, 431261.983, 90
Trd, 431262.400, 90
Trd, 431262.483, 99
Trd, 431262.517, 104
Trd, 431263.567, 90
Trd, 431264.000, 106
Trd, 431264.583, 109
Trd, 431265.783, 94
Trd, 431266.150, 96
Trd, 431266.817, 97
Trd, 431268.150, 95
Trd, 431268.533, 99
Trd, 431268.683, 109
Trd, 431270.667, 105
Trd, 431270.900, 104
Trd, 431271.283, 107
Trd, 431271.450, 93
Trd, 431271.800, 108
Trd, 431272.117, 91
Trd, 431273.267, 92
Trd, 431274.383, 103
Trd, 431275.200, 103
Trd, 431276.567, 94
Trd, 431277.717, 90
Trd, 431277.983, 96
Trd, 431278.817, 94
Trd, 431280.283, 91
Trd, 431280.683, 96
Trd, 431280.883, 97
Trd, 431281.233, 95
Trd, 431282.200, 101
Trd, 431283.883, 104
Trd, 431284.717, 105
Trd, 431284.850, 105
Trd, 431285.167, 104
Trd, 431287.367, 102
Trd, 431287.500, 101
Trd, 431289.517, 95
Trd, 431290.067, 93
Trd, 431291.700, 94
Trd, 431291.717, 93
Trd, 431292.033, 95
Trd, 431292.283, 91
Trd, 431292.483, 94
Trd, 431292.833, 94
Trd, 431292.967, 95
Trd, 431293.283, 98
Trd, 431295.483, 97
Trd, 431296.467, 95
Trd, 431297.683, 97
Trd, 431297.783, 99
Trd, 431298.133, 97
Trd, 431299.100, 98
Trd, 431300.267, 100
Trd, 431300.417, 95
Trd, 431301.267, 96
Trd, 431302.250, 96
Trd, 431303.283, 95
Trd, 431303.783, 94
Trd, 431304.000, 93
Trd, 431304.317, 94
Trd, 431305.117, 95
Trd, 431305.350, 97
Trd, 431306.667, 104
Trd, 431307.550, 109
Trd, 431307.700, 109
Trd, 431308.100, 101
Trd, 431308.217, 100
Trd, 431308.433, 95
Trd, 431310.367, 93
Trd, 431310.417, 104
Trd, 431310.567, 105
Trd, 431311.533, 91
Trd, 431313.933, 101
Trd, 431314.767, 100
Trd, 431314.917, 94
Trd, 431315.050, 100
Trd, 431315.667, 101
Trd, 431317.283, 99
Trd, 431317.300, 101
Trd, 431318.300, 98
Trd, 431319.483, 103
Trd, 431320.800, 103
Trd, 431320.867, 101
Trd, 431321.383, 103
Trd, 431321.700, 101
Trd, 431322.900, 95
Trd, 431323.000, 96
Trd, 431323.467, 96
Trd, 431323.667, 93
Trd, 431324.867, 95
Trd, 431325.867, 95
Trd, 431327.250, 99
Trd, 431328.167, 102
Trd, 431329.167, 95
Trd, 431329.833, 100
Trd, 431331.467, 99
Trd, 431332.700, 104
Trd, 431333.133, 109
Trd, 431333.517, 103
Trd, 431335.433, 104
Trd, 431335.467, 96
Trd, 431336.050, 101
Trd, 431336.200, 102
Trd, 431336.617, 104
Trd, 431336.833, 105
Trd, 431336.850, 96
Trd, 431337.767, 98
Trd, 431337.933, 99
Trd, 431338.933, 98
Trd, 431339.817, 97
Trd, 431340.183, 96
Trd, 431340.600, 103
Trd, 431342.567, 103
Trd, 431344.500, 104
Trd, 431344.950, 98
Trd, 431345.350, 105
Trd, 431346.767, 105
Trd, 431347.067, 99
Trd, 431348.533, 95
Trd, 431350.317, 96
Trd, 431350.933, 95
Trd, 431351.483, 93
Trd, 431352.200, 93
Trd, 431352.550, 93
Trd, 431352.967, 93
Trd, 431353.783, 92
Trd, 431353.850, 95
Trd, 431354.583, 103
Trd, 431354.700, 104
Trd, 431356.567, 99
Trd, 431357.367, 100
Trd, 431357.783, 109
Trd, 431358.583, 112
Trd, 431358.967, 115
Trd, 431359.083, 106
Trd, 431360.283, 119
Trd, 431360.417, 111
Trd, 431361.683, 108
Trd, 431362.233, 107
Trd, 431362.400, 106
Trd, 431362.717, 101
Trd, 431362.833, 95
Trd, 431363.650, 103
Trd, 431365.050, 101
Trd, 431366.133, 94
Trd, 431366.467, 94
Trd, 431367.283, 93
Trd, 431368.050, 93
Trd, 431368.700, 93
Trd, 431369.067, 94
Trd, 431371.017, 94
Trd, 431371.550, 93
Trd, 431371.583, 95
Trd, 431372.567, 96
Trd, 431372.867, 104
Trd, 431373.983, 95
Trd, 431375.400, 96
Trd, 431375.417, 97
Trd, 431376.983, 89
Trd, 431378.083, 96
Trd, 431378.900, 96
Trd, 431378.933, 109
Trd, 431380.150, 95
Trd, 431380.800, 90
Trd, 431381.117, 95
Trd, 431381.733, 93
Trd, 431382.367, 99
Trd, 431382.483, 99
Trd, 431382.900, 106
Trd, 431383.750, 100
Trd, 431384.567, 108
Trd, 431384.600, 110
Trd, 431384.967, 110
Trd, 431385.800, 99
Trd, 431385.950, 106
Trd, 431387.450, 100
Trd, 431387.633, 101
Trd, 431388.650, 99
Trd, 431388.733, 95
Trd, 431389.400, 103
Trd, 431389.883, 103
Trd, 431389.917, 89
Trd, 431390.933, 103
Trd, 431391.633, 101
Trd, 431393.500, 93
Trd, 431394.300, 94
Trd, 431394.800, 94
Trd, 431395.450, 95
Trd, 431395.817, 98
Trd, 431396.700, 104
Trd, 431397.317, 108
Trd, 431398.750, 101
Trd, 431400.233, 105
Trd, 431400.650, 102
Trd, 431401.267, 101
Trd, 431401.983, 101
Trd, 431402.483, 103
Trd, 431404.167, 101
Trd, 431404.817, 98
Trd, 431405.517, 95
Trd, 431406.000, 101
Trd, 431406.800, 102
Trd, 431406.817, 103
Trd, 431408.000, 103
Trd, 431408.450, 104
Trd, 431411.217, 107
Trd, 431411.367, 108
Trd, 431411.900, 107
Trd, 431412.433, 108
Trd, 431413.050, 105
Trd, 431413.267, 101
Trd, 431414.083, 103
Trd, 431414.100, 95
Trd, 431414.500, 100
Trd, 431416.067, 95
Trd, 431416.517, 95
Trd, 431418.467, 95
Trd, 431418.600, 95
Trd, 431418.783, 109
Trd, 431420.817, 97
Trd, 431421.700, 96
Trd, 431421.850, 99
Trd, 431422.867, 97
Trd, 431423.633, 109
Trd, 431425.683, 101
Trd, 431425.817, 100
Trd, 431425.883, 102
Trd, 431425.900, 103
Trd, 431426.217, 101
Trd, 431427.283, 100
Trd, 431427.917, 98
Trd, 431428.383, 95
Trd, 431430.333, 98
Trd, 431430.550, 97
Trd, 431430.783, 93
Trd, 431431.100, 96
Trd, 431431.583, 94
Trd, 431431.700, 93
Trd, 431431.950, 94
Trd, 431432.750, 93
Trd, 431433.367, 93
Trd, 431434.000, 94
Trd, 431434.067, 109
Trd, 431434.583, 104
Trd, 431437.450, 99
Trd, 431438.667, 98
Trd, 431438.883, 95
Trd, 431439.133, 98
Trd, 431440.183, 104
Trd, 431440.367, 93
Trd, 431443.867, 104
Trd, 431444.017, 100
Trd, 431444.833, 100
Trd, 431444.850, 102
Trd, 431444.933, 102
Trd, 431445.467, 101
Trd, 431445.850, 102
Trd, 431446.533, 104
Trd, 431447.000, 102
Trd, 431447.333, 103
Trd, 431447.450, 101
Trd, 431447.617, 95
Trd, 431448.133, 100
Trd, 431450.117, 99
Trd, 431450.733, 100
Trd, 431451.817, 100
Trd, 431452.333, 101
Trd, 431453.567, 102
Trd, 431454.000, 104
Trd, 431454.883, 106
Trd, 431455.117, 109
Trd, 431455.383, 105
Trd, 431455.567, 112
Trd, 431455.933, 104
Trd, 431456.567, 102
Trd, 431456.950, 106
Trd, 431457.967, 101
Trd, 431459.783, 95
Trd, 431460.467, 92
Trd, 431460.917, 92
Trd, 431461.817, 93
Trd, 431462.217, 91
Trd, 431462.367, 90
Trd, 431462.650, 90
Trd, 431462.950, 91
Trd, 431463.883, 90
Trd, 431463.983, 95
Trd, 431464.800, 97
Trd, 431465.350, 109
Trd, 431465.583, 95
Trd, 431465.617, 106
Trd, 431466.800, 108
Trd, 431467.000, 97
Trd, 431467.650, 109
Trd, 431469.250, 108
Trd, 431469.583, 107
Trd, 431471.050, 107
Trd, 431471.767, 109
Trd, 431472.550, 108
Trd, 431472.983, 104
Trd, 431474.150, 109
Trd, 431474.417, 112
Trd, 431474.533, 101
Trd, 431475.250, 117
Trd, 431475.650, 119
Trd, 431476.800, 95
Trd, 431477.217, 97
Trd, 431477.750, 97
Trd, 431478.200, 98
Trd, 431479.017, 106
Trd, 431480.767, 97
Trd, 431482.683, 97
Trd, 431482.833, 95
Trd, 431483.433, 100
Trd, 431483.450, 94
Trd, 431483.667, 101
Trd, 431483.817, 93
Trd, 431485.617, 95
Trd, 431485.833, 95
Trd, 431487.000, 96
Trd, 431487.067, 97
Trd, 431487.350, 103
Trd, 431489.383, 97
Trd, 431489.867, 97
Trd, 431490.317, 98
Trd, 431490.500, 97
Trd, 431492.150, 95
Trd, 431492.250, 90
Trd, 431493.983, 93
Trd, 431494.033, 92
Trd, 431494.100, 95
Trd, 431494.233, 101
Trd, 431494.683, 103
Trd, 431494.900, 92
Trd, 431495.983, 103
Trd, 431496.967, 104
Trd, 431497.933, 106
Trd, 431498.317, 109
Trd, 431498.500, 101
Trd, 431501.967, 112
Trd, 431502.333, 119
Trd, 431503.650, 113
Trd, 431503.850, 104
Trd, 431505.200, 103
Trd, 431505.500, 103
Trd, 431505.533, 101
Trd, 431505.733, 94
Trd, 431506.150, 101
Trd, 431506.900, 95
Trd, 431506.917, 95
Trd, 431507.283, 101
Trd, 431508.350, 98
Trd, 431509.500, 95
Trd, 431511.167, 95
Trd, 431511.350, 96
Trd, 431511.717, 104
Trd, 431512.583, 98
Trd, 431513.083, 94
Trd, 431513.650, 93
Trd, 431513.900, 103
Trd, 431514.367, 102
Trd, 431514.700, 103
Trd, 431514.933, 107
Trd, 431515.617, 104
Trd, 431517.850, 100
Trd, 431519.183, 97
Trd, 431519.217, 102
Trd, 431519.733, 100
Trd, 431519.900, 103
Trd, 431520.483, 94
Trd, 431522.067, 98
Trd, 431522.950, 96
Trd, 431523.150, 96
Trd, 431524.500, 95
Trd, 431525.717, 93
Trd, 431526.233, 93
Trd, 431526.333, 94
Trd, 431526.567, 94
Trd, 431527.717, 94
Trd, 431527.800, 93
Trd, 431528.283, 93
Trd, 431528.883, 92
Trd, 431529.317, 94
Trd, 431529.350, 103
Trd, 431529.600, 104
Trd, 431532.400, 100
Trd, 431533.300, 99
Trd, 431534.600, 96
Trd, 431535.100, 96
Trd, 431535.450, 95
Trd, 431535.800, 96
Trd, 431536.467, 95
Trd, 431539.033, 98
Trd, 431539.717, 101
Trd, 431539.733, 103
Trd, 431540.383, 98
Trd, 431541.333, 100
Trd, 431543.567, 96
Trd, 431543.733, 97
Trd, 431545.150, 97
Trd, 431545.483, 97
Trd, 431546.233, 97
Trd, 431546.433, 98
Trd, 431546.467, 97
Trd, 431547.067, 95
Trd, 431548.067, 102
Trd, 431549.633, 98
Trd, 431549.833, 96
Trd, 431549.850, 98
Trd, 431550.867, 99
Trd, 431551.283, 104
Trd, 431552.900, 108
Trd, 431554.350, 96
Trd, 431555.483, 99
Trd, 431555.750, 99
Trd, 431555.783, 101
Trd, 431557.717, 101
Trd, 431558.150, 99
Trd, 431559.233, 96
Trd, 431559.333, 95
Trd, 431559.550, 93
Trd, 431559.867, 95
Trd, 431559.933, 101
Trd, 431560.983, 108
Trd, 431561.050, 105
Trd, 431561.717, 105
Trd, 431563.200, 99
Trd, 431564.450, 98
Trd, 431566.550, 99
Trd, 431567.000, 99
Trd, 431567.167, 99
Trd, 431567.500, 100
Trd, 431568.500, 99
Trd, 431568.783, 104
Trd, 431568.933, 108
Trd, 431569.467, 109
Trd, 431570.917, 104
Trd, 431571.617, 103
Trd, 431572.400, 101
Trd, 431574.483, 99
Trd, 431574.550, 96
Trd, 431574.567, 104
Trd, 431574.817, 107
Trd, 431575.383, 95
Trd, 431577.233, 97
Trd, 431577.933, 97
Trd, 431578.667, 96
Trd, 431580.083, 101
Trd, 431580.217, 102
Trd, 431580.250, 103
Trd, 431581.050, 108
Trd, 431581.300, 108
Trd, 431583.450, 106
Trd, 431583.500, 107
Trd, 431584.450, 105
Trd, 431584.617, 105
Trd, 431585.983, 104
Trd, 431586.167, 101
Trd, 431586.800, 98
Trd, 431587.117, 104
Trd, 431587.917, 101
Trd, 431588.817, 106
Trd, 431589.017, 108
Trd, 431589.067, 112
Trd, 431589.900, 114
Trd, 431590.167, 112
Trd, 431591.650, 102
Trd, 431592.667, 97
Trd, 431592.867, 97
Trd, 431592.967, 96
Trd, 431593.600, 97
Trd, 431593.817, 96
Trd, 431593.983, 97
Trd, 431595.100, 97
Trd, 431598.650, 99
Trd, 431599.400, 99
Trd, 431599.667, 100
Trd, 431599.733, 95
Trd, 431600.233, 92
Trd, 431601.867, 100
Trd, 431602.233, 101
Trd, 431604.233, 100
Trd, 431605.033, 102
Trd, 431605.567, 99
Trd, 431605.767, 99
Trd, 431606.317, 99
Trd, 431606.867, 99
Trd, 431606.967, 99
Trd, 431607.900, 98
Trd, 431608.433, 100
Trd, 431608.633, 104
Trd, 431610.217, 106
Trd, 431610.400, 105
Trd, 431610.550, 104
Trd, 431611.617, 104
Trd, 431612.683, 101
Trd, 431612.900, 102
Trd, 431613.117, 105
Trd, 431613.417, 106
Trd, 431614.267, 101
Trd, 431614.733, 95
Trd, 431615.933, 96
Trd, 431616.983, 99
Trd, 431618.950, 97
Trd, 431619.083, 97
Trd, 431619.900, 95
Trd, 431620.433, 99
Trd, 431620.750, 93
Trd, 431621.633, 103
Trd, 431622.900, 104
Trd, 431623.450, 109
Trd, 431623.733, 108
Trd, 431623.833, 97
Trd, 431624.617, 95
Trd, 431624.767, 109
Trd, 431626.067, 107
Trd, 431626.183, 94
Trd, 431626.633, 107
Trd, 431629.317, 111
Trd, 431629.833, 97
Trd, 431630.250, 97
Trd, 431630.917, 93
Trd, 431631.050, 97
Trd, 431631.317, 97
Trd, 431631.533, 98
Trd, 431632.067, 98
Trd, 431632.300, 90
Trd, 431633.250, 113
Trd, 431634.433, 106
Trd, 431634.867, 105
Trd, 431636.733, 106
Trd, 431637.183, 104
Trd, 431637.733, 103
Trd, 431637.750, 101
Trd, 431638.583, 104
Trd, 431638.900, 109
Trd, 431639.550, 107
Trd, 431640.633, 95
Trd, 431640.950, 105
Trd, 431642.417, 101
Trd, 431643.217, 101
Trd, 431643.583, 102
Trd, 431644.517, 102
Trd, 431645.017, 103
Trd, 431645.350, 105
Trd, 431646.183, 105
Trd, 431647.133, 105
Trd, 431647.933, 106
Trd, 431648.550, 106
Trd, 431648.633, 109
Trd, 431649.133, 101
Trd, 431649.400, 95
Trd, 431650.467, 108
Trd, 431651.317, 112
Trd, 431652.017, 110
Trd, 431652.100, 101
Trd, 431652.267, 111
Trd, 431652.283, 110
Trd, 431656.117, 96
Trd, 431656.383, 99
Trd, 431657.233, 96
Trd, 431657.400, 95
Trd, 431657.433, 90
Trd, 431657.617, 96
Trd, 431658.133, 94
Trd, 431658.617, 94
Trd, 431658.700, 93
Trd, 431659.350, 95
Trd, 431659.900, 97
Trd, 431660.700, 99
Trd, 431664.083, 102
Trd, 431665.133, 99
Trd, 431665.200, 100
Trd, 431665.883, 101
Trd, 431666.283, 102
Trd, 431666.683, 99
Trd, 431667.150, 100
Trd, 431668.083, 99
Trd, 431668.250, 104
Trd, 431669.917, 105
Trd, 431670.083, 102
Trd, 431670.683, 102
Trd, 431670.783, 103
Trd, 431671.233, 109
Trd, 431671.883, 112
Trd, 431672.700, 107
Trd, 431673.417, 106
Trd, 431673.450, 101
Trd, 431674.533, 104
Trd, 431676.083, 95
Trd, 431676.983, 96
Trd, 431677.383, 96
Trd, 431677.417, 94
Trd, 431677.933, 92
Trd, 431678.233, 93
Trd, 431678.367, 94
Trd, 431680.850, 92
Trd, 431680.917, 93
Trd, 431682.550, 90
Trd, 431682.800, 95
Trd, 431683.583, 94
Trd, 431683.650, 93
Trd, 431685.033, 106
Trd, 431685.083, 97
Trd, 431685.800, 109
Trd, 431686.450, 110
Trd, 431686.550, 109
Trd, 431687.300, 104
Trd, 431687.533, 103
Trd, 431689.067, 101
Trd, 431690.433, 95
Trd, 431690.967, 95
Trd, 431691.150, 95
Trd, 431691.183, 96
Trd, 431692.117, 96
Trd, 431692.500, 100
Trd, 431693.300, 100
Trd, 431693.717, 104
Trd, 431694.817, 108
Trd, 431695.267, 100
Trd, 431696.100, 109
Trd, 431697.233, 99
Trd, 431698.033, 111
Trd, 431698.700, 111
Trd, 431699.433, 101
Trd, 431700.717, 102
Trd, 431701.033, 105
Trd, 431702.900, 100
Trd, 431703.133, 100
Trd, 431703.350, 99
Trd, 431703.617, 100
Trd, 431703.900, 101
Trd, 431704.200, 105
Trd, 431704.267, 109
Trd, 431704.800, 109
Trd, 431706.200, 103
Trd, 431708.500, 104
Trd, 431708.700, 105
Trd, 431708.917, 106
Trd, 431709.267, 104
Trd, 431711.650, 97
Trd, 431711.850, 98
Trd, 431712.250, 99
Trd, 431712.433, 99
Trd, 431713.917, 98
Trd, 431715.900, 101
Trd, 431716.067, 100
Trd, 431716.483, 101
Trd, 431716.717, 100
Trd, 431717.883, 97
Trd, 431718.717, 94
Trd, 431718.983, 94
Trd, 431719.083, 95
Trd, 431719.250, 96
Trd, 431719.700, 96
Trd, 431719.983, 93
Trd, 431720.950, 109
Trd, 431721.717, 110
Trd, 431722.850, 114
Trd, 431722.883, 109
Trd, 431723.133, 116
Trd, 431724.400, 92
Trd, 431724.533, 99
Trd, 431725.417, 90
Trd, 431726.383, 94
Trd, 431728.183, 89
Trd, 431730.133, 95
Trd, 431730.533, 95
Trd, 431731.000, 98
Trd, 431731.700, 96
Trd, 431732.617, 96
Trd, 431732.917, 97
Trd, 431733.367, 97
Trd, 431735.000, 97
Trd, 431735.033, 98
Trd, 431735.083, 104
Trd, 431735.150, 109
Trd, 431737.133, 99
Trd, 431737.717, 96
Trd, 431737.833, 95
Trd, 431738.517, 92
Trd, 431738.583, 93
Trd, 431740.367, 93
Trd, 431741.317, 93
Trd, 431742.883, 94
Trd, 431743.050, 95
Trd, 431744.233, 94
Trd, 431744.583, 101
Trd, 431745.767, 97
Trd, 431746.300, 98
Trd, 431746.450, 99
Trd, 431746.783, 99
Trd, 431746.917, 100
Trd, 431747.667, 100
Trd, 431747.817, 98
Trd, 431748.183, 103
Trd, 431748.383, 95
Trd, 431749.383, 92
Trd, 431749.667, 92
Trd, 431751.767, 93
Trd, 431752.900, 93
Trd, 431753.617, 94
Trd, 431753.717, 94
Trd, 431753.833, 95
Trd, 431754.000, 98
Trd, 431754.467, 106
Trd, 431756.150, 106
Trd, 431756.383, 105
Trd, 431757.517, 102
Trd, 431757.683, 104
Trd, 431757.700, 105
Trd, 431757.767, 108
Trd, 431757.867, 109
Trd, 431758.417, 112
Trd, 431760.817, 111
Trd, 431761.933, 111
Trd, 431761.950, 112
Trd, 431762.883, 106
Trd, 431763.233, 105
Trd, 431763.600, 104
Trd, 431764.217, 101
Trd, 431765.267, 95
Trd, 431765.483, 95
Trd, 431766.633, 95
Trd, 431767.400, 96
Trd, 431768.183, 97
Trd, 431768.600, 98
Trd, 431769.183, 94
Trd, 431769.583, 90
Trd, 431770.933, 93
Trd, 431770.983, 94
Trd, 431771.167, 96
Trd, 431771.500, 96
Trd, 431771.617, 95
Trd, 431772.017, 96
Trd, 431772.417, 94
Trd, 431773.733, 97
Trd, 431774.300, 96
Trd, 431775.717, 97
Trd, 431775.817, 95
Trd, 431779.150, 100
Trd, 431780.150, 101
Trd, 431780.533, 101
Trd, 431780.683, 102
Trd, 431780.700, 101
Trd, 431782.767, 104
Trd, 431783.567, 104
Trd, 431784.800, 104
Trd, 431785.300, 104
Trd, 431785.700, 103
Trd, 431785.917, 103
Trd, 431786.083, 105
Trd, 431786.433, 101
Trd, 431786.483, 108
Trd, 431786.517, 95
Trd, 431786.917, 110
Trd, 431788.683, 95
Trd, 431788.917, 93
Trd, 431789.417, 90
Trd, 431789.600, 111
Trd, 431791.083, 109
Trd, 431792.083, 87
Trd, 431792.217, 88
Trd, 431792.700, 87
Trd, 431793.133, 87
Trd, 431793.683, 88
Trd, 431794.383, 89
Trd, 431794.817, 92
Trd, 431795.983, 95
Trd, 431796.433, 96
Trd, 431797.933, 98
Trd, 431798.850, 105
Trd, 431799.050, 106
Trd, 431799.617, 106
Trd, 431800.650, 104
Trd, 431800.950, 103
Trd, 431801.933, 101
Trd, 431802.167, 102
Trd, 431802.467, 108
Trd, 431803.133, 102
Trd, 431803.267, 109
Trd, 431803.800, 101
Trd, 431806.550, 96
Trd, 431807.817, 98
Trd, 431808.167, 95
Trd, 431809.017, 96
Trd, 431809.450, 95
Trd, 431809.650, 95
Trd, 431810.467, 95
Trd, 431811.200, 93
Trd, 431811.283, 104
Trd, 431812.367, 98
Trd, 431813.417, 109
Trd, 431813.683, 97
Trd, 431815.133, 90
Trd, 431815.650, 91
Trd, 431815.833, 92
Trd, 431817.233, 101
Trd, 431817.650, 103
Trd, 431818.450, 99
Trd, 431818.900, 100
Trd, 431819.200, 100
Trd, 431819.400, 93
Trd, 431820.533, 91
Trd, 431821.067, 101
Trd, 431821.117, 102
Trd, 431823.683, 100
Trd, 431823.967, 100
Trd, 431824.100, 99
Trd, 431824.133, 103
Trd, 431824.333, 104
Trd, 431825.083, 108
Trd, 431825.817, 93
Trd, 431827.367, 105
Trd, 431827.800, 103
Trd, 431828.683, 95
Trd, 431829.567, 101
Trd, 431831.800, 94
Trd, 431832.083, 94
Trd, 431832.100, 93
Trd, 431832.900, 93
Trd, 431833.067, 95
Trd, 431834.100, 92
Trd, 431834.450, 100
Trd, 431834.850, 107
Trd, 431837.250, 97
Trd, 431837.600, 98
Trd, 431837.900, 111
Trd, 431838.783, 110
Trd, 431838.833, 110
Trd, 431839.333, 107
Trd, 431839.683, 112
Trd, 431840.017, 107
Trd, 431841.500, 116
Trd, 431841.533, 107
Trd, 431842.367, 115
Trd, 431843.833, 107
Trd, 431844.200, 114
Trd, 431845.083, 101
Trd, 431845.550, 95
Trd, 431847.067, 104
Trd, 431847.117, 96
Trd, 431847.933, 104
Trd, 431848.467, 104
Trd, 431849.600, 103
Trd, 431849.650, 103
Trd, 431850.433, 104
Trd, 431851.000, 102
Trd, 431852.217, 102
Trd, 431853.183, 101
Trd, 431853.283, 90
Trd, 431853.783, 92
Trd, 431854.250, 88
Trd, 431855.400, 90
Trd, 431856.150, 89
Trd, 431856.350, 94
Trd, 431856.750, 88
Trd, 431857.500, 101
Trd, 431857.817, 101
Trd, 431858.283, 92
Trd, 431858.400, 102
Trd, 431859.367, 103
Trd, 431859.483, 104
Trd, 431860.133, 106
Trd, 431860.367, 94
Trd, 431860.900, 97
Trd, 431862.467, 97
Trd, 431862.600, 90
Trd, 431862.783, 97
Trd, 431864.800, 90
Trd, 431865.050, 90
Trd, 431866.467, 88
Trd, 431867.000, 90
Trd, 431869.800, 94
Trd, 431870.700, 96
Trd, 431872.250, 95
Trd, 431872.783, 96
Trd, 431872.983, 99
Trd, 431873.217, 97
Trd, 431873.400, 96
Trd, 431874.450, 95
Trd, 431875.350, 98
Trd, 431875.900, 97
Trd, 431876.350, 95
Trd, 431876.400, 98
Trd, 431877.117, 106
Trd, 431878.200, 92
Trd, 431878.783, 100
Trd, 431880.867, 95
Trd, 431881.817, 95
Trd, 431882.133, 95
Trd, 431882.450, 93
Trd, 431883.717, 94
Trd, 431883.733, 93
Trd, 431884.667, 108
Trd, 431884.783, 109
Trd, 431886.283, 100
Trd, 431886.333, 102
Trd, 431886.633, 104
Trd, 431888.783, 99
Trd, 431888.967, 106
Trd, 431888.983, 97
Trd, 431889.417, 105
Trd, 431889.500, 107
Trd, 431889.617, 95
Trd, 431890.700, 93
Trd, 431891.167, 91
Trd, 431891.367, 94
Trd, 431893.483, 101
Trd, 431893.583, 100
Trd, 431893.817, 109
Trd, 431896.067, 104
Trd, 431896.367, 105
Trd, 431896.967, 103
Trd, 431897.517, 104
Trd, 431898.000, 103
Trd, 431898.983, 103
Trd, 431899.683, 92
Trd, 431900.650, 100
Trd, 431901.083, 99
Trd, 431901.467, 100
Trd, 431901.683, 101
Trd, 431901.767, 103
Trd, 431902.617, 102
Trd, 431902.967, 100
Trd, 431905.267, 102
Trd, 431905.633, 103
Trd, 431906.333, 95
Trd, 431906.400, 93
Trd, 431906.700, 104
Trd, 431909.067, 104
Trd, 431910.183, 99
Trd, 431910.633, 99
Trd, 431910.967, 100
Trd, 431911.033, 98
Trd, 431912.917, 90
Trd, 431913.417, 88
Trd, 431913.500, 95
Trd, 431913.883, 97
Trd, 431914.250, 106
Trd, 431914.283, 91
Trd, 431914.867, 108
Trd, 431916.667, 104
Trd, 431917.433, 104
Trd, 431918.050, 96
Trd, 431918.167, 99
Trd, 431918.317, 95
Trd, 431918.400, 101
Trd, 431918.550, 109
Trd, 431920.983, 109
Trd, 431921.200, 98
Trd, 431921.783, 96
Trd, 431923.383, 95
Trd, 431923.867, 93
Trd, 431925.800, 105
Trd, 431926.617, 96
Trd, 431927.183, 102
Trd, 431927.233, 104
Trd, 431927.933, 102
Trd, 431927.950, 103
Trd, 431928.533, 101
Trd, 431929.717, 94
Trd, 431930.500, 93
Trd, 431930.767, 101
Trd, 431931.033, 97
Trd, 431932.400, 102
Trd, 431933.783, 103
Trd, 431934.067, 102
Trd, 431934.367, 102
Trd, 431934.917, 102
Trd, 431935.250, 101
Trd, 431936.000, 101
Trd, 431936.533, 102
Trd, 431936.950, 99
Trd, 431937.267, 93
Trd, 431937.767, 104
Trd, 431938.267, 109
Trd, 431938.567, 112
Trd, 431940.900, 98
Trd, 431941.017, 98
Trd, 431941.133, 100
Trd, 431942.483, 99
Trd, 431943.083, 98
Trd, 431944.367, 95
Trd, 431944.417, 93
Trd, 431945.667, 102
Trd, 431946.467, 94
Trd, 431946.550, 95
Trd, 431947.250, 104
Trd, 431947.583, 105
Trd, 431948.083, 99
Trd, 431948.283, 109
Trd, 431949.633, 101
Trd, 431950.183, 101
Trd, 431950.433, 102
Trd, 431950.967, 88
Trd, 431952.667, 99
Trd, 431953.233, 94
Trd, 431953.900, 95
Trd, 431953.983, 95
Trd, 431954.133, 96
Trd, 431954.867, 104
Trd, 431954.967, 106
Trd, 431955.567, 108
Trd, 431956.133, 99
Trd, 431958.383, 107
Trd, 431958.767, 112
Trd, 431958.783, 118
Trd, 431960.200, 115
Trd, 431960.250, 116
Trd, 431961.300, 113
Trd, 431961.850, 112
Trd, 431962.650, 110
Trd, 431963.650, 109
Trd, 431963.733, 111
Trd, 431964.117, 111
Trd, 431964.783, 104
Trd, 431966.217, 101
Trd, 431967.983, 99
Trd, 431968.767, 99
Trd, 431969.267, 105
Trd, 431969.400, 99
Trd, 431970.667, 93
Trd, 431972.100, 100
Trd, 431972.983, 93
Trd, 431973.000, 99
Trd, 431973.817, 97
Trd, 431974.450, 99
Trd, 431975.367, 101
Trd, 431975.917, 100
Trd, 431976.267, 99
Trd, 431976.667, 104
Trd, 431976.717, 95
Trd, 431977.183, 106
Trd, 431977.483, 97
Trd, 431978.250, 92
Trd, 431980.300, 109
Trd, 431981.717, 97
Trd, 431983.183, 99
Trd, 431983.500, 101
Trd, 431983.833, 101
Trd, 431985.567, 101
Trd, 431985.983, 101
Trd, 431986.533, 102
Trd, 431986.600, 101
Trd, 431986.633, 102
Trd, 431988.333, 96
Trd, 431988.417, 93
Trd, 431988.500, 97
Trd, 431989.017, 95
Trd, 431989.533, 96
Trd, 431989.883, 94
Trd, 431990.050, 95
Trd, 431990.250, 95
Trd, 431990.350, 93
Trd, 431990.617, 96
Trd, 431990.717, 104
Trd, 431991.967, 106
Trd, 431994.183, 97
Trd, 431995.000, 99
Trd, 431995.617, 98
Trd, 431996.483, 97
Trd, 431996.567, 100
Trd, 431998.067, 98
Trd, 431998.650, 101
Trd, 431998.750, 100
Trd, 431998.867, 99
