Trd, 430658.483, 93
Trd, 430659.033, 92
Trd, 430659.267, 87
Trd, 430659.633, 93
Trd, 430661.850, 99
Trd, 430662.183, 106
Trd, 430662.767, 116
Trd, 430663.033, 104
Trd, 430663.650, 105
Trd, 430664.333, 103
Trd, 430665.317, 110
Trd, 430665.800, 104
Trd, 430665.933, 102
Trd, 430666.700, 107
Trd, 430667.317, 106
Trd, 430667.883, 106
Trd, 430668.083, 104
Trd, 430668.783, 104
Trd, 430668.933, 100
Trd, 430669.117, 104
Trd, 430669.967, 103
Trd, 430670.067, 98
Trd, 430670.367, 92
Trd, 430673.483, 98
Trd, 430674.300, 104
Trd, 430674.767, 106
Trd, 430675.617, 101
Trd, 430676.483, 103
Trd, 430677.417, 103
Trd, 430677.617, 100
Trd, 430677.750, 99
Trd, 430678.217, 98
Trd, 430678.500, 99
Trd, 430678.700, 94
Trd, 430679.417, 94
Trd, 430680.383, 96
Trd, 430680.583, 93
Trd, 430681.883, 99
Trd, 430682.450, 95
Trd, 430685.150, 101
Trd, 430685.400, 101
Trd, 430685.767, 106
Trd, 430686.383, 99
Trd, 430687.067, 100
Trd, 430687.633, 99
Trd, 430688.217, 100
Trd, 430689.217, 100
Trd, 430689.567, 100
Trd, 430690.017, 99
Trd, 430690.450, 99
Trd, 430691.217, 102
Trd, 430691.600, 109
Trd, 430692.050, 102
Trd, 430692.233, 100
Trd, 430692.700, 98
Trd, 430693.783, 97
Trd, 430693.967, 112
Trd, 430695.017, 98
Trd, 430695.483, 93
Trd, 430695.500, 88
Trd, 430698.717, 96
Trd, 430698.817, 97
Trd, 430699.617, 93
Trd, 430700.217, 97
Trd, 430701.650, 94
Trd, 430701.850, 94
Trd, 430701.917, 95
Trd, 430702.083, 97
Trd, 430704.167, 105
Trd, 430704.700, 106
Trd, 430705.317, 104
Trd, 430705.767, 105
Trd, 430705.933, 104
Trd, 430707.000, 103
Trd, 430707.117, 106
Trd, 430708.583, 109
Trd, 430710.283, 107
Trd, 430710.500, 106
Trd, 430710.900, 101
Trd, 430712.050, 101
Trd, 430712.117, 100
Trd, 430712.283, 99
Trd, 430713.150, 99
Trd, 430713.417, 97
Trd, 430713.600, 93
Trd, 430714.317, 97
Trd, 430715.433, 87
Trd, 430715.717, 81
Trd, 430716.117, 97
Trd, 430717.683, 103
Trd, 430717.900, 105
Trd, 430718.233, 104
Trd, 430718.650, 104
Trd, 430718.717, 103
Trd, 430719.617, 105
Trd, 430722.333, 98
Trd, 430722.833, 98
Trd, 430722.900, 97
Trd, 430723.333, 102
Trd, 430725.567, 103
Trd, 430726.150, 102
Trd, 430726.550, 101
Trd, 430726.583, 100
Trd, 430727.767, 99
Trd, 430728.000, 100
Trd, 430728.417, 106
Trd, 430728.933, 97
Trd, 430730.483, 99
Trd, 430731.533, 97
Trd, 430731.683, 94
Trd, 430732.867, 97
Trd, 430733.167, 99
Trd, 430733.650, 101
Trd, 430734.133, 96
Trd, 430734.267, 95
Trd, 430735.383, 97
Trd, 430736.433, 98
Trd, 430736.467, 93
Trd, 430736.633, 87
Trd, 430737.567, 84
Trd, 430738.750, 105
Trd, 430739.700, 105
Trd, 430741.583, 98
Trd, 430741.850, 101
Trd, 430742.050, 102
Trd, 430743.467, 112
Trd, 430743.500, 105
Trd, 430743.700, 105
Trd, 430744.500, 110
Trd, 430745.617, 103
Trd, 430746.700, 105
Trd, 430747.033, 106
Trd, 430747.150, 105
Trd, 430749.033, 107
Trd, 430749.333, 106
Trd, 430749.750, 98
Trd, 430750.617, 97
Trd, 430750.983, 106
Trd, 430751.183, 96
Trd, 430752.900, 97
Trd, 430753.233, 102
Trd, 430753.367, 101
Trd, 430754.633, 101
Trd, 430754.967, 102
Trd, 430755.533, 106
Trd, 430756.350, 108
Trd, 430756.583, 109
Trd, 430757.300, 109
Trd, 430757.450, 108
Trd, 430758.233, 99
Trd, 430760.117, 101
Trd, 430760.133, 99
Trd, 430760.733, 98
Trd, 430761.450, 100
Trd, 430762.283, 96
Trd, 430762.933, 94
Trd, 430762.967, 93
Trd, 430763.383, 95
Trd, 430764.267, 94
Trd, 430764.467, 109
Trd, 430765.733, 103
Trd, 430766.200, 103
Trd, 430766.250, 98
Trd, 430768.333, 96
Trd, 430769.267, 96
Trd, 430769.500, 95
Trd, 430769.600, 96
Trd, 430769.617, 98
Trd, 430770.117, 92
Trd, 430770.283, 100
Trd, 430771.350, 96
Trd, 430771.500, 104
Trd, 430773.800, 87
Trd, 430773.883, 98
Trd, 430775.150, 97
Trd, 430775.267, 96
Trd, 430775.283, 98
Trd, 430775.367, 109
Trd, 430776.250, 97
Trd, 430778.683, 106
Trd, 430779.117, 98
Trd, 430779.833, 103
Trd, 430780.983, 100
Trd, 430781.267, 101
Trd, 430782.083, 102
Trd, 430782.267, 101
Trd, 430782.317, 104
Trd, 430782.933, 101
Trd, 430784.033, 103
Trd, 430784.400, 102
Trd, 430784.717, 100
Trd, 430785.300, 96
Trd, 430787.300, 97
Trd, 430788.467, 96
Trd, 430789.300, 96
Trd, 430789.450, 95
Trd, 430789.800, 95
Trd, 430790.050, 96
Trd, 430790.267, 97
Trd, 430790.550, 93
Trd, 430791.267, 107
Trd, 430792.350, 102
Trd, 430792.500, 105
Trd, 430793.950, 106
Trd, 430794.133, 101
Trd, 430794.217, 97
Trd, 430794.817, 108
Trd, 430794.983, 109
Trd, 430796.933, 112
Trd, 430797.450, 109
Trd, 430797.583, 114
Trd, 430798.400, 108
Trd, 430799.083, 101
Trd, 430800.250, 102
Trd, 430801.800, 98
Trd, 430802.300, 98
Trd, 430802.517, 98
Trd, 430802.800, 97
Trd, 430805.617, 97
Trd, 430806.800, 103
Trd, 430807.333, 102
Trd, 430807.433, 101
Trd, 430808.133, 103
Trd, 430808.233, 101
Trd, 430808.633, 101
Trd, 430809.433, 101
Trd, 430809.500, 101
Trd, 430809.817, 101
Trd, 430810.767, 95
Trd, 430811.417, 99
Trd, 430812.083, 99
Trd, 430813.517, 94
Trd, 430813.650, 94
Trd, 430813.867, 96
Trd, 430814.117, 105
Trd, 430816.383, 96
Trd, 430816.867, 97
Trd, 430817.383, 99
Trd, 430817.483, 102
Trd, 430817.850, 96
Trd, 430817.900, 95
Trd, 430817.983, 93
Trd, 430819.483, 93
Trd, 430820.050, 92
Trd, 430820.500, 93
Trd, 430821.867, 103
Trd, 430822.067, 106
Trd, 430822.283, 109
Trd, 430823.150, 109
Trd, 430824.550, 111
Trd, 430826.250, 105
Trd, 430826.833, 104
Trd, 430827.283, 104
Trd, 430827.450, 102
Trd, 430827.650, 98
Trd, 430828.833, 106
Trd, 430830.467, 104
Trd, 430830.617, 98
Trd, 430830.667, 97
Trd, 430831.233, 105
Trd, 430832.183, 105
Trd, 430832.250, 106
Trd, 430833.117, 105
Trd, 430833.417, 100
Trd, 430836.167, 101
Trd, 430836.700, 102
Trd, 430837.567, 103
Trd, 430837.650, 102
Trd, 430837.983, 104
Trd, 430838.017, 100
Trd, 430839.383, 102
Trd, 430839.750, 103
Trd, 430839.783, 101
Trd, 430839.900, 100
Trd, 430840.367, 104
Trd, 430841.067, 99
Trd, 430841.517, 98
Trd, 430841.850, 96
Trd, 430842.683, 96
Trd, 430844.617, 97
Trd, 430844.900, 95
Trd, 430847.017, 96
Trd, 430847.033, 98
Trd, 430847.300, 100
Trd, 430848.383, 95
Trd, 430848.733, 99
Trd, 430849.083, 100
Trd, 430849.483, 101
Trd, 430850.867, 104
Trd, 430852.183, 106
Trd, 430852.783, 103
Trd, 430853.317, 103
Trd, 430853.750, 99
Trd, 430854.633, 101
Trd, 430854.800, 103
Trd, 430855.450, 104
Trd, 430856.367, 102
Trd, 430856.717, 101
Trd, 430857.200, 100
Trd, 430857.483, 106
Trd, 430858.500, 102
Trd, 430859.333, 97
Trd, 430860.067, 95
Trd, 430861.283, 95
Trd, 430861.317, 96
Trd, 430861.967, 96
Trd, 430862.417, 95
Trd, 430862.967, 95
Trd, 430863.583, 94
Trd, 430865.317, 95
Trd, 430866.683, 102
Trd, 430867.217, 102
Trd, 430867.317, 106
Trd, 430868.567, 112
Trd, 430869.050, 108
Trd, 430869.867, 113
Trd, 430870.033, 116
Trd, 430870.217, 112
Trd, 430870.817, 99
Trd, 430871.083, 97
Trd, 430871.967, 92
Trd, 430872.067, 92
Trd, 430872.417, 92
Trd, 430872.650, 92
Trd, 430872.767, 94
Trd, 430874.217, 87
Trd, 430874.767, 101
Trd, 430876.250, 88
Trd, 430876.533, 88
Trd, 430876.767, 87
Trd, 430876.817, 87
Trd, 430877.200, 89
Trd, 430877.383, 90
Trd, 430878.533, 89
Trd, 430879.700, 101
Trd, 430879.933, 102
Trd, 430880.150, 108
Trd, 430880.317, 102
Trd, 430881.683, 104
Trd, 430881.967, 103
Trd, 430882.400, 103
Trd, 430883.600, 107
Trd, 430884.383, 109
Trd, 430885.367, 100
Trd, 430885.917, 115
Trd, 430887.550, 101
Trd, 430889.417, 103
Trd, 430889.600, 103
Trd, 430889.933, 102
Trd, 430890.133, 105
Trd, 430890.167, 103
Trd, 430890.267, 97
Trd, 430891.433, 92
Trd, 430893.667, 102
Trd, 430894.200, 103
Trd, 430894.300, 103
Trd, 430894.367, 102
Trd, 430894.650, 94
Trd, 430895.200, 104
Trd, 430895.250, 98
Trd, 430895.783, 100
Trd, 430896.700, 105
Trd, 430896.783, 106
Trd, 430898.133, 96
Trd, 430899.017, 96
Trd, 430900.867, 101
Trd, 430901.283, 101
Trd, 430901.450, 101
Trd, 430902.217, 101
Trd, 430902.917, 108
Trd, 430903.850, 104
Trd, 430904.500, 101
Trd, 430905.133, 98
Trd, 430905.500, 96
Trd, 430907.750, 102
Trd, 430908.367, 101
Trd, 430908.433, 103
Trd, 430910.467, 102
Trd, 430911.417, 101
Trd, 430912.167, 95
Trd, 430912.500, 93
Trd, 430913.267, 104
Trd, 430914.767, 104
Trd, 430915.183, 105
Trd, 430915.250, 105
Trd, 430915.700, 106
Trd, 430915.850, 106
Trd, 430916.117, 109
Trd, 430916.317, 105
Trd, 430917.600, 106
Trd, 430917.650, 98
Trd, 430918.883, 98
Trd, 430919.150, 99
Trd, 430920.133, 97
Trd, 430920.900, 99
Trd, 430922.383, 100
Trd, 430923.283, 99
Trd, 430923.617, 99
Trd, 430923.633, 98
Trd, 430924.200, 95
Trd, 430924.650, 102
Trd, 430925.417, 103
Trd, 430926.700, 102
Trd, 430926.867, 101
Trd, 430927.083, 102
Trd, 430927.200, 105
Trd, 430928.500, 101
Trd, 430929.200, 102
Trd, 430929.350, 100
Trd, 430930.283, 96
Trd, 430930.967, 98
Trd, 430932.883, 105
Trd, 430933.633, 99
Trd, 430934.200, 99
Trd, 430935.383, 97
Trd, 430936.217, 104
Trd, 430936.250, 107
Trd, 430936.850, 100
Trd, 430937.350, 106
Trd, 430937.450, 107
Trd, 430937.850, 99
Trd, 430939.000, 99
Trd, 430940.733, 103
Trd, 430941.067, 102
Trd, 430941.933, 99
Trd, 430942.417, 102
Trd, 430942.750, 104
Trd, 430943.750, 101
Trd, 430946.133, 103
Trd, 430946.800, 98
Trd, 430948.167, 101
Trd, 430948.450, 106
Trd, 430949.883, 102
Trd, 430950.283, 103
Trd, 430950.683, 101
Trd, 430951.683, 103
Trd, 430952.050, 104
Trd, 430952.100, 102
Trd, 430952.267, 102
Trd, 430953.183, 103
Trd, 430953.233, 106
Trd, 430953.867, 98
Trd, 430954.550, 98
Trd, 430955.317, 98
Trd, 430955.583, 96
Trd, 430956.750, 97
Trd, 430956.917, 97
Trd, 430956.967, 98
Trd, 430957.500, 95
Trd, 430958.850, 102
Trd, 430959.750, 96
Trd, 430961.167, 93
Trd, 430962.733, 96
Trd, 430962.967, 89
Trd, 430963.700, 95
Trd, 430964.367, 96
Trd, 430964.700, 100
Trd, 430965.433, 95
Trd, 430965.600, 93
Trd, 430965.717, 87
Trd, 430965.750, 95
Trd, 430966.150, 82
Trd, 430966.483, 91
Trd, 430967.700, 89
Trd, 430967.850, 93
Trd, 430968.400, 92
Trd, 430968.967, 95
Trd, 430970.733, 101
Trd, 430971.067, 100
Trd, 430971.117, 99
Trd, 430971.517, 102
Trd, 430974.183, 105
Trd, 430974.233, 102
Trd, 430975.383, 102
Trd, 430975.417, 103
Trd, 430975.817, 102
Trd, 430976.933, 103
Trd, 430978.467, 108
Trd, 430979.817, 107
Trd, 430980.183, 104
Trd, 430981.050, 107
Trd, 430981.483, 107
Trd, 430981.917, 106
Trd, 430982.000, 101
Trd, 430982.050, 100
Trd, 430984.383, 98
Trd, 430985.017, 98
Trd, 430985.667, 95
Trd, 430987.933, 96
Trd, 430988.733, 97
Trd, 430988.917, 98
Trd, 430989.117, 96
Trd, 430989.767, 95
Trd, 430990.417, 97
Trd, 430990.917, 98
Trd, 430991.017, 95
Trd, 430991.717, 94
Trd, 430992.367, 97
Trd, 430993.200, 98
Trd, 430994.283, 106
Trd, 430995.283, 108
Trd, 430995.350, 101
Trd, 430995.733, 98
Trd, 430996.250, 108
Trd, 430998.067, 105
Trd, 430998.867, 104
Trd, 430999.250, 103
Trd, 430999.983, 103
Trd, 431000.350, 104
Trd, 431001.533, 101
Trd, 431001.967, 100
Trd, 431002.683, 100
Trd, 431002.850, 105
Trd, 431002.967, 98
Trd, 431004.317, 104
Trd, 431004.833, 105
Trd, 431004.900, 107
Trd, 431005.933, 101
Trd, 431005.950, 100
Trd, 431006.767, 98
Trd, 431007.000, 98
Trd, 431007.700, 95
Trd, 431008.483, 94
Trd, 431008.783, 92
Trd, 431008.950, 95
Trd, 431009.183, 96
Trd, 431009.950, 89
Trd, 431012.183, 95
Trd, 431012.650, 96
Trd, 431013.450, 96
Trd, 431014.400, 95
Trd, 431016.133, 97
Trd, 431017.500, 96
Trd, 431018.833, 96
Trd, 431019.233, 100
Trd, 431019.533, 101
Trd, 431020.517, 98
Trd, 431021.433, 94
Trd, 431021.900, 102
Trd, 431022.900, 100
Trd, 431023.217, 99
Trd, 431023.917, 98
Trd, 431024.733, 99
Trd, 431024.867, 98
Trd, 431025.200, 100
Trd, 431026.033, 98
Trd, 431026.867, 103
Trd, 431026.933, 99
Trd, 431026.950, 98
Trd, 431028.067, 94
Trd, 431028.200, 100
Trd, 431030.600, 98
Trd, 431031.417, 99
Trd, 431031.717, 99
Trd, 431032.317, 99
Trd, 431032.517, 99
Trd, 431032.683, 100
Trd, 431033.167, 106
Trd, 431033.533, 89
Trd, 431033.617, 109
Trd, 431034.017, 105
Trd, 431034.983, 115
Trd, 431035.700, 93
Trd, 431036.317, 89
Trd, 431036.583, 87
Trd, 431037.267, 86
Trd, 431039.817, 90
Trd, 431040.100, 89
Trd, 431040.300, 90
Trd, 431040.833, 94
Trd, 431040.883, 99
Trd, 431044.250, 103
Trd, 431044.683, 103
Trd, 431045.083, 104
Trd, 431045.217, 105
Trd, 431045.383, 104
Trd, 431046.650, 106
Trd, 431047.483, 103
Trd, 431047.883, 103
Trd, 431049.950, 103
Trd, 431050.500, 102
Trd, 431050.950, 101
Trd, 431051.650, 98
Trd, 431051.683, 100
Trd, 431052.300, 96
Trd, 431052.667, 98
Trd, 431053.200, 98
Trd, 431053.650, 98
Trd, 431054.500, 95
Trd, 431055.517, 93
Trd, 431056.850, 90
Trd, 431057.933, 93
Trd, 431058.983, 87
Trd, 431059.217, 89
Trd, 431059.550, 86
Trd, 431060.417, 88
Trd, 431060.683, 89
Trd, 431060.917, 90
Trd, 431061.383, 90
Trd, 431061.883, 95
Trd, 431062.967, 93
Trd, 431064.450, 97
Trd, 431064.550, 96
Trd, 431064.733, 106
Trd, 431065.967, 100
Trd, 431066.150, 101
Trd, 431066.800, 101
Trd, 431067.283, 102
Trd, 431067.750, 103
Trd, 431068.350, 104
Trd, 431068.733, 102
Trd, 431069.517, 95
Trd, 431070.483, 108
Trd, 431071.650, 105
Trd, 431073.383, 106
Trd, 431073.450, 106
Trd, 431073.617, 107
Trd, 431074.517, 107
Trd, 431074.967, 108
Trd, 431076.317, 102
Trd, 431077.250, 101
Trd, 431077.433, 103
Trd, 431077.583, 101
Trd, 431077.683, 106
Trd, 431080.283, 100
Trd, 431080.300, 99
Trd, 431080.900, 105
Trd, 431081.267, 104
Trd, 431082.050, 102
Trd, 431082.617, 98
Trd, 431082.733, 101
Trd, 431083.283, 100
Trd, 431083.617, 101
Trd, 431085.417, 109
Trd, 431085.483, 99
Trd, 431087.650, 109
Trd, 431087.767, 107
Trd, 431088.100, 111
Trd, 431088.700, 108
Trd, 431089.067, 107
Trd, 431091.183, 106
Trd, 431091.567, 101
Trd, 431092.467, 98
Trd, 431093.200, 103
Trd, 431093.583, 96
Trd, 431094.833, 95
Trd, 431095.350, 102
Trd, 431097.050, 98
Trd, 431097.183, 95
Trd, 431097.700, 94
Trd, 431098.050, 93
Trd, 431098.867, 98
Trd, 431098.883, 106
Trd, 431099.700, 96
Trd, 431101.267, 98
Trd, 431101.350, 92
Trd, 431102.467, 97
Trd, 431102.550, 98
Trd, 431103.983, 105
Trd, 431104.267, 99
Trd, 431105.183, 101
Trd, 431105.483, 102
Trd, 431106.417, 96
Trd, 431108.050, 97
Trd, 431108.117, 99
Trd, 431108.667, 109
Trd, 431108.850, 97
Trd, 431109.717, 98
Trd, 431110.383, 105
Trd, 431110.667, 106
Trd, 431111.750, 99
Trd, 431112.733, 98
Trd, 431113.400, 95
Trd, 431114.150, 94
Trd, 431114.250, 95
Trd, 431114.983, 93
Trd, 431115.367, 93
Trd, 431115.550, 92
Trd, 431116.150, 93
Trd, 431119.500, 89
Trd, 431119.550, 90
Trd, 431120.033, 88
Trd, 431121.367, 87
Trd, 431121.833, 92
Trd, 431121.983, 95
Trd, 431123.017, 97
Trd, 431123.267, 98
Trd, 431123.333, 93
Trd, 431124.517, 93
Trd, 431124.967, 104
Trd, 431125.283, 96
Trd, 431126.983, 103
Trd, 431127.467, 104
Trd, 431128.350, 105
Trd, 431128.533, 106
Trd, 431128.883, 102
Trd, 431129.250, 98
Trd, 431129.667, 95
Trd, 431129.750, 106
Trd, 431130.467, 106
Trd, 431130.500, 109
Trd, 431130.883, 105
Trd, 431131.417, 102
Trd, 431133.200, 105
Trd, 431133.617, 104
Trd, 431134.633, 103
Trd, 431136.117, 100
Trd, 431136.250, 101
Trd, 431136.450, 106
Trd, 431136.600, 98
Trd, 431138.117, 96
Trd, 431138.383, 95
Trd, 431139.183, 93
Trd, 431139.233, 93
Trd, 431140.400, 90
Trd, 431140.550, 92
Trd, 431141.017, 94
Trd, 431142.733, 93
Trd, 431143.683, 90
Trd, 431143.733, 92
Trd, 431145.450, 93
Trd, 431147.367, 98
Trd, 431148.467, 103
Trd, 431148.500, 102
Trd, 431149.400, 102
Trd, 431149.700, 101
Trd, 431150.767, 98
Trd, 431150.950, 95
Trd, 431151.917, 95
Trd, 431152.050, 96
Trd, 431152.583, 94
Trd, 431152.617, 93
Trd, 431152.967, 96
Trd, 431153.167, 106
Trd, 431153.233, 109
Trd, 431154.317, 101
Trd, 431155.200, 100
Trd, 431155.600, 112
Trd, 431155.783, 106
Trd, 431157.217, 111
Trd, 431157.733, 111
Trd, 431157.833, 109
Trd, 431158.717, 102
Trd, 431159.083, 101
Trd, 431160.117, 95
Trd, 431161.033, 97
Trd, 431161.083, 96
Trd, 431161.933, 89
Trd, 431163.283, 91
Trd, 431163.867, 90
Trd, 431164.433, 90
Trd, 431164.883, 89
Trd, 431165.283, 88
Trd, 431165.683, 95
Trd, 431166.333, 88
Trd, 431167.217, 87
Trd, 431168.400, 104
Trd, 431169.333, 104
Trd, 431169.617, 105
Trd, 431170.300, 104
Trd, 431170.500, 101
Trd, 431170.683, 90
Trd, 431171.533, 104
Trd, 431172.083, 97
Trd, 431172.417, 92
Trd, 431173.217, 105
Trd, 431173.717, 106
Trd, 431174.200, 109
Trd, 431174.800, 95
Trd, 431174.967, 117
Trd, 431178.183, 109
Trd, 431179.417, 94
Trd, 431180.050, 98
Trd, 431180.183, 97
Trd, 431180.517, 110
Trd, 431182.717, 109
Trd, 431182.867, 109
Trd, 431183.083, 108
Trd, 431183.700, 107
Trd, 431184.000, 106
Trd, 431184.650, 107
Trd, 431186.050, 103
Trd, 431186.417, 103
Trd, 431186.550, 103
Trd, 431186.650, 101
Trd, 431188.350, 100
Trd, 431188.550, 98
Trd, 431188.817, 96
Trd, 431190.383, 94
Trd, 431190.583, 94
Trd, 431190.783, 93
Trd, 431190.867, 95
Trd, 431191.050, 106
Trd, 431191.867, 108
Trd, 431192.667, 104
Trd, 431192.783, 100
Trd, 431194.267, 104
Trd, 431194.483, 109
Trd, 431194.783, 98
Trd, 431195.250, 87
Trd, 431195.800, 92
Trd, 431196.883, 91
Trd, 431197.233, 90
Trd, 431197.833, 91
Trd, 431198.733, 94
Trd, 431200.267, 115
Trd, 431200.883, 103
Trd, 431201.617, 104
Trd, 431202.383, 107
Trd, 431202.600, 106
Trd, 431202.633, 96
Trd, 431203.850, 96
Trd, 431204.833, 98
Trd, 431205.217, 97
Trd, 431205.867, 97
Trd, 431205.967, 93
Trd, 431208.850, 101
Trd, 431209.650, 101
Trd, 431210.067, 101
Trd, 431210.733, 99
Trd, 431210.833, 100
Trd, 431211.567, 97
Trd, 431212.117, 93
Trd, 431212.783, 98
Trd, 431213.200, 100
Trd, 431213.333, 95
Trd, 431215.050, 92
Trd, 431215.283, 97
Trd, 431215.300, 106
Trd, 431215.683, 111
Trd, 431216.117, 99
Trd, 431216.983, 104
Trd, 431217.517, 101
Trd, 431219.150, 103
Trd, 431219.400, 101
Trd, 431221.200, 103
Trd, 431221.767, 100
Trd, 431222.100, 100
Trd, 431222.517, 100
Trd, 431222.883, 98
Trd, 431223.000, 99
Trd, 431223.600, 100
Trd, 431223.850, 93
Trd, 431224.750, 96
Trd, 431225.933, 106
Trd, 431227.800, 101
Trd, 431227.833, 95
Trd, 431230.433, 103
Trd, 431230.750, 103
Trd, 431230.967, 101
Trd, 431231.183, 103
Trd, 431231.917, 103
Trd, 431232.367, 98
Trd, 431233.133, 98
Trd, 431233.617, 95
Trd, 431234.583, 96
Trd, 431234.650, 95
Trd, 431235.300, 95
Trd, 431235.800, 94
Trd, 431235.900, 93
Trd, 431237.583, 90
Trd, 431238.650, 88
Trd, 431239.000, 88
Trd, 431239.017, 87
Trd, 431239.500, 90
Trd, 431240.533, 84
Trd, 431241.950, 94
Trd, 431243.000, 95
Trd, 431243.167, 97
Trd, 431243.267, 106
Trd, 431244.233, 96
Trd, 431244.683, 96
Trd, 431244.750, 93
Trd, 431245.267, 101
Trd, 431247.117, 100
Trd, 431247.867, 101
Trd, 431249.283, 94
Trd, 431249.700, 95
Trd, 431249.817, 95
Trd, 431250.917, 96
Trd, 431251.933, 106
Trd, 431252.900, 102
Trd, 431253.183, 101
Trd, 431253.933, 103
Trd, 431254.917, 104
Trd, 431255.117, 105
Trd, 431255.683, 105
Trd, 431256.650, 102
Trd, 431256.933, 98
Trd, 431257.250, 107
Trd, 431257.267, 100
Trd, 431258.383, 99
Trd, 431258.433, 106
Trd, 431260.283, 100
Trd, 431261.000, 100
Trd, 431261.267, 101
Trd, 431262.150, 99
Trd, 431262.300, 102
Trd, 431262.950, 98
Trd, 431263.083, 103
Trd, 431265.867, 106
Trd, 431266.317, 106
Trd, 431266.467, 103
Trd, 431267.367, 96
Trd, 431267.650, 102
Trd, 431268.933, 95
Trd, 431270.233, 107
Trd, 431270.267, 106
Trd, 431271.467, 101
Trd, 431272.917, 104
Trd, 431273.117, 103
Trd, 431274.150, 97
Trd, 431274.233, 98
Trd, 431275.300, 100
Trd, 431275.683, 95
Trd, 431277.250, 93
Trd, 431277.817, 94
Trd, 431278.267, 90
Trd, 431278.783, 92
Trd, 431279.533, 92
Trd, 431279.883, 95
Trd, 431280.533, 100
Trd, 431281.183, 106
Trd, 431281.317, 105
Trd, 431282.200, 109
Trd, 431282.517, 107
Trd, 431284.300, 104
Trd, 431284.483, 104
Trd, 431284.850, 103
Trd, 431285.633, 102
Trd, 431287.283, 101
Trd, 431287.567, 101
Trd, 431288.617, 99
Trd, 431289.033, 101
Trd, 431289.067, 100
Trd, 431289.150, 98
Trd, 431289.283, 106
Trd, 431290.083, 112
Trd, 431290.767, 96
Trd, 431292.450, 99
Trd, 431294.167, 101
Trd, 431294.233, 104
Trd, 431294.667, 100
Trd, 431295.900, 102
Trd, 431296.333, 98
Trd, 431297.167, 97
Trd, 431297.633, 97
Trd, 431298.033, 99
Trd, 431298.100, 98
Trd, 431298.417, 97
Trd, 431298.650, 95
Trd, 431299.467, 102
Trd, 431300.950, 97
Trd, 431301.133, 108
Trd, 431301.467, 95
Trd, 431303.250, 99
Trd, 431303.867, 100
Trd, 431306.000, 100
Trd, 431306.567, 102
Trd, 431306.917, 100
Trd, 431307.633, 101
Trd, 431308.717, 102
Trd, 431308.883, 102
Trd, 431309.883, 102
Trd, 431310.517, 103
Trd, 431310.800, 102
Trd, 431311.350, 100
Trd, 431312.117, 97
Trd, 431312.417, 97
Trd, 431312.683, 97
Trd, 431313.683, 96
Trd, 431314.833, 98
Trd, 431315.417, 98
Trd, 431318.200, 100
Trd, 431318.417, 98
Trd, 431320.067, 99
Trd, 431320.150, 100
Trd, 431320.433, 101
Trd, 431320.517, 102
Trd, 431320.533, 106
Trd, 431321.733, 106
Trd, 431321.883, 107
Trd, 431323.033, 107
Trd, 431323.517, 106
Trd, 431324.117, 105
Trd, 431324.917, 108
Trd, 431325.800, 101
Trd, 431327.367, 95
Trd, 431328.667, 98
Trd, 431328.967, 99
Trd, 431329.300, 99
Trd, 431330.300, 101
Trd, 431330.650, 96
Trd, 431330.683, 101
Trd, 431330.950, 101
Trd, 431332.250, 97
Trd, 431332.400, 92
Trd, 431333.683, 89
Trd, 431334.600, 102
Trd, 431335.000, 104
Trd, 431335.267, 94
Trd, 431337.067, 104
Trd, 431337.217, 105
Trd, 431337.233, 103
Trd, 431337.483, 98
Trd, 431337.800, 103
Trd, 431338.183, 96
Trd, 431338.900, 105
Trd, 431340.417, 102
Trd, 431341.033, 102
Trd, 431341.500, 103
Trd, 431342.467, 103
Trd, 431342.517, 101
Trd, 431343.283, 103
Trd, 431344.817, 93
Trd, 431344.867, 92
Trd, 431345.600, 93
Trd, 431348.267, 96
Trd, 431349.133, 97
Trd, 431349.267, 95
Trd, 431349.633, 93
Trd, 431349.650, 94
Trd, 431350.100, 95
Trd, 431351.267, 91
Trd, 431351.667, 93
Trd, 431353.050, 100
Trd, 431353.883, 106
Trd, 431354.317, 109
Trd, 431355.750, 108
Trd, 431356.033, 106
Trd, 431357.217, 107
Trd, 431357.800, 102
Trd, 431357.967, 99
Trd, 431358.150, 101
Trd, 431358.417, 96
Trd, 431359.633, 96
Trd, 431360.283, 96
Trd, 431360.500, 109
Trd, 431361.383, 97
Trd, 431362.233, 96
Trd, 431363.333, 98
Trd, 431363.650, 100
Trd, 431364.267, 99
Trd, 431364.817, 99
Trd, 431366.417, 104
Trd, 431366.467, 106
Trd, 431366.717, 112
Trd, 431367.483, 115
Trd, 431367.883, 106
Trd, 431368.550, 105
Trd, 431369.967, 99
Trd, 431370.917, 104
Trd, 431371.783, 101
Trd, 431372.000, 101
Trd, 431372.317, 101
Trd, 431373.667, 101
Trd, 431373.733, 100
Trd, 431374.500, 100
Trd, 431375.117, 98
Trd, 431376.667, 94
Trd, 431377.483, 95
Trd, 431377.533, 94
Trd, 431377.900, 94
Trd, 431378.350, 93
Trd, 431378.550, 106
Trd, 431379.133, 109
Trd, 431381.300, 106
Trd, 431381.750, 104
Trd, 431383.350, 105
Trd, 431383.800, 101
Trd, 431384.500, 100
Trd, 431385.383, 98
Trd, 431385.683, 98
Trd, 431386.133, 95
Trd, 431386.550, 95
Trd, 431386.833, 97
Trd, 431387.333, 101
Trd, 431387.500, 98
Trd, 431387.967, 96
Trd, 431388.083, 94
Trd, 431390.633, 96
Trd, 431391.000, 96
Trd, 431391.200, 97
Trd, 431391.900, 96
Trd, 431392.250, 95
Trd, 431392.850, 94
Trd, 431394.133, 95
Trd, 431394.917, 94
Trd, 431395.233, 106
Trd, 431396.467, 100
Trd, 431396.700, 106
Trd, 431397.417, 99
Trd, 431397.483, 98
Trd, 431398.000, 93
Trd, 431399.417, 107
Trd, 431401.783, 101
Trd, 431402.717, 101
Trd, 431402.850, 100
Trd, 431402.983, 101
Trd, 431403.183, 99
Trd, 431403.200, 101
Trd, 431404.533, 102
Trd, 431404.683, 95
Trd, 431407.000, 94
Trd, 431407.417, 92
Trd, 431407.767, 94
Trd, 431407.833, 97
Trd, 431408.117, 100
Trd, 431409.550, 101
Trd, 431410.317, 101
Trd, 431410.483, 97
Trd, 431411.233, 101
Trd, 431412.117, 98
Trd, 431412.700, 102
Trd, 431413.600, 101
Trd, 431414.000, 103
Trd, 431415.467, 106
Trd, 431415.967, 108
Trd, 431416.117, 109
Trd, 431417.283, 110
Trd, 431417.633, 109
Trd, 431418.633, 108
Trd, 431420.250, 106
Trd, 431422.100, 103
Trd, 431422.850, 103
Trd, 431423.000, 102
Trd, 431423.083, 101
Trd, 431423.767, 99
Trd, 431424.883, 100
Trd, 431425.683, 98
Trd, 431426.183, 99
Trd, 431426.350, 97
Trd, 431426.983, 97
Trd, 431427.033, 96
Trd, 431427.100, 92
Trd, 431427.350, 99
Trd, 431429.400, 101
Trd, 431430.017, 102
Trd, 431430.467, 96
Trd, 431431.867, 100
Trd, 431432.283, 97
Trd, 431432.600, 101
Trd, 431432.900, 100
Trd, 431434.000, 98
Trd, 431434.733, 97
Trd, 431435.900, 95
Trd, 431436.267, 95
Trd, 431437.250, 95
Trd, 431438.517, 95
Trd, 431438.767, 94
Trd, 431439.150, 104
Trd, 431439.467, 99
Trd, 431439.950, 100
Trd, 431439.967, 106
Trd, 431440.100, 95
Trd, 431440.750, 94
Trd, 431440.917, 93
Trd, 431441.650, 93
Trd, 431444.433, 103
Trd, 431444.533, 104
Trd, 431444.617, 107
Trd, 431445.633, 102
Trd, 431445.800, 97
Trd, 431446.833, 96
Trd, 431447.750, 100
Trd, 431448.583, 100
Trd, 431449.917, 96
Trd, 431450.167, 100
Trd, 431451.450, 100
Trd, 431451.467, 99
Trd, 431452.033, 98
Trd, 431453.350, 102
Trd, 431453.933, 103
Trd, 431454.800, 102
Trd, 431455.900, 102
Trd, 431455.983, 101
Trd, 431457.133, 104
Trd, 431457.550, 101
Trd, 431458.150, 97
Trd, 431459.233, 99
Trd, 431459.650, 96
Trd, 431460.517, 106
Trd, 431460.817, 96
Trd, 431461.483, 95
Trd, 431463.500, 105
Trd, 431463.700, 104
Trd, 431464.083, 105
Trd, 431464.700, 104
Trd, 431464.717, 104
Trd, 431464.767, 95
Trd, 431465.750, 99
Trd, 431465.983, 99
Trd, 431466.017, 98
Trd, 431467.383, 99
Trd, 431468.700, 96
Trd, 431468.817, 95
Trd, 431469.083, 91
Trd, 431469.833, 93
Trd, 431470.583, 95
Trd, 431470.767, 106
Trd, 431470.967, 94
Trd, 431472.033, 99
Trd, 431474.083, 95
Trd, 431475.733, 93
Trd, 431475.817, 95
Trd, 431475.883, 92
Trd, 431477.267, 95
Trd, 431477.517, 94
Trd, 431478.350, 93
Trd, 431479.000, 95
Trd, 431479.650, 90
Trd, 431480.017, 93
Trd, 431480.467, 93
Trd, 431480.617, 96
Trd, 431480.750, 88
Trd, 431480.783, 97
Trd, 431481.250, 87
Trd, 431482.217, 105
Trd, 431483.283, 104
Trd, 431484.183, 109
Trd, 431484.700, 108
Trd, 431484.933, 112
Trd, 431485.617, 109
Trd, 431486.033, 112
Trd, 431486.400, 106
Trd, 431486.500, 102
Trd, 431487.683, 101
Trd, 431487.917, 110
Trd, 431489.550, 105
Trd, 431490.717, 102
Trd, 431490.950, 101
Trd, 431493.250, 100
Trd, 431493.617, 100
Trd, 431494.033, 98
Trd, 431495.300, 94
Trd, 431496.150, 100
Trd, 431496.450, 96
Trd, 431497.583, 99
Trd, 431498.400, 104
Trd, 431499.500, 106
Trd, 431499.550, 104
Trd, 431499.600, 92
Trd, 431501.283, 100
Trd, 431501.833, 100
Trd, 431502.683, 96
Trd, 431503.750, 99
Trd, 431505.883, 104
Trd, 431506.167, 105
Trd, 431506.183, 104
Trd, 431506.200, 103
Trd, 431506.683, 100
Trd, 431507.200, 95
Trd, 431507.850, 104
Trd, 431509.250, 102
Trd, 431511.583, 106
Trd, 431511.633, 104
Trd, 431512.050, 108
Trd, 431512.333, 99
Trd, 431513.533, 99
Trd, 431514.583, 98
Trd, 431514.667, 99
Trd, 431515.067, 101
Trd, 431515.517, 97
Trd, 431516.050, 98
Trd, 431516.883, 97
Trd, 431517.467, 97
Trd, 431518.833, 97
Trd, 431519.850, 96
Trd, 431520.567, 96
Trd, 431520.733, 98
Trd, 431520.917, 102
Trd, 431522.267, 97
Trd, 431522.683, 95
Trd, 431524.783, 98
Trd, 431524.883, 100
Trd, 431525.633, 103
Trd, 431526.100, 104
Trd, 431526.550, 104
Trd, 431526.850, 102
Trd, 431527.283, 103
Trd, 431529.017, 103
Trd, 431529.800, 103
Trd, 431529.883, 104
Trd, 431530.750, 103
Trd, 431532.217, 105
Trd, 431532.783, 103
Trd, 431532.883, 105
Trd, 431533.183, 103
Trd, 431533.517, 101
Trd, 431533.600, 98
Trd, 431534.017, 95
Trd, 431534.767, 91
Trd, 431535.217, 84
Trd, 431537.150, 103
Trd, 431538.133, 92
Trd, 431539.283, 98
Trd, 431540.683, 98
Trd, 431541.433, 100
Trd, 431542.067, 102
Trd, 431542.333, 104
Trd, 431542.550, 105
Trd, 431543.117, 106
Trd, 431543.250, 105
Trd, 431545.067, 109
Trd, 431545.550, 108
Trd, 431545.617, 114
Trd, 431546.167, 104
Trd, 431546.350, 101
Trd, 431546.400, 106
Trd, 431546.850, 99
Trd, 431548.867, 98
Trd, 431549.167, 97
Trd, 431549.283, 98
Trd, 431549.483, 98
Trd, 431550.583, 101
Trd, 431551.317, 98
Trd, 431551.717, 96
Trd, 431551.733, 95
Trd, 431552.417, 98
Trd, 431553.033, 99
Trd, 431554.067, 99
Trd, 431554.683, 98
Trd, 431556.083, 99
Trd, 431556.833, 102
Trd, 431557.550, 104
Trd, 431557.750, 105
Trd, 431558.483, 103
Trd, 431558.650, 105
Trd, 431560.217, 104
Trd, 431561.100, 101
Trd, 431562.300, 100
Trd, 431563.317, 103
Trd, 431564.017, 104
Trd, 431565.083, 97
Trd, 431565.800, 101
Trd, 431565.817, 99
Trd, 431566.317, 96
Trd, 431566.517, 93
Trd, 431566.583, 100
Trd, 431566.950, 95
Trd, 431568.167, 100
Trd, 431568.417, 103
Trd, 431570.167, 101
Trd, 431570.883, 103
Trd, 431571.383, 104
Trd, 431571.817, 102
Trd, 431572.300, 102
Trd, 431573.550, 99
Trd, 431574.167, 95
Trd, 431574.750, 94
Trd, 431574.833, 96
Trd, 431575.633, 106
Trd, 431575.783, 91
Trd, 431576.133, 109
Trd, 431576.750, 117
Trd, 431578.350, 102
Trd, 431578.517, 101
Trd, 431579.167, 97
Trd, 431579.383, 95
Trd, 431579.850, 96
Trd, 431580.533, 93
Trd, 431580.700, 88
Trd, 431581.117, 92
Trd, 431582.133, 89
Trd, 431582.167, 90
Trd, 431583.817, 93
Trd, 431585.083, 96
Trd, 431585.950, 106
Trd, 431586.083, 105
Trd, 431586.700, 106
Trd, 431587.833, 110
Trd, 431588.167, 114
Trd, 431588.533, 106
Trd, 431589.183, 105
Trd, 431589.433, 101
Trd, 431590.800, 98
Trd, 431590.883, 98
Trd, 431590.917, 103
Trd, 431592.783, 96
Trd, 431593.183, 94
Trd, 431593.217, 96
Trd, 431594.033, 93
Trd, 431594.367, 89
Trd, 431595.100, 92
Trd, 431595.333, 92
Trd, 431595.900, 92
Trd, 431596.417, 95
Trd, 431597.467, 91
Trd, 431599.683, 105
Trd, 431600.800, 97
Trd, 431601.917, 102
Trd, 431602.650, 102
Trd, 431602.667, 103
Trd, 431602.833, 102
Trd, 431603.933, 105
Trd, 431604.133, 105
Trd, 431605.333, 104
Trd, 431605.417, 105
Trd, 431606.267, 102
Trd, 431606.400, 101
Trd, 431607.183, 99
Trd, 431607.717, 103
Trd, 431608.100, 102
Trd, 431608.167, 99
Trd, 431608.633, 106
Trd, 431609.167, 117
Trd, 431609.317, 100
Trd, 431609.450, 99
Trd, 431610.767, 98
Trd, 431611.817, 98
Trd, 431612.117, 95
Trd, 431612.833, 97
Trd, 431615.000, 94
Trd, 431615.150, 94
Trd, 431615.167, 95
Trd, 431615.583, 108
Trd, 431617.650, 93
Trd, 431618.133, 94
Trd, 431618.650, 87
Trd, 431618.767, 93
Trd, 431619.800, 88
Trd, 431620.667, 85
Trd, 431621.100, 86
Trd, 431621.967, 83
Trd, 431622.500, 85
Trd, 431622.583, 90
Trd, 431622.600, 80
Trd, 431623.550, 85
Trd, 431624.017, 95
Trd, 431624.400, 96
Trd, 431625.633, 98
Trd, 431626.017, 106
Trd, 431626.883, 105
Trd, 431626.967, 104
Trd, 431627.800, 106
Trd, 431627.867, 105
Trd, 431629.033, 101
Trd, 431630.217, 87
Trd, 431631.467, 100
Trd, 431632.033, 99
Trd, 431633.283, 100
Trd, 431633.667, 101
Trd, 431633.683, 105
Trd, 431633.967, 109
Trd, 431634.667, 99
Trd, 431635.717, 112
Trd, 431637.833, 111
Trd, 431637.967, 112
Trd, 431639.117, 112
Trd, 431639.433, 114
Trd, 431640.183, 115
Trd, 431640.533, 108
Trd, 431641.150, 107
Trd, 431641.983, 115
Trd, 431642.350, 107
Trd, 431642.767, 106
Trd, 431642.967, 104
Trd, 431643.567, 100
Trd, 431644.333, 98
Trd, 431646.117, 102
Trd, 431646.850, 98
Trd, 431646.983, 98
Trd, 431647.467, 97
Trd, 431647.683, 96
Trd, 431648.850, 95
Trd, 431648.967, 94
Trd, 431649.317, 106
Trd, 431650.000, 101
Trd, 431650.867, 98
Trd, 431651.067, 94
Trd, 431654.050, 97
Trd, 431654.217, 97
Trd, 431654.417, 100
Trd, 431654.567, 95
Trd, 431655.333, 100
Trd, 431655.650, 99
Trd, 431656.000, 93
Trd, 431656.433, 105
Trd, 431660.183, 94
Trd, 431660.267, 99
Trd, 431660.517, 98
Trd, 431661.117, 94
Trd, 431661.750, 96
Trd, 431662.017, 94
Trd, 431662.450, 96
Trd, 431662.950, 91
Trd, 431663.400, 94
Trd, 431663.500, 95
Trd, 431663.983, 95
Trd, 431664.667, 106
Trd, 431666.467, 98
Trd, 431667.550, 95
Trd, 431669.250, 98
Trd, 431669.283, 101
Trd, 431670.067, 101
Trd, 431670.533, 99
Trd, 431671.033, 103
Trd, 431671.300, 107
Trd, 431671.550, 94
Trd, 431672.250, 98
Trd, 431672.933, 104
Trd, 431674.750, 96
Trd, 431676.233, 96
Trd, 431676.900, 95
Trd, 431677.567, 94
Trd, 431677.917, 95
Trd, 431677.967, 94
Trd, 431678.867, 95
Trd, 431679.033, 101
Trd, 431680.067, 95
Trd, 431682.133, 104
Trd, 431682.367, 104
Trd, 431682.950, 103
Trd, 431683.233, 104
Trd, 431683.367, 101
Trd, 431683.933, 95
Trd, 431684.167, 102
Trd, 431685.600, 98
Trd, 431687.250, 103
Trd, 431688.200, 101
Trd, 431689.017, 101
Trd, 431689.567, 100
Trd, 431690.050, 105
Trd, 431691.800, 105
Trd, 431692.400, 106
Trd, 431692.883, 109
Trd, 431692.933, 104
Trd, 431693.967, 105
Trd, 431694.183, 105
Trd, 431695.750, 110
Trd, 431696.150, 110
Trd, 431696.733, 101
Trd, 431696.967, 98
Trd, 431697.400, 95
Trd, 431698.317, 103
Trd, 431700.150, 98
Trd, 431700.483, 96
Trd, 431700.567, 98
Trd, 431700.683, 99
Trd, 431702.433, 98
Trd, 431704.000, 107
Trd, 431704.917, 107
Trd, 431705.017, 107
Trd, 431705.350, 106
Trd, 431705.733, 108
Trd, 431706.167, 106
Trd, 431706.733, 103
Trd, 431707.267, 103
Trd, 431708.533, 101
Trd, 431708.767, 100
Trd, 431709.050, 98
Trd, 431709.600, 94
Trd, 431710.333, 101
Trd, 431710.733, 100
Trd, 431712.067, 96
Trd, 431712.550, 106
Trd, 431712.933, 106
Trd, 431713.317, 98
Trd, 431714.950, 107
Trd, 431715.117, 106
Trd, 431715.967, 98
Trd, 431716.283, 98
Trd, 431716.767, 99
Trd, 431716.933, 98
Trd, 431716.983, 98
Trd, 431717.567, 98
Trd, 431718.167, 95
Trd, 431718.633, 95
Trd, 431719.667, 98
Trd, 431721.133, 103
Trd, 431721.167, 102
Trd, 431721.250, 104
Trd, 431721.417, 99
Trd, 431722.100, 104
Trd, 431722.433, 106
Trd, 431724.183, 102
Trd, 431725.467, 101
Trd, 431725.667, 97
Trd, 431725.717, 95
Trd, 431726.067, 102
Trd, 431726.300, 103
Trd, 431727.017, 109
Trd, 431729.267, 102
Trd, 431730.183, 101
Trd, 431730.833, 110
Trd, 431732.300, 106
Trd, 431733.667, 106
Trd, 431733.917, 106
Trd, 431734.133, 105
Trd, 431735.750, 103
Trd, 431735.900, 106
Trd, 431736.683, 100
Trd, 431737.717, 99
Trd, 431737.950, 97
Trd, 431738.367, 100
Trd, 431738.417, 101
Trd, 431739.717, 103
Trd, 431739.783, 106
Trd, 431740.717, 106
Trd, 431741.350, 106
Trd, 431742.000, 109
Trd, 431743.233, 109
Trd, 431744.150, 108
Trd, 431744.217, 112
Trd, 431745.583, 102
Trd, 431746.383, 106
Trd, 431746.417, 101
Trd, 431747.583, 104
Trd, 431748.033, 104
Trd, 431748.450, 103
Trd, 431748.500, 101
Trd, 431749.933, 101
Trd, 431750.650, 98
Trd, 431750.817, 99
Trd, 431751.100, 98
Trd, 431752.150, 95
Trd, 431752.217, 98
Trd, 431752.850, 95
Trd, 431753.150, 94
Trd, 431753.783, 93
Trd, 431753.917, 88
Trd, 431754.500, 95
Trd, 431755.817, 105
Trd, 431756.533, 98
Trd, 431756.917, 105
Trd, 431757.567, 94
Trd, 431758.500, 100
Trd, 431758.850, 97
Trd, 431760.467, 101
Trd, 431761.000, 101
Trd, 431761.583, 101
Trd, 431762.300, 106
Trd, 431762.617, 106
Trd, 431762.917, 106
Trd, 431764.150, 109
Trd, 431765.033, 96
Trd, 431766.383, 93
Trd, 431766.400, 95
Trd, 431767.200, 94
Trd, 431768.450, 91
Trd, 431768.483, 95
Trd, 431769.283, 95
Trd, 431769.317, 90
Trd, 431769.650, 106
Trd, 431772.067, 97
Trd, 431772.567, 97
Trd, 431773.417, 102
Trd, 431773.783, 101
Trd, 431774.250, 101
Trd, 431774.767, 99
Trd, 431775.000, 95
Trd, 431775.300, 93
Trd, 431776.000, 97
Trd, 431777.250, 94
Trd, 431777.783, 92
Trd, 431777.883, 94
Trd, 431779.183, 93
Trd, 431779.833, 92
Trd, 431780.050, 93
Trd, 431780.967, 89
Trd, 431781.917, 104
Trd, 431783.900, 99
Trd, 431784.517, 99
Trd, 431785.050, 99
Trd, 431785.183, 99
Trd, 431785.517, 99
Trd, 431786.583, 104
Trd, 431786.633, 108
Trd, 431786.800, 101
Trd, 431787.050, 100
Trd, 431787.567, 109
Trd, 431788.683, 98
Trd, 431788.800, 92
Trd, 431790.183, 90
Trd, 431790.833, 99
Trd, 431791.100, 101
Trd, 431791.300, 99
Trd, 431791.983, 101
Trd, 431794.083, 99
Trd, 431794.700, 98
Trd, 431795.133, 98
Trd, 431795.767, 100
Trd, 431796.317, 102
Trd, 431796.717, 94
Trd, 431798.133, 103
Trd, 431798.483, 105
Trd, 431798.900, 106
Trd, 431800.183, 117
Trd, 431800.817, 112
Trd, 431801.150, 114
Trd, 431801.750, 112
Trd, 431802.350, 111
Trd, 431802.833, 110
Trd, 431803.033, 112
Trd, 431803.400, 106
Trd, 431804.483, 106
Trd, 431806.517, 105
Trd, 431806.617, 102
Trd, 431807.450, 105
Trd, 431807.533, 104
Trd, 431808.467, 104
Trd, 431808.883, 103
Trd, 431809.100, 102
Trd, 431809.333, 120
Trd, 431810.067, 100
Trd, 431811.700, 95
Trd, 431812.183, 113
Trd, 431814.933, 99
Trd, 431815.933, 100
Trd, 431816.100, 99
Trd, 431816.767, 99
Trd, 431816.917, 99
Trd, 431817.850, 98
Trd, 431817.917, 99
Trd, 431818.717, 100
Trd, 431819.317, 100
Trd, 431819.950, 99
Trd, 431820.783, 100
Trd, 431821.117, 106
Trd, 431821.800, 107
Trd, 431822.250, 106
Trd, 431823.983, 101
Trd, 431824.200, 102
Trd, 431824.317, 101
Trd, 431825.333, 99
Trd, 431825.833, 100
Trd, 431825.917, 99
Trd, 431827.333, 98
Trd, 431828.017, 99
Trd, 431830.300, 104
Trd, 431830.733, 96
Trd, 431831.417, 103
Trd, 431831.583, 96
Trd, 431833.067, 101
Trd, 431833.117, 96
Trd, 431833.767, 100
Trd, 431834.167, 97
Trd, 431834.483, 106
Trd, 431834.883, 96
Trd, 431837.050, 98
Trd, 431837.317, 98
Trd, 431837.400, 99
Trd, 431838.683, 100
Trd, 431838.867, 95
Trd, 431840.383, 98
Trd, 431840.900, 96
Trd, 431841.133, 98
Trd, 431841.533, 101
Trd, 431842.333, 100
Trd, 431843.133, 105
Trd, 431844.133, 99
Trd, 431844.200, 97
Trd, 431844.617, 94
Trd, 431845.017, 103
Trd, 431846.417, 97
Trd, 431846.833, 98
Trd, 431846.950, 97
Trd, 431847.283, 104
Trd, 431849.233, 95
Trd, 431849.417, 99
Trd, 431850.233, 99
Trd, 431850.767, 98
Trd, 431851.600, 103
Trd, 431852.050, 95
Trd, 431852.367, 96
Trd, 431852.883, 98
Trd, 431853.233, 97
Trd, 431853.300, 96
Trd, 431853.883, 95
Trd, 431854.167, 96
Trd, 431855.433, 95
Trd, 431857.000, 106
Trd, 431859.350, 104
Trd, 431859.633, 100
Trd, 431862.233, 101
Trd, 431862.767, 100
Trd, 431863.400, 98
Trd, 431863.483, 95
Trd, 431863.867, 99
Trd, 431864.233, 95
Trd, 431864.767, 97
Trd, 431864.783, 98
Trd, 431865.267, 97
Trd, 431865.433, 96
Trd, 431866.250, 89
Trd, 431866.617, 106
Trd, 431867.783, 105
Trd, 431868.883, 109
Trd, 431869.867, 108
Trd, 431869.900, 101
Trd, 431870.717, 97
Trd, 431871.683, 95
Trd, 431872.150, 95
Trd, 431872.683, 97
Trd, 431875.583, 111
Trd, 431875.717, 111
Trd, 431875.750, 107
Trd, 431876.050, 111
Trd, 431876.133, 112
Trd, 431876.183, 107
Trd, 431876.483, 106
Trd, 431876.983, 115
Trd, 431877.067, 98
Trd, 431878.650, 105
Trd, 431879.450, 105
Trd, 431880.017, 105
Trd, 431880.433, 101
Trd, 431880.733, 93
Trd, 431880.983, 88
Trd, 431881.750, 89
Trd, 431883.317, 96
Trd, 431884.067, 94
Trd, 431884.167, 93
Trd, 431884.883, 101
Trd, 431886.350, 104
Trd, 431887.900, 102
Trd, 431888.300, 104
Trd, 431888.317, 106
Trd, 431888.883, 103
Trd, 431889.850, 103
Trd, 431891.250, 106
Trd, 431891.450, 104
Trd, 431892.267, 105
Trd, 431893.367, 103
Trd, 431894.967, 106
Trd, 431895.433, 105
Trd, 431895.467, 104
Trd, 431896.033, 105
Trd, 431896.983, 104
Trd, 431897.017, 102
Trd, 431897.150, 101
Trd, 431898.133, 98
Trd, 431899.050, 101
Trd, 431899.667, 101
Trd, 431899.683, 96
Trd, 431901.400, 94
Trd, 431901.667, 97
Trd, 431902.733, 93
Trd, 431904.200, 96
Trd, 431904.500, 106
Trd, 431905.467, 98
Trd, 431906.217, 107
Trd, 431906.233, 98
Trd, 431906.683, 108
Trd, 431908.117, 107
Trd, 431910.133, 99
Trd, 431910.150, 98
Trd, 431910.317, 97
Trd, 431910.617, 99
Trd, 431911.483, 99
Trd, 431912.250, 97
Trd, 431913.167, 95
Trd, 431913.333, 94
Trd, 431913.533, 95
Trd, 431913.883, 94
Trd, 431914.950, 108
Trd, 431916.083, 104
Trd, 431917.050, 101
Trd, 431917.350, 101
Trd, 431917.733, 102
Trd, 431918.367, 102
Trd, 431918.433, 98
Trd, 431918.783, 95
Trd, 431919.183, 95
Trd, 431919.317, 92
Trd, 431920.833, 98
Trd, 431921.117, 97
Trd, 431921.200, 95
Trd, 431921.850, 94
Trd, 431923.033, 89
Trd, 431924.067, 87
Trd, 431924.317, 95
Trd, 431924.983, 105
Trd, 431927.000, 106
Trd, 431927.050, 106
Trd, 431927.783, 108
Trd, 431928.617, 109
Trd, 431928.800, 107
Trd, 431929.017, 107
Trd, 431930.967, 99
Trd, 431932.533, 102
Trd, 431932.667, 101
Trd, 431932.733, 105
Trd, 431934.017, 103
Trd, 431934.600, 103
Trd, 431935.900, 106
Trd, 431936.167, 105
Trd, 431936.283, 103
Trd, 431936.433, 99
Trd, 431937.300, 115
Trd, 431937.333, 96
Trd, 431937.933, 115
Trd, 431938.450, 97
Trd, 431939.800, 98
Trd, 431941.533, 100
Trd, 431942.133, 99
Trd, 431942.233, 98
Trd, 431942.583, 94
Trd, 431942.650, 99
Trd, 431944.383, 97
Trd, 431944.783, 97
Trd, 431945.150, 100
Trd, 431945.750, 94
Trd, 431946.983, 104
Trd, 431947.017, 105
Trd, 431947.500, 106
Trd, 431947.800, 97
Trd, 431949.350, 102
Trd, 431950.883, 101
Trd, 431951.767, 101
Trd, 431952.217, 102
Trd, 431952.933, 102
Trd, 431953.883, 103
Trd, 431955.383, 105
Trd, 431955.417, 106
Trd, 431955.550, 104
Trd, 431956.433, 103
Trd, 431956.500, 102
Trd, 431957.950, 98
Trd, 431958.533, 96
Trd, 431959.617, 95
Trd, 431959.700, 94
Trd, 431959.883, 95
Trd, 431960.500, 99
Trd, 431960.700, 94
Trd, 431960.967, 103
Trd, 431962.300, 103
Trd, 431963.283, 96
Trd, 431964.633, 98
Trd, 431965.850, 97
Trd, 431966.667, 105
Trd, 431966.783, 102
Trd, 431968.267, 104
Trd, 431968.333, 106
Trd, 431968.750, 105
Trd, 431969.467, 106
Trd, 431970.000, 106
Trd, 431971.367, 108
Trd, 431971.967, 106
Trd, 431972.033, 105
Trd, 431972.450, 105
Trd, 431972.950, 105
Trd, 431974.817, 100
Trd, 431975.000, 98
Trd, 431975.700, 97
Trd, 431977.000, 95
Trd, 431977.017, 93
Trd, 431978.250, 95
Trd, 431978.883, 95
Trd, 431979.583, 99
Trd, 431980.433, 99
Trd, 431981.583, 99
Trd, 431982.517, 103
Trd, 431983.083, 103
Trd, 431983.233, 105
Trd, 431983.917, 103
Trd, 431984.417, 103
Trd, 431984.917, 99
Trd, 431986.000, 104
Trd, 431987.650, 101
Trd, 431988.317, 100
Trd, 431988.383, 104
Trd, 431991.733, 101
Trd, 431991.867, 106
Trd, 431992.350, 100
Trd, 431993.017, 98
Trd, 431993.033, 109
Trd, 431995.483, 98
Trd, 431996.333, 100
Trd, 431996.733, 102
Trd, 431996.817, 100
Trd, 431996.933, 101
Trd, 431997.517, 101
Trd, 431997.850, 99
Trd, 431998.333, 99
Trd, 431998.950, 98
