Trd, 430640.683, 95
Trd, 430640.850, 102
Trd, 430640.867, 93
Trd, 430641.667, 99
Trd, 430643.783, 97
Trd, 430643.800, 95
Trd, 430644.800, 95
Trd, 430645.350, 96
Trd, 430646.183, 115
Trd, 430646.633, 108
Trd, 430646.950, 104
Trd, 430647.483, 117
Trd, 430648.167, 97
Trd, 430648.633, 113
Trd, 430649.150, 98
Trd, 430649.167, 112
Trd, 430651.350, 104
Trd, 430652.900, 100
Trd, 430655.383, 111
Trd, 430656.200, 109
Trd, 430656.300, 110
Trd, 430657.000, 98
Trd, 430657.300, 111
Trd, 430658.517, 100
Trd, 430659.617, 106
Trd, 430661.017, 106
Trd, 430661.350, 113
Trd, 430661.367, 119
Trd, 430662.567, 106
Trd, 430662.950, 104
Trd, 430663.200, 103
Trd, 430663.933, 95
Trd, 430664.117, 115
Trd, 430664.900, 110
Trd, 430665.267, 102
Trd, 430666.050, 100
Trd, 430666.283, 96
Trd, 430666.717, 102
Trd, 430668.333, 107
Trd, 430668.850, 121
Trd, 430669.633, 123
Trd, 430669.733, 117
Trd, 430670.033, 109
Trd, 430671.017, 107
Trd, 430672.500, 108
Trd, 430672.583, 101
Trd, 430672.617, 98
Trd, 430675.533, 104
Trd, 430675.867, 106
Trd, 430678.367, 107
Trd, 430678.433, 108
Trd, 430678.783, 122
Trd, 430679.567, 107
Trd, 430679.583, 106
Trd, 430679.883, 103
Trd, 430680.400, 98
Trd, 430680.967, 110
Trd, 430681.033, 95
Trd, 430681.250, 123
Trd, 430682.783, 116
Trd, 430683.783, 112
Trd, 430684.267, 102
Trd, 430684.817, 107
Trd, 430685.367, 123
Trd, 430685.833, 103
Trd, 430686.083, 101
Trd, 430686.100, 115
Trd, 430686.333, 98
Trd, 430686.750, 108
Trd, 430687.267, 111
Trd, 430689.300, 97
Trd, 430689.800, 95
Trd, 430690.967, 96
Trd, 430692.200, 109
Trd, 430694.317, 103
Trd, 430694.433, 102
Trd, 430694.617, 101
Trd, 430695.100, 102
Trd, 430695.150, 103
Trd, 430696.167, 99
Trd, 430696.517, 98
Trd, 430697.483, 103
Trd, 430698.167, 111
Trd, 430699.517, 113
Trd, 430700.500, 111
Trd, 430702.600, 109
Trd, 430702.833, 107
Trd, 430703.833, 107
Trd, 430704.183, 106
Trd, 430704.433, 110
Trd, 430705.083, 118
Trd, 430705.533, 106
Trd, 430706.133, 110
Trd, 430706.767, 109
Trd, 430708.450, 106
Trd, 430708.750, 101
Trd, 430709.633, 108
Trd, 430710.550, 108
Trd, 430710.733, 112
Trd, 430711.200, 125
Trd, 430712.150, 108
Trd, 430712.417, 121
Trd, 430713.400, 123
Trd, 430713.650, 121
Trd, 430714.017, 106
Trd, 430714.100, 101
Trd, 430715.967, 108
Trd, 430716.100, 110
Trd, 430717.267, 117
Trd, 430718.600, 105
Trd, 430719.367, 106
Trd, 430719.550, 107
Trd, 430720.050, 113
Trd, 430720.833, 107
Trd, 430721.983, 107
Trd, 430722.483, 106
Trd, 430723.167, 113
Trd, 430723.600, 98
Trd, 430725.100, 111
Trd, 430726.017, 115
Trd, 430728.283, 101
Trd, 430729.267, 109
Trd, 430729.467, 107
Trd, 430729.567, 102
Trd, 430729.667, 102
Trd, 430730.217, 94
Trd, 430730.350, 111
Trd, 430730.867, 94
Trd, 430731.417, 116
Trd, 430732.317, 107
Trd, 430732.417, 109
Trd, 430733.167, 106
Trd, 430733.900, 109
Trd, 430734.450, 110
Trd, 430735.233, 97
Trd, 430736.133, 112
Trd, 430737.400, 108
Trd, 430737.950, 106
Trd, 430738.517, 110
Trd, 430739.050, 111
Trd, 430739.183, 105
Trd, 430739.667, 100
Trd, 430739.717, 97
Trd, 430743.150, 103
Trd, 430743.400, 104
Trd, 430743.950, 104
Trd, 430746.183, 102
Trd, 430747.383, 104
Trd, 430747.700, 114
Trd, 430748.067, 102
Trd, 430749.917, 109
Trd, 430750.167, 108
Trd, 430750.767, 108
Trd, 430751.233, 107
Trd, 430752.050, 108
Trd, 430754.133, 110
Trd, 430754.283, 112
Trd, 430754.633, 106
Trd, 430755.917, 101
Trd, 430756.567, 101
Trd, 430757.017, 110
Trd, 430759.067, 115
Trd, 430759.167, 117
Trd, 430759.483, 117
Trd, 430759.717, 112
Trd, 430760.033, 111
Trd, 430762.283, 101
Trd, 430762.883, 100
Trd, 430763.083, 101
Trd, 430763.200, 101
Trd, 430764.133, 101
Trd, 430764.583, 100
Trd, 430765.717, 108
Trd, 430766.150, 109
Trd, 430766.367, 107
Trd, 430767.400, 118
Trd, 430768.317, 112
Trd, 430768.800, 108
Trd, 430770.033, 102
Trd, 430770.567, 111
Trd, 430770.817, 123
Trd, 430772.450, 101
Trd, 430773.783, 106
Trd, 430774.583, 107
Trd, 430775.817, 107
Trd, 430776.233, 109
Trd, 430776.833, 118
Trd, 430777.733, 106
Trd, 430778.417, 106
Trd, 430778.650, 101
Trd, 430779.667, 98
Trd, 430781.567, 107
Trd, 430781.783, 114
Trd, 430781.950, 107
Trd, 430782.000, 113
Trd, 430782.150, 115
Trd, 430782.700, 95
Trd, 430783.333, 95
Trd, 430784.533, 116
Trd, 430785.217, 108
Trd, 430785.417, 104
Trd, 430786.067, 98
Trd, 430786.733, 99
Trd, 430787.300, 101
Trd, 430787.383, 91
Trd, 430788.417, 108
Trd, 430788.583, 114
Trd, 430789.583, 108
Trd, 430790.317, 106
Trd, 430791.083, 104
Trd, 430793.117, 112
Trd, 430795.833, 106
Trd, 430796.383, 105
Trd, 430797.017, 108
Trd, 430797.167, 101
Trd, 430798.167, 108
Trd, 430798.250, 115
Trd, 430801.633, 122
Trd, 430801.833, 117
Trd, 430801.917, 112
Trd, 430802.667, 102
Trd, 430803.433, 101
Trd, 430803.750, 101
Trd, 430804.033, 102
Trd, 430805.283, 101
Trd, 430805.333, 111
Trd, 430805.517, 114
Trd, 430806.117, 101
Trd, 430806.817, 102
Trd, 430806.900, 101
Trd, 430807.033, 98
Trd, 430807.933, 103
Trd, 430809.183, 102
Trd, 430809.767, 109
Trd, 430810.117, 95
Trd, 430810.200, 94
Trd, 430810.233, 93
Trd, 430810.850, 104
Trd, 430811.800, 106
Trd, 430813.767, 111
Trd, 430814.400, 96
Trd, 430814.550, 112
Trd, 430815.550, 111
Trd, 430817.150, 106
Trd, 430817.283, 112
Trd, 430817.550, 109
Trd, 430818.617, 102
Trd, 430818.667, 112
Trd, 430819.317, 99
Trd, 430819.650, 95
Trd, 430819.767, 106
Trd, 430820.900, 105
Trd, 430823.267, 108
Trd, 430823.350, 109
Trd, 430823.700, 112
Trd, 430824.567, 101
Trd, 430826.400, 103
Trd, 430827.267, 115
Trd, 430827.417, 116
Trd, 430827.700, 107
Trd, 430828.483, 98
Trd, 430830.650, 95
Trd, 430831.050, 95
Trd, 430832.483, 98
Trd, 430832.900, 122
Trd, 430833.183, 100
Trd, 430834.067, 96
Trd, 430834.283, 96
Trd, 430835.050, 107
Trd, 430835.833, 107
Trd, 430836.150, 98
Trd, 430836.583, 97
Trd, 430838.050, 95
Trd, 430838.450, 96
Trd, 430839.267, 101
Trd, 430839.417, 96
Trd, 430840.067, 105
Trd, 430843.433, 103
Trd, 430843.633, 109
Trd, 430843.700, 109
Trd, 430843.767, 112
Trd, 430845.900, 122
Trd, 430846.050, 114
Trd, 430846.750, 112
Trd, 430846.917, 122
Trd, 430847.483, 113
Trd, 430848.050, 120
Trd, 430848.117, 106
Trd, 430849.567, 107
Trd, 430852.600, 104
Trd, 430853.233, 100
Trd, 430853.483, 114
Trd, 430854.350, 114
Trd, 430854.967, 114
Trd, 430855.283, 114
Trd, 430856.133, 118
Trd, 430856.833, 117
Trd, 430858.750, 114
Trd, 430859.033, 119
Trd, 430859.800, 109
Trd, 430861.867, 110
Trd, 430863.467, 101
Trd, 430863.750, 108
Trd, 430863.867, 110
Trd, 430864.350, 106
Trd, 430865.483, 112
Trd, 430866.350, 106
Trd, 430866.833, 104
Trd, 430866.917, 113
Trd, 430867.067, 98
Trd, 430867.717, 123
Trd, 430868.050, 122
Trd, 430869.900, 119
Trd, 430870.700, 123
Trd, 430871.583, 102
Trd, 430871.633, 109
Trd, 430871.950, 110
Trd, 430872.667, 111
Trd, 430873.733, 104
Trd, 430873.850, 101
Trd, 430874.233, 103
Trd, 430874.650, 102
Trd, 430874.783, 98
Trd, 430875.233, 126
Trd, 430875.450, 95
Trd, 430875.567, 94
Trd, 430876.767, 95
Trd, 430877.433, 91
Trd, 430877.533, 90
Trd, 430878.433, 119
Trd, 430878.600, 103
Trd, 430879.217, 112
Trd, 430879.767, 123
Trd, 430880.633, 109
Trd, 430881.167, 110
Trd, 430884.983, 113
Trd, 430885.950, 112
Trd, 430886.900, 112
Trd, 430887.617, 116
Trd, 430888.283, 115
Trd, 430890.117, 114
Trd, 430890.217, 113
Trd, 430890.350, 112
Trd, 430890.867, 113
Trd, 430891.383, 109
Trd, 430892.183, 116
Trd, 430892.217, 106
Trd, 430893.467, 108
Trd, 430894.517, 109
Trd, 430895.600, 113
Trd, 430895.800, 100
Trd, 430896.533, 99
Trd, 430897.433, 98
Trd, 430899.233, 112
Trd, 430899.767, 94
Trd, 430899.933, 93
Trd, 430900.033, 112
Trd, 430901.700, 111
Trd, 430902.600, 109
Trd, 430902.817, 96
Trd, 430903.283, 110
Trd, 430904.450, 107
Trd, 430905.467, 114
Trd, 430906.267, 106
Trd, 430906.400, 102
Trd, 430906.667, 96
Trd, 430906.850, 95
Trd, 430907.067, 105
Trd, 430908.133, 96
Trd, 430908.217, 93
Trd, 430908.817, 96
Trd, 430909.250, 114
Trd, 430910.817, 103
Trd, 430911.667, 122
Trd, 430911.933, 105
Trd, 430912.700, 112
Trd, 430913.667, 123
Trd, 430914.283, 114
Trd, 430914.783, 107
Trd, 430917.333, 107
Trd, 430917.633, 116
Trd, 430917.683, 106
Trd, 430919.067, 110
Trd, 430919.200, 119
Trd, 430919.250, 104
Trd, 430919.350, 120
Trd, 430919.567, 98
Trd, 430920.717, 121
Trd, 430921.150, 101
Trd, 430921.333, 96
Trd, 430922.633, 101
Trd, 430922.667, 95
Trd, 430923.183, 110
Trd, 430923.950, 102
Trd, 430924.033, 92
Trd, 430924.467, 91
Trd, 430924.750, 116
Trd, 430925.533, 93
Trd, 430926.600, 109
Trd, 430926.917, 117
Trd, 430927.800, 105
Trd, 430928.033, 125
Trd, 430928.950, 115
Trd, 430931.000, 113
Trd, 430932.450, 111
Trd, 430933.967, 106
Trd, 430935.117, 106
Trd, 430935.533, 101
Trd, 430936.783, 98
Trd, 430938.200, 100
Trd, 430938.367, 104
Trd, 430939.150, 101
Trd, 430940.000, 100
Trd, 430940.250, 98
Trd, 430940.683, 102
Trd, 430941.217, 93
Trd, 430941.517, 103
Trd, 430942.617, 95
Trd, 430943.750, 102
Trd, 430943.883, 107
Trd, 430944.617, 103
Trd, 430945.367, 101
Trd, 430945.617, 101
Trd, 430945.883, 102
Trd, 430946.317, 101
Trd, 430947.017, 114
Trd, 430948.050, 94
Trd, 430948.783, 94
Trd, 430949.333, 98
Trd, 430949.433, 120
Trd, 430949.733, 106
Trd, 430950.350, 123
Trd, 430951.083, 112
Trd, 430951.767, 103
Trd, 430953.150, 107
Trd, 430953.200, 105
Trd, 430955.267, 116
Trd, 430956.433, 115
Trd, 430957.933, 99
Trd, 430957.950, 105
Trd, 430958.017, 98
Trd, 430958.100, 93
Trd, 430958.433, 102
Trd, 430959.250, 90
Trd, 430959.433, 91
Trd, 430960.750, 104
Trd, 430961.300, 97
Trd, 430961.817, 108
Trd, 430965.833, 106
Trd, 430966.067, 102
Trd, 430966.200, 115
Trd, 430966.283, 117
Trd, 430967.267, 125
Trd, 430968.383, 102
Trd, 430969.100, 117
Trd, 430969.767, 115
Trd, 430973.167, 106
Trd, 430974.317, 107
Trd, 430974.600, 110
Trd, 430974.700, 116
Trd, 430974.733, 104
Trd, 430976.783, 120
Trd, 430976.900, 118
Trd, 430977.133, 126
Trd, 430977.783, 101
Trd, 430978.850, 102
Trd, 430979.083, 122
Trd, 430981.217, 107
Trd, 430982.683, 104
Trd, 430983.167, 115
Trd, 430983.183, 102
Trd, 430983.767, 117
Trd, 430984.183, 108
Trd, 430984.567, 101
Trd, 430985.350, 99
Trd, 430986.167, 95
Trd, 430986.367, 108
Trd, 430986.617, 96
Trd, 430987.767, 103
Trd, 430987.933, 104
Trd, 430988.033, 105
Trd, 430989.017, 103
Trd, 430989.150, 101
Trd, 430989.683, 101
Trd, 430990.333, 101
Trd, 430991.283, 109
Trd, 430991.617, 109
Trd, 430993.383, 103
Trd, 430994.517, 101
Trd, 430995.000, 95
Trd, 430995.100, 98
Trd, 430995.533, 117
Trd, 430996.567, 113
Trd, 430999.717, 110
Trd, 431000.033, 105
Trd, 431000.067, 117
Trd, 431000.133, 118
Trd, 431000.667, 120
Trd, 431000.967, 112
Trd, 431001.200, 103
Trd, 431003.867, 102
Trd, 431005.300, 101
Trd, 431007.167, 101
Trd, 431009.067, 115
Trd, 431009.383, 102
Trd, 431010.250, 106
Trd, 431010.700, 110
Trd, 431010.833, 101
Trd, 431010.950, 121
Trd, 431011.267, 123
Trd, 431011.900, 113
Trd, 431011.950, 106
Trd, 431012.567, 118
Trd, 431013.133, 117
Trd, 431013.717, 98
Trd, 431014.117, 116
Trd, 431015.000, 118
Trd, 431015.300, 123
Trd, 431018.100, 109
Trd, 431018.250, 110
Trd, 431018.283, 95
Trd, 431019.500, 94
Trd, 431019.967, 94
Trd, 431020.933, 98
Trd, 431020.967, 108
Trd, 431021.217, 93
Trd, 431022.500, 104
Trd, 431022.583, 110
Trd, 431023.967, 108
Trd, 431024.400, 108
Trd, 431025.017, 98
Trd, 431025.183, 115
Trd, 431025.667, 110
Trd, 431026.300, 96
Trd, 431026.317, 99
Trd, 431029.700, 102
Trd, 431030.050, 107
Trd, 431030.683, 106
Trd, 431031.817, 102
Trd, 431031.833, 107
Trd, 431031.983, 112
Trd, 431032.717, 105
Trd, 431033.617, 102
Trd, 431035.283, 103
Trd, 431035.467, 98
Trd, 431035.567, 95
Trd, 431036.200, 94
Trd, 431036.833, 94
Trd, 431037.167, 105
Trd, 431037.717, 105
Trd, 431038.683, 105
Trd, 431039.267, 111
Trd, 431040.150, 114
Trd, 431040.567, 112
Trd, 431040.800, 115
Trd, 431041.417, 102
Trd, 431042.550, 101
Trd, 431042.700, 120
Trd, 431043.033, 93
Trd, 431043.083, 121
Trd, 431043.283, 93
Trd, 431044.667, 105
Trd, 431044.967, 107
Trd, 431045.567, 95
Trd, 431046.550, 97
Trd, 431046.617, 109
Trd, 431046.917, 95
Trd, 431048.650, 95
Trd, 431050.050, 101
Trd, 431050.983, 102
Trd, 431051.117, 116
Trd, 431051.600, 97
Trd, 431052.383, 112
Trd, 431052.400, 113
Trd, 431053.200, 106
Trd, 431053.750, 113
Trd, 431054.450, 98
Trd, 431055.550, 119
Trd, 431055.883, 123
Trd, 431057.117, 116
Trd, 431057.783, 96
Trd, 431058.283, 95
Trd, 431060.033, 113
Trd, 431060.700, 98
Trd, 431060.850, 118
Trd, 431061.417, 121
Trd, 431062.383, 108
Trd, 431062.650, 106
Trd, 431063.483, 110
Trd, 431064.217, 106
Trd, 431065.933, 105
Trd, 431066.117, 95
Trd, 431066.500, 106
Trd, 431068.683, 107
Trd, 431069.667, 110
Trd, 431069.800, 112
Trd, 431069.850, 120
Trd, 431070.183, 107
Trd, 431070.200, 105
Trd, 431070.667, 109
Trd, 431072.483, 100
Trd, 431072.900, 106
Trd, 431073.467, 99
Trd, 431074.533, 105
Trd, 431074.767, 99
Trd, 431075.717, 98
Trd, 431076.667, 109
Trd, 431076.933, 115
Trd, 431077.217, 117
Trd, 431077.400, 101
Trd, 431078.400, 103
Trd, 431078.467, 120
Trd, 431078.800, 98
Trd, 431079.083, 96
Trd, 431080.033, 113
Trd, 431080.833, 110
Trd, 431081.817, 93
Trd, 431083.167, 94
Trd, 431085.000, 97
Trd, 431086.400, 107
Trd, 431086.617, 96
Trd, 431087.683, 90
Trd, 431087.933, 106
Trd, 431088.283, 116
Trd, 431088.433, 125
Trd, 431089.683, 113
Trd, 431090.133, 112
Trd, 431090.517, 121
Trd, 431092.550, 103
Trd, 431093.117, 102
Trd, 431093.633, 101
Trd, 431094.133, 96
Trd, 431094.567, 110
Trd, 431096.567, 105
Trd, 431097.200, 99
Trd, 431097.417, 100
Trd, 431099.183, 112
Trd, 431099.417, 108
Trd, 431099.750, 98
Trd, 431099.867, 113
Trd, 431101.183, 113
Trd, 431102.150, 110
Trd, 431102.767, 110
Trd, 431103.467, 110
Trd, 431103.750, 109
Trd, 431104.100, 111
Trd, 431104.750, 111
Trd, 431104.883, 109
Trd, 431106.167, 107
Trd, 431106.517, 106
Trd, 431106.600, 121
Trd, 431108.317, 107
Trd, 431108.483, 115
Trd, 431109.850, 107
Trd, 431110.017, 113
Trd, 431110.917, 104
Trd, 431112.767, 113
Trd, 431112.850, 101
Trd, 431113.850, 103
Trd, 431114.417, 101
Trd, 431114.983, 101
Trd, 431115.083, 110
Trd, 431115.100, 98
Trd, 431116.633, 104
Trd, 431117.283, 106
Trd, 431119.250, 116
Trd, 431120.117, 104
Trd, 431120.333, 109
Trd, 431120.750, 112
Trd, 431120.783, 101
Trd, 431121.417, 97
Trd, 431121.983, 96
Trd, 431122.517, 101
Trd, 431122.650, 93
Trd, 431123.200, 109
Trd, 431123.217, 94
Trd, 431124.800, 108
Trd, 431124.967, 92
Trd, 431125.017, 109
Trd, 431127.050, 109
Trd, 431127.183, 113
Trd, 431128.650, 99
Trd, 431129.517, 100
Trd, 431131.000, 100
Trd, 431131.167, 101
Trd, 431131.383, 92
Trd, 431132.150, 121
Trd, 431132.250, 91
Trd, 431133.300, 111
Trd, 431133.717, 95
Trd, 431134.233, 101
Trd, 431134.783, 98
Trd, 431135.450, 104
Trd, 431136.433, 99
Trd, 431136.950, 102
Trd, 431137.050, 98
Trd, 431137.617, 110
Trd, 431138.417, 110
Trd, 431138.733, 119
Trd, 431138.833, 123
Trd, 431140.217, 123
Trd, 431140.700, 108
Trd, 431143.133, 114
Trd, 431144.233, 104
Trd, 431145.817, 105
Trd, 431146.350, 103
Trd, 431146.967, 102
Trd, 431148.083, 104
Trd, 431148.517, 106
Trd, 431148.883, 101
Trd, 431149.250, 105
Trd, 431149.533, 116
Trd, 431150.650, 107
Trd, 431151.483, 101
Trd, 431151.900, 111
Trd, 431152.967, 112
Trd, 431152.983, 104
Trd, 431153.983, 108
Trd, 431154.083, 109
Trd, 431154.117, 103
Trd, 431154.683, 101
Trd, 431156.217, 99
Trd, 431157.017, 122
Trd, 431157.717, 125
Trd, 431158.133, 110
Trd, 431160.050, 103
Trd, 431160.500, 102
Trd, 431161.717, 101
Trd, 431161.767, 98
Trd, 431162.517, 110
Trd, 431162.733, 110
Trd, 431164.650, 109
Trd, 431164.783, 110
Trd, 431165.150, 99
Trd, 431165.333, 112
Trd, 431166.017, 98
Trd, 431166.033, 95
Trd, 431166.967, 110
Trd, 431167.550, 113
Trd, 431167.983, 113
Trd, 431168.183, 106
Trd, 431168.333, 101
Trd, 431169.483, 99
Trd, 431170.067, 106
Trd, 431172.683, 106
Trd, 431174.100, 106
Trd, 431174.300, 107
Trd, 431174.850, 110
Trd, 431177.617, 106
Trd, 431177.883, 107
Trd, 431177.950, 123
Trd, 431178.467, 102
Trd, 431178.700, 110
Trd, 431179.383, 102
Trd, 431180.667, 113
Trd, 431181.217, 106
Trd, 431181.550, 102
Trd, 431182.217, 112
Trd, 431183.300, 101
Trd, 431183.400, 98
Trd, 431184.367, 109
Trd, 431184.767, 110
Trd, 431185.550, 99
Trd, 431186.300, 99
Trd, 431187.350, 92
Trd, 431189.017, 111
Trd, 431190.517, 98
Trd, 431191.783, 99
Trd, 431192.283, 101
Trd, 431193.333, 104
Trd, 431193.583, 107
Trd, 431194.167, 105
Trd, 431194.600, 113
Trd, 431195.183, 112
Trd, 431196.017, 102
Trd, 431196.667, 101
Trd, 431196.983, 121
Trd, 431197.367, 126
Trd, 431197.650, 109
Trd, 431197.817, 97
Trd, 431198.650, 97
Trd, 431199.117, 125
Trd, 431199.833, 104
Trd, 431200.367, 94
Trd, 431201.033, 93
Trd, 431201.383, 102
Trd, 431201.533, 107
Trd, 431203.050, 120
Trd, 431204.083, 101
Trd, 431206.417, 105
Trd, 431206.800, 93
Trd, 431207.500, 106
Trd, 431209.033, 100
Trd, 431209.500, 102
Trd, 431209.617, 98
Trd, 431210.000, 103
Trd, 431212.317, 112
Trd, 431212.867, 105
Trd, 431212.900, 104
Trd, 431212.950, 114
Trd, 431213.417, 115
Trd, 431213.467, 101
Trd, 431213.767, 98
Trd, 431214.033, 116
Trd, 431214.133, 95
Trd, 431214.267, 118
Trd, 431215.617, 97
Trd, 431215.933, 97
Trd, 431216.833, 124
Trd, 431217.167, 95
Trd, 431219.417, 93
Trd, 431219.650, 99
Trd, 431221.017, 101
Trd, 431221.317, 106
Trd, 431222.767, 91
Trd, 431224.167, 107
Trd, 431224.183, 96
Trd, 431225.133, 105
Trd, 431226.400, 104
Trd, 431227.617, 96
Trd, 431228.183, 104
Trd, 431228.500, 97
Trd, 431229.267, 109
Trd, 431230.350, 118
Trd, 431231.667, 119
Trd, 431234.000, 101
Trd, 431234.133, 112
Trd, 431234.483, 111
Trd, 431235.183, 105
Trd, 431235.417, 95
Trd, 431236.500, 109
Trd, 431236.850, 110
Trd, 431238.267, 106
Trd, 431238.367, 106
Trd, 431239.067, 104
Trd, 431239.417, 106
Trd, 431240.250, 107
Trd, 431242.400, 111
Trd, 431243.217, 111
Trd, 431243.967, 115
Trd, 431244.217, 116
Trd, 431244.833, 115
Trd, 431245.617, 117
Trd, 431246.700, 116
Trd, 431246.800, 106
Trd, 431248.150, 102
Trd, 431249.883, 112
Trd, 431250.500, 116
Trd, 431250.600, 101
Trd, 431251.417, 110
Trd, 431251.650, 119
Trd, 431251.883, 110
Trd, 431252.483, 98
Trd, 431254.950, 98
Trd, 431255.200, 95
Trd, 431255.517, 100
Trd, 431255.717, 101
Trd, 431256.117, 100
Trd, 431257.083, 110
Trd, 431257.433, 115
Trd, 431258.533, 114
Trd, 431259.483, 107
Trd, 431259.783, 101
Trd, 431260.017, 108
Trd, 431260.067, 93
Trd, 431260.317, 109
Trd, 431260.517, 92
Trd, 431260.817, 121
Trd, 431264.283, 99
Trd, 431265.517, 99
Trd, 431266.650, 101
Trd, 431266.733, 108
Trd, 431268.500, 107
Trd, 431269.717, 102
Trd, 431270.150, 101
Trd, 431270.350, 112
Trd, 431272.017, 106
Trd, 431273.417, 102
Trd, 431273.983, 104
Trd, 431274.017, 105
Trd, 431274.683, 107
Trd, 431274.817, 108
Trd, 431275.583, 105
Trd, 431275.800, 107
Trd, 431276.100, 103
Trd, 431276.450, 101
Trd, 431277.467, 99
Trd, 431278.250, 117
Trd, 431281.167, 107
Trd, 431281.233, 101
Trd, 431282.583, 116
Trd, 431282.600, 126
Trd, 431282.683, 126
Trd, 431282.883, 100
Trd, 431283.300, 99
Trd, 431283.483, 104
Trd, 431283.767, 98
Trd, 431284.417, 96
Trd, 431284.817, 98
Trd, 431285.167, 105
Trd, 431286.850, 106
Trd, 431288.350, 116
Trd, 431289.583, 112
Trd, 431289.950, 106
Trd, 431290.417, 106
Trd, 431290.533, 101
Trd, 431291.833, 103
Trd, 431292.333, 104
Trd, 431294.033, 108
Trd, 431294.317, 116
Trd, 431294.850, 105
Trd, 431295.600, 103
Trd, 431295.650, 98
Trd, 431297.983, 102
Trd, 431298.867, 101
Trd, 431299.233, 106
Trd, 431300.000, 115
Trd, 431300.717, 119
Trd, 431301.317, 102
Trd, 431301.617, 101
Trd, 431302.183, 119
Trd, 431302.883, 117
Trd, 431303.033, 106
Trd, 431303.967, 118
Trd, 431304.000, 123
Trd, 431305.067, 97
Trd, 431306.283, 104
Trd, 431306.983, 108
Trd, 431307.733, 98
Trd, 431308.900, 100
Trd, 431309.650, 103
Trd, 431311.333, 108
Trd, 431311.933, 111
Trd, 431312.083, 107
Trd, 431312.350, 115
Trd, 431313.350, 112
Trd, 431314.567, 114
Trd, 431315.133, 107
Trd, 431315.600, 107
Trd, 431315.717, 97
Trd, 431317.833, 106
Trd, 431317.850, 108
Trd, 431318.967, 103
Trd, 431319.100, 101
Trd, 431319.417, 97
Trd, 431319.483, 96
Trd, 431319.817, 108
Trd, 431321.800, 108
Trd, 431322.750, 104
Trd, 431323.217, 101
Trd, 431323.600, 103
Trd, 431324.017, 117
Trd, 431324.033, 98
Trd, 431325.150, 106
Trd, 431326.517, 101
Trd, 431326.883, 113
Trd, 431328.783, 107
Trd, 431329.483, 106
Trd, 431330.367, 95
Trd, 431331.583, 96
Trd, 431331.733, 107
Trd, 431332.600, 101
Trd, 431333.083, 103
Trd, 431333.250, 95
Trd, 431333.267, 103
Trd, 431333.450, 102
Trd, 431333.667, 93
Trd, 431335.217, 112
Trd, 431336.650, 98
Trd, 431336.667, 95
Trd, 431336.750, 97
Trd, 431336.983, 104
Trd, 431337.533, 109
Trd, 431337.933, 115
Trd, 431338.783, 113
Trd, 431339.833, 107
Trd, 431340.100, 111
Trd, 431340.150, 101
Trd, 431342.733, 126
Trd, 431342.967, 125
Trd, 431344.450, 105
Trd, 431344.983, 98
Trd, 431345.533, 97
Trd, 431347.300, 110
Trd, 431348.233, 101
Trd, 431349.367, 112
Trd, 431350.000, 114
Trd, 431352.083, 106
Trd, 431352.983, 106
Trd, 431353.167, 112
Trd, 431353.400, 102
Trd, 431354.783, 107
Trd, 431354.817, 112
Trd, 431355.283, 94
Trd, 431355.450, 115
Trd, 431355.517, 111
Trd, 431356.117, 116
Trd, 431358.267, 112
Trd, 431359.183, 108
Trd, 431359.950, 114
Trd, 431360.750, 104
Trd, 431361.333, 105
Trd, 431361.450, 103
Trd, 431361.683, 106
Trd, 431362.850, 117
Trd, 431363.217, 125
Trd, 431363.833, 123
Trd, 431364.533, 104
Trd, 431365.233, 102
Trd, 431365.767, 102
Trd, 431366.550, 101
Trd, 431366.567, 111
Trd, 431366.917, 106
Trd, 431366.950, 120
Trd, 431367.767, 109
Trd, 431368.250, 108
Trd, 431368.483, 115
Trd, 431372.850, 107
Trd, 431373.600, 106
Trd, 431374.750, 102
Trd, 431374.917, 101
Trd, 431374.967, 110
Trd, 431375.283, 110
Trd, 431375.567, 112
Trd, 431376.383, 96
Trd, 431377.000, 117
Trd, 431377.450, 116
Trd, 431378.567, 122
Trd, 431379.100, 121
Trd, 431379.400, 97
Trd, 431380.750, 104
Trd, 431381.800, 101
Trd, 431381.817, 105
Trd, 431383.833, 116
Trd, 431384.967, 112
Trd, 431385.483, 111
Trd, 431386.033, 108
Trd, 431387.383, 108
Trd, 431388.417, 110
Trd, 431389.650, 106
Trd, 431390.433, 103
Trd, 431390.583, 104
Trd, 431391.550, 112
Trd, 431392.917, 114
Trd, 431393.650, 109
Trd, 431393.950, 119
Trd, 431394.317, 110
Trd, 431394.767, 108
Trd, 431394.917, 101
Trd, 431395.233, 113
Trd, 431395.533, 98
Trd, 431396.400, 97
Trd, 431397.133, 96
Trd, 431397.800, 114
Trd, 431400.000, 113
Trd, 431400.250, 117
Trd, 431402.767, 106
Trd, 431403.317, 105
Trd, 431403.400, 106
Trd, 431403.883, 101
Trd, 431404.350, 109
Trd, 431404.450, 115
Trd, 431405.867, 113
Trd, 431406.433, 106
Trd, 431408.550, 106
Trd, 431409.150, 105
Trd, 431409.783, 99
Trd, 431410.583, 110
Trd, 431411.333, 109
Trd, 431412.200, 110
Trd, 431413.367, 109
Trd, 431414.483, 106
Trd, 431415.167, 105
Trd, 431415.417, 100
Trd, 431415.767, 108
Trd, 431416.833, 112
Trd, 431417.750, 108
Trd, 431419.000, 112
Trd, 431419.400, 107
Trd, 431419.550, 116
Trd, 431419.717, 98
Trd, 431420.750, 113
Trd, 431421.100, 99
Trd, 431423.617, 96
Trd, 431424.183, 97
Trd, 431424.600, 108
Trd, 431424.900, 109
Trd, 431424.967, 95
Trd, 431426.250, 109
Trd, 431426.400, 113
Trd, 431427.000, 106
Trd, 431428.733, 106
Trd, 431429.400, 104
Trd, 431430.833, 105
Trd, 431431.733, 99
Trd, 431432.933, 112
Trd, 431432.983, 120
Trd, 431433.283, 94
Trd, 431434.150, 113
Trd, 431434.700, 117
Trd, 431435.483, 103
Trd, 431435.883, 101
Trd, 431436.067, 98
Trd, 431436.883, 95
Trd, 431440.583, 106
Trd, 431440.933, 113
Trd, 431441.217, 123
Trd, 431441.233, 100
Trd, 431442.783, 123
Trd, 431442.967, 117
Trd, 431443.033, 117
Trd, 431444.650, 112
Trd, 431445.317, 106
Trd, 431445.767, 105
Trd, 431446.517, 101
Trd, 431447.283, 96
Trd, 431447.333, 102
Trd, 431447.783, 107
Trd, 431447.900, 103
Trd, 431448.517, 93
Trd, 431448.600, 109
Trd, 431451.150, 112
Trd, 431451.917, 93
Trd, 431452.650, 92
Trd, 431452.917, 111
Trd, 431453.350, 112
Trd, 431453.883, 118
Trd, 431455.750, 111
Trd, 431455.900, 104
Trd, 431456.083, 104
Trd, 431457.733, 104
Trd, 431457.800, 106
Trd, 431459.100, 104
Trd, 431459.633, 98
Trd, 431460.183, 113
Trd, 431460.383, 111
Trd, 431460.483, 98
Trd, 431461.233, 111
Trd, 431462.167, 109
Trd, 431462.733, 95
Trd, 431463.250, 93
Trd, 431465.867, 104
Trd, 431466.517, 107
Trd, 431467.117, 101
Trd, 431468.050, 99
Trd, 431469.867, 111
Trd, 431471.067, 115
Trd, 431471.150, 115
Trd, 431471.683, 115
Trd, 431475.200, 108
Trd, 431475.350, 109
Trd, 431476.300, 108
Trd, 431477.217, 110
Trd, 431477.617, 109
Trd, 431478.533, 109
Trd, 431479.783, 104
Trd, 431479.833, 101
Trd, 431480.733, 102
Trd, 431480.867, 110
Trd, 431481.183, 106
Trd, 431481.433, 98
Trd, 431483.067, 94
Trd, 431483.083, 100
Trd, 431483.383, 99
Trd, 431483.617, 95
Trd, 431483.733, 106
Trd, 431484.600, 94
Trd, 431485.167, 102
Trd, 431486.983, 103
Trd, 431487.367, 112
Trd, 431487.483, 93
Trd, 431488.033, 117
Trd, 431492.067, 106
Trd, 431492.733, 102
Trd, 431493.350, 106
Trd, 431493.450, 103
Trd, 431493.850, 109
Trd, 431494.617, 109
Trd, 431495.433, 103
Trd, 431495.633, 101
Trd, 431495.900, 104
Trd, 431496.450, 110
Trd, 431496.500, 97
Trd, 431496.800, 92
Trd, 431497.117, 113
Trd, 431497.750, 113
Trd, 431498.467, 97
Trd, 431498.983, 96
Trd, 431499.167, 94
Trd, 431500.067, 98
Trd, 431500.133, 98
Trd, 431501.083, 98
Trd, 431501.300, 99
Trd, 431502.283, 97
Trd, 431502.617, 107
Trd, 431503.833, 111
Trd, 431504.917, 112
Trd, 431506.450, 108
Trd, 431506.617, 108
Trd, 431508.617, 98
Trd, 431509.833, 113
Trd, 431510.183, 103
Trd, 431511.083, 106
Trd, 431511.133, 100
Trd, 431511.783, 116
Trd, 431512.450, 113
Trd, 431515.367, 118
Trd, 431516.133, 114
Trd, 431516.483, 112
Trd, 431517.783, 115
Trd, 431517.933, 106
Trd, 431518.083, 103
Trd, 431518.433, 104
Trd, 431521.267, 109
Trd, 431522.183, 110
Trd, 431522.467, 114
Trd, 431522.750, 99
Trd, 431523.267, 123
Trd, 431524.417, 112
Trd, 431524.617, 125
Trd, 431524.700, 100
Trd, 431525.700, 106
Trd, 431525.733, 109
Trd, 431526.017, 103
Trd, 431526.150, 101
Trd, 431526.817, 98
Trd, 431529.000, 112
Trd, 431529.100, 95
Trd, 431530.767, 103
Trd, 431532.117, 108
Trd, 431532.767, 107
Trd, 431533.583, 99
Trd, 431534.150, 98
Trd, 431534.267, 105
Trd, 431534.933, 104
Trd, 431535.717, 98
Trd, 431535.833, 92
Trd, 431536.433, 119
Trd, 431536.750, 94
Trd, 431537.533, 105
Trd, 431537.600, 115
Trd, 431539.267, 101
Trd, 431539.867, 117
Trd, 431539.967, 116
Trd, 431540.400, 96
Trd, 431541.583, 100
Trd, 431542.050, 96
Trd, 431543.883, 102
Trd, 431544.350, 102
Trd, 431544.967, 123
Trd, 431545.233, 125
Trd, 431545.550, 110
Trd, 431546.917, 114
Trd, 431548.633, 113
Trd, 431549.267, 112
Trd, 431549.550, 113
Trd, 431550.233, 116
Trd, 431550.500, 107
Trd, 431551.150, 106
Trd, 431551.800, 113
Trd, 431552.450, 115
Trd, 431553.233, 116
Trd, 431553.683, 124
Trd, 431555.317, 116
Trd, 431556.633, 113
Trd, 431557.383, 107
Trd, 431557.900, 106
Trd, 431558.050, 108
Trd, 431559.417, 110
Trd, 431560.950, 119
Trd, 431561.250, 120
Trd, 431561.917, 122
Trd, 431561.933, 112
Trd, 431563.100, 121
Trd, 431563.283, 116
Trd, 431565.150, 107
Trd, 431566.067, 101
Trd, 431566.600, 111
Trd, 431566.883, 113
Trd, 431567.217, 119
Trd, 431569.250, 106
Trd, 431569.700, 108
Trd, 431570.350, 109
Trd, 431570.517, 109
Trd, 431571.867, 101
Trd, 431571.917, 109
Trd, 431572.017, 101
Trd, 431572.333, 113
Trd, 431574.817, 108
Trd, 431575.817, 105
Trd, 431576.733, 103
Trd, 431576.783, 105
Trd, 431577.783, 98
Trd, 431578.183, 98
Trd, 431578.250, 93
Trd, 431578.350, 90
Trd, 431580.167, 101
Trd, 431582.383, 106
Trd, 431582.717, 119
Trd, 431582.783, 124
Trd, 431583.150, 123
Trd, 431583.250, 114
Trd, 431583.317, 105
Trd, 431583.867, 101
Trd, 431585.050, 105
Trd, 431585.567, 103
Trd, 431585.650, 101
Trd, 431586.017, 98
Trd, 431587.267, 96
Trd, 431587.667, 95
Trd, 431588.517, 109
Trd, 431589.900, 95
Trd, 431590.300, 104
Trd, 431590.433, 93
Trd, 431590.950, 93
Trd, 431591.083, 90
Trd, 431591.800, 84
Trd, 431592.667, 100
Trd, 431593.817, 101
Trd, 431595.067, 102
Trd, 431595.667, 106
Trd, 431595.950, 102
Trd, 431596.817, 104
Trd, 431596.833, 105
Trd, 431598.467, 112
Trd, 431598.500, 118
Trd, 431598.750, 123
Trd, 431598.783, 99
Trd, 431598.850, 98
Trd, 431600.667, 115
Trd, 431601.117, 115
Trd, 431602.367, 108
Trd, 431603.250, 101
Trd, 431603.583, 102
Trd, 431604.217, 108
Trd, 431604.550, 113
Trd, 431605.300, 112
Trd, 431606.450, 101
Trd, 431606.767, 102
Trd, 431606.883, 124
Trd, 431607.400, 116
Trd, 431608.083, 105
Trd, 431608.317, 104
Trd, 431609.183, 117
Trd, 431609.667, 124
Trd, 431609.983, 98
Trd, 431610.583, 95
Trd, 431610.733, 94
Trd, 431610.883, 112
Trd, 431611.083, 94
Trd, 431612.050, 98
Trd, 431612.267, 97
Trd, 431613.250, 94
Trd, 431614.733, 103
Trd, 431614.850, 122
Trd, 431616.800, 102
Trd, 431617.683, 110
Trd, 431618.100, 109
Trd, 431619.017, 114
Trd, 431619.767, 101
Trd, 431620.833, 103
Trd, 431621.633, 102
Trd, 431622.483, 98
Trd, 431622.867, 104
Trd, 431623.467, 95
Trd, 431623.483, 93
Trd, 431624.083, 113
Trd, 431624.533, 106
Trd, 431627.117, 102
Trd, 431627.300, 102
Trd, 431627.367, 113
Trd, 431627.600, 114
Trd, 431628.683, 115
Trd, 431629.083, 95
Trd, 431629.367, 115
Trd, 431629.750, 123
Trd, 431631.033, 122
Trd, 431631.900, 110
Trd, 431632.183, 110
Trd, 431634.317, 108
Trd, 431634.733, 106
Trd, 431634.800, 101
Trd, 431636.000, 105
Trd, 431636.933, 98
Trd, 431638.050, 98
Trd, 431638.500, 95
Trd, 431639.450, 96
Trd, 431639.800, 98
Trd, 431640.983, 100
Trd, 431641.833, 96
Trd, 431642.200, 96
Trd, 431642.733, 101
Trd, 431643.517, 117
Trd, 431644.033, 115
Trd, 431646.467, 121
Trd, 431646.583, 109
Trd, 431647.333, 122
Trd, 431647.383, 112
Trd, 431648.033, 101
Trd, 431648.267, 102
Trd, 431649.283, 116
Trd, 431649.500, 98
Trd, 431650.600, 112
Trd, 431652.083, 111
Trd, 431653.783, 101
Trd, 431655.733, 101
Trd, 431656.500, 102
Trd, 431658.117, 103
Trd, 431658.417, 101
Trd, 431658.733, 98
Trd, 431659.417, 96
Trd, 431661.067, 99
Trd, 431661.583, 100
Trd, 431662.267, 99
Trd, 431662.650, 101
Trd, 431662.917, 103
Trd, 431663.133, 101
Trd, 431663.333, 117
Trd, 431664.217, 103
Trd, 431665.950, 95
Trd, 431666.100, 112
Trd, 431666.350, 113
Trd, 431667.133, 103
Trd, 431667.367, 104
Trd, 431667.717, 94
Trd, 431668.817, 93
Trd, 431668.950, 107
Trd, 431669.583, 94
Trd, 431669.900, 95
Trd, 431672.150, 111
Trd, 431672.200, 101
Trd, 431672.950, 111
Trd, 431673.583, 112
Trd, 431675.317, 109
Trd, 431675.733, 101
Trd, 431676.250, 112
Trd, 431676.333, 99
Trd, 431676.967, 123
Trd, 431676.983, 100
Trd, 431678.083, 100
Trd, 431678.517, 100
Trd, 431680.250, 112
Trd, 431680.817, 114
Trd, 431681.067, 119
Trd, 431681.533, 111
Trd, 431682.167, 111
Trd, 431683.433, 106
Trd, 431683.783, 109
Trd, 431685.667, 101
Trd, 431686.367, 106
Trd, 431686.650, 98
Trd, 431686.783, 106
Trd, 431686.950, 96
Trd, 431688.600, 108
Trd, 431688.633, 99
Trd, 431690.517, 110
Trd, 431691.083, 95
Trd, 431691.150, 109
Trd, 431691.317, 92
Trd, 431693.367, 95
Trd, 431694.450, 98
Trd, 431694.917, 101
Trd, 431695.400, 111
Trd, 431695.467, 102
Trd, 431695.600, 112
Trd, 431697.100, 107
Trd, 431697.667, 106
Trd, 431698.017, 105
Trd, 431698.183, 98
Trd, 431698.567, 114
Trd, 431699.200, 115
Trd, 431699.800, 105
Trd, 431701.150, 126
Trd, 431702.933, 101
Trd, 431703.950, 115
Trd, 431705.183, 104
Trd, 431705.267, 106
Trd, 431707.117, 104
Trd, 431708.167, 108
Trd, 431708.783, 105
Trd, 431708.950, 106
Trd, 431709.617, 104
Trd, 431710.283, 98
Trd, 431710.850, 102
Trd, 431711.267, 103
Trd, 431712.383, 119
Trd, 431712.800, 119
Trd, 431713.600, 115
Trd, 431715.050, 108
Trd, 431716.100, 106
Trd, 431716.417, 109
Trd, 431716.750, 101
Trd, 431717.183, 98
Trd, 431717.567, 94
Trd, 431720.850, 99
Trd, 431720.967, 97
Trd, 431721.333, 100
Trd, 431722.500, 95
Trd, 431723.300, 95
Trd, 431723.367, 98
Trd, 431725.233, 109
Trd, 431725.250, 93
Trd, 431725.717, 109
Trd, 431726.150, 92
Trd, 431726.917, 100
Trd, 431727.517, 101
Trd, 431728.000, 101
Trd, 431728.400, 116
Trd, 431729.350, 117
Trd, 431729.383, 111
Trd, 431730.483, 106
Trd, 431732.350, 97
Trd, 431733.633, 99
Trd, 431733.683, 98
Trd, 431734.083, 101
Trd, 431734.567, 107
Trd, 431734.733, 120
Trd, 431735.267, 95
Trd, 431735.500, 107
Trd, 431737.017, 102
Trd, 431737.750, 100
Trd, 431737.767, 112
Trd, 431738.483, 99
Trd, 431738.733, 120
Trd, 431739.200, 95
Trd, 431740.283, 108
Trd, 431742.067, 104
Trd, 431743.300, 109
Trd, 431744.367, 107
Trd, 431745.700, 100
Trd, 431746.233, 110
Trd, 431746.317, 99
Trd, 431747.550, 108
Trd, 431747.700, 110
Trd, 431747.933, 100
Trd, 431748.483, 99
Trd, 431749.167, 104
Trd, 431749.683, 100
Trd, 431750.267, 119
Trd, 431751.567, 111
Trd, 431751.917, 111
Trd, 431754.200, 105
Trd, 431754.950, 104
Trd, 431755.150, 105
Trd, 431756.067, 101
Trd, 431756.083, 106
Trd, 431756.250, 98
Trd, 431756.483, 96
Trd, 431758.050, 111
Trd, 431759.283, 118
Trd, 431759.400, 110
Trd, 431760.983, 100
Trd, 431761.467, 114
Trd, 431762.350, 95
Trd, 431763.050, 115
Trd, 431764.567, 108
Trd, 431764.983, 110
Trd, 431765.133, 106
Trd, 431765.617, 101
Trd, 431766.367, 106
Trd, 431766.867, 99
Trd, 431766.900, 108
Trd, 431768.400, 111
Trd, 431769.383, 106
Trd, 431769.617, 111
Trd, 431770.900, 112
Trd, 431771.567, 106
Trd, 431773.800, 106
Trd, 431775.517, 106
Trd, 431775.550, 105
Trd, 431776.150, 102
Trd, 431776.467, 106
Trd, 431776.583, 111
Trd, 431776.850, 101
Trd, 431777.283, 98
Trd, 431778.117, 107
Trd, 431778.400, 98
Trd, 431779.767, 105
Trd, 431780.350, 98
Trd, 431781.717, 100
Trd, 431781.917, 101
Trd, 431782.083, 106
Trd, 431783.783, 107
Trd, 431783.867, 101
Trd, 431785.467, 95
Trd, 431785.833, 107
Trd, 431786.533, 110
Trd, 431787.050, 109
Trd, 431787.233, 108
Trd, 431788.867, 100
Trd, 431789.250, 112
Trd, 431791.000, 126
Trd, 431793.183, 106
Trd, 431793.517, 118
Trd, 431793.650, 112
Trd, 431794.017, 118
Trd, 431794.217, 105
Trd, 431794.417, 101
Trd, 431795.183, 94
Trd, 431796.733, 102
Trd, 431796.850, 104
Trd, 431798.700, 104
Trd, 431798.783, 104
Trd, 431798.883, 101
Trd, 431799.733, 102
Trd, 431799.983, 107
Trd, 431800.583, 102
Trd, 431800.617, 114
Trd, 431802.600, 108
Trd, 431802.983, 106
Trd, 431804.683, 103
Trd, 431804.867, 103
Trd, 431804.983, 101
Trd, 431805.033, 98
Trd, 431806.500, 112
Trd, 431807.283, 101
Trd, 431808.333, 112
Trd, 431809.517, 121
Trd, 431810.983, 115
Trd, 431811.800, 106
Trd, 431812.950, 112
Trd, 431813.033, 114
Trd, 431813.367, 106
Trd, 431813.617, 116
Trd, 431816.317, 114
Trd, 431816.333, 115
Trd, 431816.667, 112
Trd, 431817.017, 101
Trd, 431818.250, 113
Trd, 431819.217, 105
Trd, 431819.433, 98
Trd, 431819.467, 105
Trd, 431820.750, 113
Trd, 431820.850, 112
Trd, 431821.083, 114
Trd, 431821.217, 110
Trd, 431821.933, 105
Trd, 431824.167, 111
Trd, 431824.350, 115
Trd, 431824.717, 110
Trd, 431826.050, 114
Trd, 431826.400, 115
Trd, 431827.350, 116
Trd, 431828.200, 101
Trd, 431829.867, 102
Trd, 431830.550, 103
Trd, 431832.033, 101
Trd, 431832.050, 100
Trd, 431832.250, 95
Trd, 431832.433, 100
Trd, 431833.083, 98
Trd, 431833.333, 101
Trd, 431833.400, 123
Trd, 431835.533, 104
Trd, 431836.350, 101
Trd, 431837.767, 112
Trd, 431838.283, 114
Trd, 431838.467, 123
Trd, 431840.133, 105
Trd, 431840.283, 106
Trd, 431841.917, 104
Trd, 431842.000, 103
Trd, 431842.033, 110
Trd, 431843.417, 101
Trd, 431844.200, 114
Trd, 431845.117, 115
Trd, 431845.517, 95
Trd, 431846.033, 112
Trd, 431847.817, 100
Trd, 431848.100, 97
Trd, 431851.017, 99
Trd, 431851.067, 96
Trd, 431851.133, 102
Trd, 431851.533, 112
Trd, 431853.450, 99
Trd, 431853.983, 105
Trd, 431854.083, 99
Trd, 431854.217, 114
Trd, 431855.517, 99
Trd, 431855.717, 116
Trd, 431856.067, 95
Trd, 431857.967, 96
Trd, 431858.817, 106
Trd, 431859.300, 109
Trd, 431860.517, 120
Trd, 431861.200, 112
Trd, 431862.100, 112
Trd, 431862.750, 96
Trd, 431862.767, 94
Trd, 431863.033, 122
Trd, 431865.883, 106
Trd, 431865.933, 107
Trd, 431867.050, 109
Trd, 431867.233, 109
Trd, 431867.533, 110
Trd, 431868.717, 125
Trd, 431869.450, 101
Trd, 431869.967, 109
Trd, 431871.850, 117
Trd, 431871.917, 106
Trd, 431872.533, 115
Trd, 431873.367, 108
Trd, 431874.700, 103
Trd, 431874.883, 105
Trd, 431875.217, 107
Trd, 431875.300, 113
Trd, 431875.783, 106
Trd, 431877.167, 106
Trd, 431877.367, 105
Trd, 431877.883, 113
Trd, 431878.150, 101
Trd, 431878.217, 98
Trd, 431878.467, 101
Trd, 431878.967, 113
Trd, 431879.717, 123
Trd, 431880.350, 122
Trd, 431880.783, 97
Trd, 431882.083, 113
Trd, 431882.883, 111
Trd, 431883.600, 103
Trd, 431885.300, 102
Trd, 431885.483, 95
Trd, 431885.717, 116
Trd, 431887.667, 116
Trd, 431887.883, 111
Trd, 431888.583, 118
Trd, 431889.667, 111
Trd, 431890.500, 110
Trd, 431891.300, 102
Trd, 431891.767, 110
Trd, 431893.317, 101
Trd, 431894.533, 106
Trd, 431895.050, 104
Trd, 431895.667, 100
Trd, 431897.550, 107
Trd, 431898.050, 108
Trd, 431898.250, 114
Trd, 431899.667, 101
Trd, 431900.783, 99
Trd, 431901.800, 104
Trd, 431902.050, 105
Trd, 431902.117, 109
Trd, 431902.233, 111
Trd, 431902.867, 103
Trd, 431905.100, 106
Trd, 431905.883, 101
Trd, 431908.667, 110
Trd, 431909.033, 113
Trd, 431909.083, 113
Trd, 431909.400, 109
Trd, 431910.383, 126
Trd, 431911.350, 111
Trd, 431913.450, 110
Trd, 431914.117, 109
Trd, 431914.517, 107
Trd, 431915.150, 111
Trd, 431915.450, 116
Trd, 431916.083, 107
Trd, 431916.250, 114
Trd, 431916.650, 105
Trd, 431918.500, 108
Trd, 431919.150, 104
Trd, 431919.617, 103
Trd, 431919.633, 108
Trd, 431919.700, 112
Trd, 431919.933, 114
Trd, 431921.267, 102
Trd, 431922.333, 101
Trd, 431923.400, 100
Trd, 431923.617, 113
Trd, 431924.350, 99
Trd, 431926.033, 111
Trd, 431926.683, 113
Trd, 431926.850, 100
Trd, 431927.150, 116
Trd, 431927.200, 111
Trd, 431928.400, 104
Trd, 431928.450, 100
Trd, 431929.167, 106
Trd, 431929.700, 98
Trd, 431929.783, 95
Trd, 431930.200, 106
Trd, 431930.617, 92
Trd, 431932.483, 111
Trd, 431932.983, 113
Trd, 431933.983, 99
Trd, 431934.217, 98
Trd, 431935.117, 101
Trd, 431935.300, 116
Trd, 431937.150, 99
Trd, 431937.367, 102
Trd, 431939.800, 106
Trd, 431940.200, 96
Trd, 431940.650, 110
Trd, 431941.367, 112
Trd, 431941.433, 125
Trd, 431941.617, 109
Trd, 431941.700, 126
Trd, 431941.900, 108
Trd, 431942.967, 99
Trd, 431945.083, 110
Trd, 431946.017, 108
Trd, 431947.367, 116
Trd, 431948.333, 104
Trd, 431948.583, 102
Trd, 431949.600, 101
Trd, 431950.667, 109
Trd, 431951.100, 110
Trd, 431952.283, 115
Trd, 431953.367, 111
Trd, 431953.750, 102
Trd, 431954.167, 102
Trd, 431954.200, 118
Trd, 431955.767, 117
Trd, 431956.533, 101
Trd, 431957.867, 109
Trd, 431958.067, 111
Trd, 431958.533, 106
Trd, 431958.917, 105
Trd, 431961.450, 106
Trd, 431962.650, 98
Trd, 431963.300, 102
Trd, 431963.483, 102
Trd, 431963.700, 95
Trd, 431964.083, 96
Trd, 431964.300, 104
Trd, 431965.767, 107
Trd, 431966.333, 103
Trd, 431966.917, 110
Trd, 431967.083, 112
Trd, 431968.017, 102
Trd, 431968.983, 125
Trd, 431969.333, 126
Trd, 431970.617, 123
Trd, 431970.733, 118
Trd, 431970.900, 112
Trd, 431972.617, 120
Trd, 431974.117, 98
Trd, 431974.483, 123
Trd, 431974.767, 109
Trd, 431975.017, 122
Trd, 431976.717, 103
Trd, 431977.633, 104
Trd, 431977.917, 103
Trd, 431978.483, 108
Trd, 431978.517, 109
Trd, 431978.583, 104
Trd, 431980.483, 102
Trd, 431980.617, 108
Trd, 431980.883, 101
Trd, 431982.617, 111
Trd, 431983.450, 106
Trd, 431985.033, 104
Trd, 431985.650, 102
Trd, 431986.033, 102
Trd, 431986.683, 104
Trd, 431987.383, 105
Trd, 431987.883, 101
Trd, 431988.433, 110
Trd, 431991.433, 112
Trd, 431991.517, 101
Trd, 431992.567, 107
Trd, 431992.983, 106
Trd, 431993.250, 109
Trd, 431995.650, 109
Trd, 431996.667, 111
Trd, 431998.183, 101
Trd, 431998.233, 102
Trd, 431998.867, 103
Trd, 431999.633, 107
Trd, 431999.717, 103
Trd, 431999.767, 109
