Trd, 430624.467, 98
Trd, 430625.217, 89
Trd, 430625.533, 93
Trd, 430625.700, 95
Trd, 430626.050, 115
Trd, 430626.783, 123
Trd, 430627.200, 115
Trd, 430627.917, 111
Trd, 430630.033, 108
Trd, 430630.533, 107
Trd, 430630.933, 87
Trd, 430631.050, 88
Trd, 430631.750, 98
Trd, 430632.917, 115
Trd, 430635.233, 108
Trd, 430635.467, 107
Trd, 430637.200, 117
Trd, 430638.050, 114
Trd, 430638.100, 98
Trd, 430638.600, 96
Trd, 430639.800, 105
Trd, 430640.383, 98
Trd, 430641.400, 108
Trd, 430641.600, 88
Trd, 430642.867, 101
Trd, 430644.133, 103
Trd, 430645.467, 98
Trd, 430645.633, 102
Trd, 430646.483, 108
Trd, 430647.367, 105
Trd, 430647.517, 100
Trd, 430647.717, 117
Trd, 430648.117, 90
Trd, 430650.300, 99
Trd, 430650.867, 101
Trd, 430651.383, 109
Trd, 430651.483, 97
Trd, 430652.033, 121
Trd, 430652.317, 107
Trd, 430652.733, 90
Trd, 430653.350, 84
Trd, 430653.467, 106
Trd, 430654.233, 86
Trd, 430654.367, 79
Trd, 430655.550, 90
Trd, 430656.167, 73
Trd, 430657.000, 108
Trd, 430657.367, 114
Trd, 430660.150, 98
Trd, 430660.717, 89
Trd, 430661.200, 89
Trd, 430661.883, 89
Trd, 430662.200, 93
Trd, 430662.450, 90
Trd, 430663.367, 92
Trd, 430663.783, 84
Trd, 430664.067, 118
Trd, 430664.983, 116
Trd, 430665.900, 97
Trd, 430666.050, 98
Trd, 430666.783, 115
Trd, 430667.700, 100
Trd, 430668.200, 87
Trd, 430669.200, 117
Trd, 430670.100, 115
Trd, 430670.767, 86
Trd, 430671.133, 81
Trd, 430671.683, 110
Trd, 430673.217, 98
Trd, 430673.767, 118
Trd, 430674.733, 94
Trd, 430675.867, 99
Trd, 430676.267, 109
Trd, 430680.750, 103
Trd, 430681.050, 97
Trd, 430683.100, 103
Trd, 430683.950, 107
Trd, 430684.650, 108
Trd, 430685.517, 110
Trd, 430685.667, 122
Trd, 430686.233, 103
Trd, 430686.683, 95
Trd, 430687.117, 118
Trd, 430688.633, 109
Trd, 430688.850, 118
Trd, 430689.300, 95
Trd, 430690.300, 111
Trd, 430690.867, 115
Trd, 430691.533, 96
Trd, 430692.650, 111
Trd, 430693.500, 114
Trd, 430694.017, 92
Trd, 430694.517, 92
Trd, 430695.050, 96
Trd, 430696.467, 99
Trd, 430696.667, 96
Trd, 430697.667, 95
Trd, 430697.683, 108
Trd, 430701.000, 96
Trd, 430701.083, 92
Trd, 430701.883, 116
Trd, 430702.283, 105
Trd, 430702.683, 91
Trd, 430702.750, 109
Trd, 430705.117, 93
Trd, 430705.817, 95
Trd, 430705.850, 103
Trd, 430706.600, 90
Trd, 430707.733, 121
Trd, 430707.900, 91
Trd, 430709.233, 94
Trd, 430709.767, 109
Trd, 430711.217, 92
Trd, 430711.700, 90
Trd, 430712.533, 90
Trd, 430712.600, 100
Trd, 430713.450, 86
Trd, 430713.833, 109
Trd, 430714.983, 100
Trd, 430716.650, 106
Trd, 430717.350, 104
Trd, 430717.583, 109
Trd, 430718.350, 112
Trd, 430719.683, 93
Trd, 430719.850, 115
Trd, 430720.717, 111
Trd, 430721.467, 117
Trd, 430721.733, 97
Trd, 430722.717, 95
Trd, 430723.083, 83
Trd, 430723.967, 92
Trd, 430724.817, 110
Trd, 430725.133, 93
Trd, 430727.417, 104
Trd, 430728.783, 96
Trd, 430728.950, 117
Trd, 430729.200, 88
Trd, 430729.533, 109
Trd, 430729.750, 86
Trd, 430729.967, 93
Trd, 430732.833, 104
Trd, 430733.100, 89
Trd, 430734.167, 115
Trd, 430734.467, 112
Trd, 430734.667, 117
Trd, 430735.133, 99
Trd, 430736.333, 108
Trd, 430736.583, 116
Trd, 430737.917, 103
Trd, 430738.083, 98
Trd, 430738.717, 106
Trd, 430739.317, 87
Trd, 430740.450, 103
Trd, 430741.150, 97
Trd, 430741.217, 83
Trd, 430743.767, 101
Trd, 430743.933, 104
Trd, 430745.000, 98
Trd, 430746.333, 106
Trd, 430746.533, 107
Trd, 430747.217, 93
Trd, 430747.833, 100
Trd, 430748.217, 110
Trd, 430748.550, 104
Trd, 430750.233, 115
Trd, 430750.650, 108
Trd, 430750.933, 103
Trd, 430751.167, 95
Trd, 430751.417, 92
Trd, 430752.483, 104
Trd, 430753.700, 116
Trd, 430755.733, 104
Trd, 430755.900, 92
Trd, 430757.917, 112
Trd, 430761.050, 110
Trd, 430761.367, 99
Trd, 430761.850, 94
Trd, 430762.850, 109
Trd, 430763.600, 112
Trd, 430763.800, 104
Trd, 430763.983, 104
Trd, 430764.150, 98
Trd, 430764.600, 90
Trd, 430764.750, 118
Trd, 430764.983, 106
Trd, 430765.450, 115
Trd, 430765.833, 117
Trd, 430766.117, 98
Trd, 430768.233, 94
Trd, 430768.583, 109
Trd, 430768.917, 123
Trd, 430769.383, 93
Trd, 430769.633, 114
Trd, 430770.450, 105
Trd, 430770.967, 94
Trd, 430771.183, 85
Trd, 430771.367, 79
Trd, 430773.667, 87
Trd, 430774.033, 110
Trd, 430776.267, 93
Trd, 430779.583, 105
Trd, 430780.000, 108
Trd, 430780.750, 93
Trd, 430781.450, 100
Trd, 430781.650, 107
Trd, 430782.667, 104
Trd, 430783.100, 105
Trd, 430783.950, 98
Trd, 430784.033, 104
Trd, 430784.400, 104
Trd, 430785.750, 117
Trd, 430786.150, 92
Trd, 430786.433, 117
Trd, 430786.600, 91
Trd, 430786.917, 107
Trd, 430787.300, 121
Trd, 430788.633, 110
Trd, 430789.750, 95
Trd, 430790.200, 108
Trd, 430790.217, 95
Trd, 430792.850, 92
Trd, 430793.233, 96
Trd, 430795.500, 102
Trd, 430795.567, 98
Trd, 430796.617, 96
Trd, 430796.783, 90
Trd, 430797.033, 111
Trd, 430797.983, 100
Trd, 430798.117, 110
Trd, 430798.267, 91
Trd, 430799.117, 109
Trd, 430800.050, 93
Trd, 430800.617, 101
Trd, 430801.017, 113
Trd, 430802.317, 93
Trd, 430805.067, 94
Trd, 430805.133, 85
Trd, 430807.367, 89
Trd, 430807.667, 94
Trd, 430808.967, 92
Trd, 430809.633, 108
Trd, 430810.317, 104
Trd, 430810.367, 110
Trd, 430810.717, 107
Trd, 430810.733, 100
Trd, 430812.317, 109
Trd, 430812.733, 98
Trd, 430814.050, 97
Trd, 430814.600, 105
Trd, 430814.900, 93
Trd, 430816.817, 104
Trd, 430817.433, 120
Trd, 430817.483, 93
Trd, 430819.650, 110
Trd, 430820.067, 111
Trd, 430821.350, 121
Trd, 430821.650, 108
Trd, 430823.533, 96
Trd, 430823.750, 96
Trd, 430824.217, 97
Trd, 430824.383, 95
Trd, 430825.150, 95
Trd, 430826.400, 87
Trd, 430826.433, 91
Trd, 430826.583, 113
Trd, 430826.983, 93
Trd, 430828.050, 102
Trd, 430828.650, 107
Trd, 430829.067, 96
Trd, 430830.067, 95
Trd, 430831.267, 98
Trd, 430832.217, 107
Trd, 430832.500, 112
Trd, 430833.850, 89
Trd, 430834.683, 110
Trd, 430836.283, 105
Trd, 430836.500, 105
Trd, 430838.100, 88
Trd, 430838.617, 90
Trd, 430840.067, 93
Trd, 430840.650, 111
Trd, 430842.017, 107
Trd, 430842.067, 117
Trd, 430842.133, 94
Trd, 430842.217, 103
Trd, 430842.300, 93
Trd, 430844.567, 92
Trd, 430846.400, 112
Trd, 430847.283, 105
Trd, 430847.917, 108
Trd, 430848.617, 106
Trd, 430849.333, 117
Trd, 430849.500, 106
Trd, 430849.517, 98
Trd, 430850.433, 115
Trd, 430850.950, 98
Trd, 430852.133, 96
Trd, 430852.333, 95
Trd, 430853.717, 113
Trd, 430854.383, 100
Trd, 430855.150, 96
Trd, 430855.617, 99
Trd, 430855.733, 110
Trd, 430856.900, 117
Trd, 430857.617, 111
Trd, 430858.233, 108
Trd, 430860.233, 98
Trd, 430860.700, 98
Trd, 430861.067, 104
Trd, 430862.000, 93
Trd, 430862.700, 93
Trd, 430864.250, 106
Trd, 430864.700, 97
Trd, 430866.533, 93
Trd, 430866.567, 89
Trd, 430867.700, 112
Trd, 430870.083, 95
Trd, 430870.300, 98
Trd, 430870.350, 114
Trd, 430871.200, 104
Trd, 430871.933, 105
Trd, 430871.967, 112
Trd, 430873.200, 106
Trd, 430873.300, 96
Trd, 430874.350, 112
Trd, 430874.933, 95
Trd, 430875.050, 102
Trd, 430877.150, 98
Trd, 430877.567, 95
Trd, 430878.100, 112
Trd, 430878.867, 117
Trd, 430879.683, 111
Trd, 430879.767, 118
Trd, 430880.983, 108
Trd, 430882.467, 83
Trd, 430883.017, 80
Trd, 430883.117, 90
Trd, 430883.783, 100
Trd, 430884.950, 96
Trd, 430887.300, 86
Trd, 430887.733, 112
Trd, 430889.167, 118
Trd, 430889.583, 97
Trd, 430890.833, 93
Trd, 430892.050, 124
Trd, 430892.533, 118
Trd, 430892.567, 117
Trd, 430892.733, 114
Trd, 430892.850, 100
Trd, 430893.083, 107
Trd, 430893.900, 98
Trd, 430894.100, 99
Trd, 430894.433, 82
Trd, 430895.433, 99
Trd, 430896.767, 86
Trd, 430898.200, 92
Trd, 430898.833, 123
Trd, 430898.900, 87
Trd, 430898.967, 127
Trd, 430900.283, 105
Trd, 430901.267, 116
Trd, 430902.983, 110
Trd, 430903.183, 104
Trd, 430904.250, 103
Trd, 430904.383, 113
Trd, 430905.633, 117
Trd, 430907.933, 97
Trd, 430909.650, 84
Trd, 430910.467, 91
Trd, 430910.500, 98
Trd, 430910.683, 99
Trd, 430911.917, 103
Trd, 430912.683, 102
Trd, 430913.317, 111
Trd, 430913.467, 88
Trd, 430913.483, 115
Trd, 430914.217, 92
Trd, 430914.717, 105
Trd, 430916.200, 92
Trd, 430917.350, 90
Trd, 430918.233, 114
Trd, 430918.683, 110
Trd, 430919.117, 109
Trd, 430919.217, 98
Trd, 430919.817, 100
Trd, 430920.583, 96
Trd, 430920.700, 82
Trd, 430921.617, 109
Trd, 430923.433, 99
Trd, 430923.483, 90
Trd, 430924.067, 84
Trd, 430924.633, 93
Trd, 430924.700, 94
Trd, 430924.933, 83
Trd, 430925.550, 118
Trd, 430926.417, 116
Trd, 430928.917, 109
Trd, 430930.283, 116
Trd, 430930.883, 99
Trd, 430931.433, 95
Trd, 430932.017, 88
Trd, 430932.917, 106
Trd, 430933.517, 97
Trd, 430933.833, 97
Trd, 430933.983, 115
Trd, 430934.967, 91
Trd, 430935.467, 101
Trd, 430935.533, 109
Trd, 430936.817, 110
Trd, 430937.750, 101
Trd, 430938.233, 102
Trd, 430938.817, 98
Trd, 430939.033, 103
Trd, 430940.067, 101
Trd, 430940.767, 110
Trd, 430943.083, 118
Trd, 430943.750, 109
Trd, 430944.183, 103
Trd, 430946.617, 94
Trd, 430946.967, 91
Trd, 430947.017, 107
Trd, 430947.067, 97
Trd, 430948.850, 92
Trd, 430950.233, 105
Trd, 430950.883, 96
Trd, 430951.450, 102
Trd, 430952.550, 99
Trd, 430952.683, 98
Trd, 430952.750, 101
Trd, 430953.667, 119
Trd, 430955.450, 128
Trd, 430956.533, 116
Trd, 430956.867, 110
Trd, 430957.283, 106
Trd, 430958.583, 98
Trd, 430959.333, 101
Trd, 430959.567, 117
Trd, 430959.583, 116
Trd, 430959.933, 102
Trd, 430962.850, 107
Trd, 430963.150, 117
Trd, 430965.600, 92
Trd, 430966.117, 105
Trd, 430966.150, 93
Trd, 430967.250, 86
Trd, 430968.267, 76
Trd, 430968.817, 92
Trd, 430968.950, 114
Trd, 430969.950, 95
Trd, 430970.233, 99
Trd, 430971.583, 98
Trd, 430972.000, 93
Trd, 430972.733, 102
Trd, 430973.050, 84
Trd, 430973.483, 114
Trd, 430974.200, 117
Trd, 430974.217, 116
Trd, 430974.850, 118
Trd, 430974.917, 117
Trd, 430975.883, 119
Trd, 430976.283, 116
Trd, 430977.600, 105
Trd, 430977.833, 100
Trd, 430978.817, 90
Trd, 430980.267, 101
Trd, 430981.333, 115
Trd, 430982.250, 97
Trd, 430982.500, 104
Trd, 430982.833, 98
Trd, 430984.000, 102
Trd, 430986.283, 97
Trd, 430986.333, 111
Trd, 430988.183, 100
Trd, 430989.150, 95
Trd, 430989.567, 91
Trd, 430990.250, 98
Trd, 430990.650, 87
Trd, 430991.083, 104
Trd, 430991.517, 80
Trd, 430992.650, 110
Trd, 430992.933, 99
Trd, 430993.517, 113
Trd, 430993.550, 98
Trd, 430995.233, 114
Trd, 430995.333, 119
Trd, 430995.450, 95
Trd, 430995.883, 102
Trd, 430996.817, 97
Trd, 430996.950, 92
Trd, 430997.150, 113
Trd, 430997.450, 93
Trd, 430998.467, 121
Trd, 431000.883, 98
Trd, 431001.850, 97
Trd, 431001.967, 94
Trd, 431002.517, 93
Trd, 431002.833, 100
Trd, 431003.350, 110
Trd, 431003.583, 111
Trd, 431005.067, 110
Trd, 431005.433, 98
Trd, 431007.700, 104
Trd, 431007.750, 106
Trd, 431009.200, 94
Trd, 431009.700, 95
Trd, 431010.050, 95
Trd, 431010.183, 96
Trd, 431010.433, 103
Trd, 431011.567, 92
Trd, 431012.483, 116
Trd, 431012.733, 99
Trd, 431014.033, 101
Trd, 431014.317, 116
Trd, 431014.750, 94
Trd, 431015.800, 103
Trd, 431016.350, 101
Trd, 431019.083, 112
Trd, 431020.700, 123
Trd, 431023.100, 98
Trd, 431023.500, 106
Trd, 431024.033, 98
Trd, 431025.467, 92
Trd, 431025.967, 94
Trd, 431026.433, 89
Trd, 431026.867, 94
Trd, 431027.083, 93
Trd, 431028.017, 105
Trd, 431028.133, 117
Trd, 431028.583, 77
Trd, 431033.150, 96
Trd, 431034.600, 109
Trd, 431034.617, 100
Trd, 431036.483, 98
Trd, 431036.917, 104
Trd, 431038.717, 110
Trd, 431038.867, 121
Trd, 431039.100, 118
Trd, 431039.717, 111
Trd, 431042.917, 98
Trd, 431043.550, 96
Trd, 431044.267, 94
Trd, 431044.867, 102
Trd, 431045.650, 103
Trd, 431046.933, 98
Trd, 431047.983, 96
Trd, 431048.383, 93
Trd, 431049.250, 102
Trd, 431049.967, 115
Trd, 431051.333, 109
Trd, 431051.383, 98
Trd, 431051.667, 93
Trd, 431052.800, 110
Trd, 431054.033, 96
Trd, 431055.433, 92
Trd, 431058.067, 98
Trd, 431058.500, 107
Trd, 431059.083, 97
Trd, 431059.167, 112
Trd, 431059.533, 95
Trd, 431059.850, 89
Trd, 431060.433, 101
Trd, 431060.667, 109
Trd, 431061.733, 106
Trd, 431061.900, 99
Trd, 431063.067, 98
Trd, 431063.717, 115
Trd, 431064.800, 101
Trd, 431065.117, 104
Trd, 431065.800, 110
Trd, 431067.383, 116
Trd, 431068.167, 89
Trd, 431069.933, 97
Trd, 431071.600, 99
Trd, 431072.150, 94
Trd, 431072.783, 104
Trd, 431072.917, 109
Trd, 431073.150, 111
Trd, 431073.533, 86
Trd, 431073.700, 102
Trd, 431074.383, 84
Trd, 431075.850, 103
Trd, 431075.950, 97
Trd, 431077.283, 103
Trd, 431077.450, 106
Trd, 431078.867, 102
Trd, 431078.917, 93
Trd, 431079.533, 106
Trd, 431080.200, 88
Trd, 431080.933, 104
Trd, 431081.700, 80
Trd, 431082.333, 88
Trd, 431083.450, 93
Trd, 431084.217, 96
Trd, 431084.983, 112
Trd, 431085.300, 108
Trd, 431086.467, 91
Trd, 431086.833, 112
Trd, 431087.617, 100
Trd, 431089.617, 103
Trd, 431092.800, 113
Trd, 431093.767, 101
Trd, 431093.783, 112
Trd, 431094.317, 97
Trd, 431094.483, 106
Trd, 431094.600, 93
Trd, 431094.667, 89
Trd, 431097.483, 111
Trd, 431098.417, 97
Trd, 431099.217, 93
Trd, 431099.833, 94
Trd, 431100.450, 87
Trd, 431100.517, 98
Trd, 431101.300, 88
Trd, 431103.100, 91
Trd, 431104.667, 92
Trd, 431104.983, 107
Trd, 431105.867, 88
Trd, 431106.317, 92
Trd, 431106.700, 99
Trd, 431107.483, 117
Trd, 431107.717, 96
Trd, 431108.550, 104
Trd, 431109.317, 96
Trd, 431110.117, 93
Trd, 431110.233, 106
Trd, 431110.633, 121
Trd, 431111.567, 114
Trd, 431111.950, 93
Trd, 431112.267, 84
Trd, 431113.417, 94
Trd, 431114.183, 112
Trd, 431116.333, 112
Trd, 431117.033, 101
Trd, 431118.700, 103
Trd, 431119.517, 101
Trd, 431119.750, 104
Trd, 431120.617, 100
Trd, 431121.383, 104
Trd, 431121.983, 114
Trd, 431122.433, 106
Trd, 431122.683, 97
Trd, 431122.817, 88
Trd, 431123.117, 122
Trd, 431123.667, 116
Trd, 431123.683, 92
Trd, 431125.050, 95
Trd, 431126.000, 123
Trd, 431126.900, 113
Trd, 431127.283, 114
Trd, 431128.783, 117
Trd, 431128.983, 110
Trd, 431129.283, 96
Trd, 431129.583, 96
Trd, 431130.050, 116
Trd, 431130.917, 104
Trd, 431131.650, 106
Trd, 431132.067, 109
Trd, 431134.817, 107
Trd, 431134.900, 96
Trd, 431137.467, 95
Trd, 431137.817, 104
Trd, 431139.700, 105
Trd, 431139.833, 98
Trd, 431140.300, 97
Trd, 431141.233, 107
Trd, 431141.400, 111
Trd, 431142.267, 96
Trd, 431142.483, 104
Trd, 431142.850, 103
Trd, 431144.033, 103
Trd, 431144.417, 89
Trd, 431144.817, 88
Trd, 431145.417, 95
Trd, 431146.167, 100
Trd, 431146.867, 75
Trd, 431147.883, 111
Trd, 431149.367, 94
Trd, 431149.700, 85
Trd, 431149.900, 93
Trd, 431150.833, 90
Trd, 431152.117, 96
Trd, 431152.933, 116
Trd, 431153.467, 117
Trd, 431153.967, 112
Trd, 431154.350, 103
Trd, 431155.017, 120
Trd, 431155.733, 87
Trd, 431156.000, 97
Trd, 431158.750, 103
Trd, 431159.300, 100
Trd, 431159.883, 99
Trd, 431160.250, 96
Trd, 431161.800, 105
Trd, 431162.667, 114
Trd, 431162.917, 117
Trd, 431163.317, 98
Trd, 431163.450, 122
Trd, 431164.667, 107
Trd, 431165.083, 101
Trd, 431165.750, 100
Trd, 431165.783, 95
Trd, 431165.933, 103
Trd, 431167.267, 93
Trd, 431167.733, 94
Trd, 431167.983, 93
Trd, 431169.233, 98
Trd, 431170.683, 98
Trd, 431171.317, 96
Trd, 431172.150, 105
Trd, 431172.750, 104
Trd, 431174.933, 93
Trd, 431175.917, 103
Trd, 431177.183, 115
Trd, 431177.600, 98
Trd, 431178.517, 113
Trd, 431179.583, 104
Trd, 431180.167, 108
Trd, 431180.600, 101
Trd, 431180.983, 110
Trd, 431181.350, 95
Trd, 431181.717, 92
Trd, 431182.067, 95
Trd, 431182.667, 93
Trd, 431182.900, 91
Trd, 431184.317, 85
Trd, 431184.433, 109
Trd, 431185.167, 82
Trd, 431186.117, 116
Trd, 431189.367, 97
Trd, 431190.217, 101
Trd, 431191.100, 94
Trd, 431191.300, 97
Trd, 431191.567, 118
Trd, 431192.050, 106
Trd, 431192.333, 94
Trd, 431192.717, 108
Trd, 431193.467, 96
Trd, 431193.500, 97
Trd, 431195.000, 106
Trd, 431195.200, 109
Trd, 431195.400, 112
Trd, 431197.067, 92
Trd, 431197.317, 107
Trd, 431197.917, 95
Trd, 431201.117, 98
Trd, 431201.283, 99
Trd, 431201.783, 123
Trd, 431202.300, 122
Trd, 431202.883, 99
Trd, 431204.700, 84
Trd, 431205.000, 95
Trd, 431205.183, 83
Trd, 431205.567, 98
Trd, 431205.633, 103
Trd, 431206.117, 89
Trd, 431207.683, 117
Trd, 431208.133, 123
Trd, 431208.983, 100
Trd, 431210.417, 113
Trd, 431211.383, 109
Trd, 431214.400, 100
Trd, 431214.567, 98
Trd, 431214.633, 107
Trd, 431214.800, 95
Trd, 431215.100, 91
Trd, 431216.517, 98
Trd, 431217.500, 95
Trd, 431217.550, 94
Trd, 431218.050, 110
Trd, 431219.050, 116
Trd, 431219.600, 104
Trd, 431219.933, 93
Trd, 431220.650, 101
Trd, 431221.800, 109
Trd, 431223.067, 95
Trd, 431224.167, 103
Trd, 431224.383, 104
Trd, 431224.667, 107
Trd, 431224.917, 88
Trd, 431226.017, 117
Trd, 431226.650, 113
Trd, 431227.033, 101
Trd, 431227.383, 95
Trd, 431228.067, 97
Trd, 431229.050, 119
Trd, 431231.400, 117
Trd, 431232.167, 105
Trd, 431233.300, 101
Trd, 431233.467, 106
Trd, 431234.383, 107
Trd, 431234.550, 96
Trd, 431234.833, 97
Trd, 431235.867, 108
Trd, 431236.000, 98
Trd, 431237.517, 102
Trd, 431238.633, 117
Trd, 431241.383, 97
Trd, 431241.967, 100
Trd, 431242.617, 95
Trd, 431242.967, 99
Trd, 431244.617, 110
Trd, 431245.100, 97
Trd, 431245.917, 92
Trd, 431246.400, 99
Trd, 431246.933, 87
Trd, 431247.133, 116
Trd, 431248.600, 95
Trd, 431248.883, 122
Trd, 431248.983, 116
Trd, 431249.800, 108
Trd, 431250.250, 109
Trd, 431250.583, 120
Trd, 431251.950, 98
Trd, 431252.650, 100
Trd, 431254.000, 98
Trd, 431256.000, 100
Trd, 431257.717, 97
Trd, 431257.983, 119
Trd, 431258.567, 93
Trd, 431259.150, 102
Trd, 431260.100, 116
Trd, 431260.800, 101
Trd, 431261.450, 117
Trd, 431262.800, 102
Trd, 431263.367, 89
Trd, 431264.050, 109
Trd, 431264.300, 97
Trd, 431264.717, 101
Trd, 431265.350, 102
Trd, 431267.000, 103
Trd, 431269.233, 94
Trd, 431269.500, 99
Trd, 431271.067, 97
Trd, 431271.633, 105
Trd, 431271.800, 109
Trd, 431272.883, 113
Trd, 431273.100, 102
Trd, 431273.133, 94
Trd, 431273.417, 107
Trd, 431273.500, 95
Trd, 431275.617, 103
Trd, 431276.217, 115
Trd, 431277.333, 85
Trd, 431280.083, 89
Trd, 431280.483, 83
Trd, 431280.700, 97
Trd, 431281.467, 105
Trd, 431281.750, 109
Trd, 431282.250, 106
Trd, 431282.267, 117
Trd, 431282.767, 98
Trd, 431283.600, 87
Trd, 431285.433, 97
Trd, 431285.500, 93
Trd, 431285.850, 107
Trd, 431288.183, 91
Trd, 431289.733, 98
Trd, 431290.083, 100
Trd, 431290.100, 85
Trd, 431290.417, 104
Trd, 431290.800, 99
Trd, 431291.783, 110
Trd, 431292.267, 93
Trd, 431294.700, 95
Trd, 431295.133, 105
Trd, 431295.717, 101
Trd, 431295.933, 119
Trd, 431296.217, 89
Trd, 431298.800, 110
Trd, 431299.650, 100
Trd, 431300.183, 98
Trd, 431300.467, 90
Trd, 431301.317, 105
Trd, 431301.550, 90
Trd, 431301.683, 90
Trd, 431301.783, 94
Trd, 431302.433, 109
Trd, 431303.083, 119
Trd, 431303.633, 104
Trd, 431305.183, 105
Trd, 431307.783, 103
Trd, 431308.317, 110
Trd, 431310.150, 101
Trd, 431310.800, 98
Trd, 431312.600, 102
Trd, 431313.300, 110
Trd, 431313.550, 97
Trd, 431313.867, 112
Trd, 431313.983, 105
Trd, 431314.017, 97
Trd, 431315.467, 95
Trd, 431316.483, 119
Trd, 431316.517, 97
Trd, 431317.583, 117
Trd, 431317.983, 104
Trd, 431320.167, 94
Trd, 431320.433, 103
Trd, 431321.767, 95
Trd, 431322.067, 100
Trd, 431322.467, 93
Trd, 431322.567, 89
Trd, 431324.283, 109
Trd, 431326.950, 95
Trd, 431327.317, 97
Trd, 431328.050, 94
Trd, 431328.133, 90
Trd, 431329.000, 100
Trd, 431329.517, 97
Trd, 431330.500, 95
Trd, 431330.717, 94
Trd, 431333.750, 84
Trd, 431333.833, 106
Trd, 431334.000, 83
Trd, 431335.967, 99
Trd, 431336.500, 101
Trd, 431336.983, 102
Trd, 431338.183, 98
Trd, 431338.750, 101
Trd, 431339.150, 88
Trd, 431339.517, 96
Trd, 431339.617, 110
Trd, 431340.733, 106
Trd, 431342.017, 90
Trd, 431342.167, 108
Trd, 431342.683, 93
Trd, 431343.900, 104
Trd, 431345.417, 98
Trd, 431345.633, 97
Trd, 431346.283, 112
Trd, 431346.467, 113
Trd, 431346.667, 90
Trd, 431347.633, 90
Trd, 431347.767, 90
Trd, 431347.967, 93
Trd, 431348.367, 109
Trd, 431350.767, 96
Trd, 431352.183, 86
Trd, 431352.600, 108
Trd, 431352.917, 108
Trd, 431353.883, 98
Trd, 431355.783, 107
Trd, 431356.467, 109
Trd, 431357.100, 98
Trd, 431357.550, 113
Trd, 431357.800, 114
Trd, 431358.383, 95
Trd, 431358.433, 108
Trd, 431359.083, 92
Trd, 431359.500, 106
Trd, 431361.233, 107
Trd, 431361.867, 99
Trd, 431362.333, 110
Trd, 431363.817, 104
Trd, 431364.133, 118
Trd, 431364.733, 108
Trd, 431365.383, 101
Trd, 431366.200, 101
Trd, 431366.733, 98
Trd, 431367.583, 106
Trd, 431368.417, 98
Trd, 431369.983, 99
Trd, 431370.250, 104
Trd, 431371.400, 114
Trd, 431371.900, 105
Trd, 431372.033, 105
Trd, 431372.217, 108
Trd, 431372.533, 122
Trd, 431372.650, 104
Trd, 431375.733, 94
Trd, 431375.800, 98
Trd, 431376.267, 114
Trd, 431377.517, 116
Trd, 431379.033, 95
Trd, 431380.050, 101
Trd, 431380.733, 93
Trd, 431381.150, 93
Trd, 431381.650, 91
Trd, 431382.650, 98
Trd, 431382.983, 92
Trd, 431383.017, 89
Trd, 431384.217, 106
Trd, 431385.183, 95
Trd, 431386.783, 103
Trd, 431387.050, 110
Trd, 431387.517, 98
Trd, 431388.200, 111
Trd, 431388.750, 95
Trd, 431388.967, 100
Trd, 431391.333, 99
Trd, 431391.683, 100
Trd, 431393.183, 115
Trd, 431393.683, 92
Trd, 431394.550, 93
Trd, 431395.033, 90
Trd, 431395.700, 107
Trd, 431396.233, 95
Trd, 431397.367, 107
Trd, 431397.633, 85
Trd, 431398.900, 97
Trd, 431400.600, 98
Trd, 431401.450, 107
Trd, 431401.483, 114
Trd, 431402.933, 97
Trd, 431403.150, 89
Trd, 431404.217, 105
Trd, 431404.767, 95
Trd, 431405.617, 105
Trd, 431406.317, 98
Trd, 431407.767, 98
Trd, 431408.633, 106
Trd, 431408.883, 106
Trd, 431409.017, 102
Trd, 431409.567, 111
Trd, 431409.850, 95
Trd, 431410.400, 80
Trd, 431412.500, 116
Trd, 431413.883, 107
Trd, 431414.817, 111
Trd, 431414.883, 111
Trd, 431415.000, 105
Trd, 431416.300, 102
Trd, 431418.033, 95
Trd, 431418.500, 95
Trd, 431419.033, 94
Trd, 431420.283, 90
Trd, 431420.350, 98
Trd, 431420.467, 100
Trd, 431421.000, 105
Trd, 431422.617, 98
Trd, 431424.300, 104
Trd, 431424.817, 94
Trd, 431425.033, 105
Trd, 431425.450, 102
Trd, 431425.483, 93
Trd, 431425.667, 110
Trd, 431427.433, 89
Trd, 431428.467, 118
Trd, 431429.467, 113
Trd, 431430.817, 108
Trd, 431432.033, 114
Trd, 431433.633, 104
Trd, 431434.367, 105
Trd, 431434.617, 103
Trd, 431434.800, 106
Trd, 431436.167, 96
Trd, 431436.750, 98
Trd, 431436.900, 102
Trd, 431438.383, 110
Trd, 431438.467, 104
Trd, 431439.033, 98
Trd, 431439.917, 100
Trd, 431440.850, 115
Trd, 431441.167, 95
Trd, 431441.950, 95
Trd, 431442.750, 103
Trd, 431444.500, 103
Trd, 431444.783, 95
Trd, 431444.967, 100
Trd, 431445.900, 108
Trd, 431446.600, 122
Trd, 431446.783, 123
Trd, 431447.983, 125
Trd, 431448.983, 119
Trd, 431450.533, 100
Trd, 431452.417, 117
Trd, 431453.100, 117
Trd, 431453.417, 106
Trd, 431453.450, 99
Trd, 431455.267, 99
Trd, 431455.300, 98
Trd, 431456.017, 92
Trd, 431457.300, 105
Trd, 431458.133, 113
Trd, 431459.017, 99
Trd, 431459.300, 90
Trd, 431460.233, 87
Trd, 431461.883, 116
Trd, 431463.383, 93
Trd, 431463.550, 117
Trd, 431463.700, 118
Trd, 431465.300, 111
Trd, 431466.167, 110
Trd, 431466.517, 106
Trd, 431466.667, 105
Trd, 431468.817, 101
Trd, 431468.983, 98
Trd, 431469.167, 93
Trd, 431472.533, 90
Trd, 431472.650, 97
Trd, 431473.217, 100
Trd, 431473.617, 95
Trd, 431474.017, 94
Trd, 431476.117, 105
Trd, 431477.017, 99
Trd, 431477.067, 101
Trd, 431478.400, 95
Trd, 431478.500, 99
Trd, 431479.600, 112
Trd, 431480.400, 95
Trd, 431480.633, 114
Trd, 431480.750, 105
Trd, 431481.867, 94
Trd, 431482.450, 95
Trd, 431482.500, 87
Trd, 431483.633, 114
Trd, 431484.383, 80
Trd, 431484.900, 115
Trd, 431486.400, 110
Trd, 431487.300, 117
Trd, 431488.600, 102
Trd, 431488.733, 87
Trd, 431488.950, 93
Trd, 431489.933, 96
Trd, 431490.100, 117
Trd, 431491.467, 97
Trd, 431491.600, 116
Trd, 431493.900, 103
Trd, 431494.700, 113
Trd, 431495.000, 113
Trd, 431495.333, 97
Trd, 431495.867, 120
Trd, 431495.983, 106
Trd, 431496.267, 94
Trd, 431496.983, 92
Trd, 431499.550, 112
Trd, 431499.933, 113
Trd, 431501.183, 93
Trd, 431503.217, 111
Trd, 431504.167, 95
Trd, 431505.967, 112
Trd, 431506.500, 117
Trd, 431507.417, 105
Trd, 431507.767, 96
Trd, 431507.950, 98
Trd, 431508.750, 98
Trd, 431508.850, 94
Trd, 431509.133, 118
Trd, 431509.800, 100
Trd, 431509.833, 90
Trd, 431510.250, 79
Trd, 431511.000, 104
Trd, 431511.967, 83
Trd, 431513.817, 100
Trd, 431513.983, 103
Trd, 431516.833, 101
Trd, 431516.983, 99
Trd, 431517.450, 104
Trd, 431518.083, 99
Trd, 431518.283, 117
Trd, 431520.267, 101
Trd, 431520.433, 93
Trd, 431521.600, 103
Trd, 431521.833, 83
Trd, 431521.867, 106
Trd, 431522.350, 105
Trd, 431522.550, 98
Trd, 431524.633, 127
Trd, 431525.483, 98
Trd, 431527.350, 95
Trd, 431527.883, 107
Trd, 431528.733, 87
Trd, 431529.817, 95
Trd, 431530.100, 99
Trd, 431530.733, 88
Trd, 431530.783, 99
Trd, 431531.267, 92
Trd, 431532.667, 100
Trd, 431533.117, 98
Trd, 431534.267, 114
Trd, 431534.500, 116
Trd, 431535.550, 103
Trd, 431537.617, 110
Trd, 431538.000, 101
Trd, 431538.733, 100
Trd, 431538.783, 116
Trd, 431538.817, 105
Trd, 431539.317, 110
Trd, 431540.250, 105
Trd, 431540.650, 106
Trd, 431541.417, 117
Trd, 431544.517, 103
Trd, 431545.717, 99
Trd, 431546.617, 98
Trd, 431547.133, 98
Trd, 431547.617, 117
Trd, 431548.200, 94
Trd, 431549.133, 96
Trd, 431550.200, 89
Trd, 431552.367, 96
Trd, 431552.600, 83
Trd, 431552.967, 88
Trd, 431553.717, 95
Trd, 431555.733, 95
Trd, 431556.417, 93
Trd, 431556.767, 93
Trd, 431557.850, 106
Trd, 431558.367, 112
Trd, 431558.733, 104
Trd, 431561.667, 102
Trd, 431562.283, 112
Trd, 431563.300, 98
Trd, 431563.717, 123
Trd, 431564.550, 104
Trd, 431564.733, 109
Trd, 431565.467, 94
Trd, 431566.517, 96
Trd, 431566.567, 107
Trd, 431567.000, 100
Trd, 431568.117, 103
Trd, 431568.617, 100
Trd, 431568.783, 97
Trd, 431569.150, 107
Trd, 431571.000, 113
Trd, 431571.750, 100
Trd, 431573.217, 104
Trd, 431573.700, 116
Trd, 431575.133, 117
Trd, 431575.567, 98
Trd, 431575.917, 114
Trd, 431576.100, 95
Trd, 431577.183, 94
Trd, 431577.650, 94
Trd, 431577.667, 120
Trd, 431578.383, 91
Trd, 431578.883, 119
Trd, 431579.533, 119
Trd, 431580.817, 100
Trd, 431581.700, 103
Trd, 431582.683, 105
Trd, 431583.167, 97
Trd, 431584.250, 111
Trd, 431585.567, 116
Trd, 431585.600, 118
Trd, 431586.200, 127
Trd, 431587.183, 103
Trd, 431587.933, 100
Trd, 431590.167, 97
Trd, 431590.583, 90
Trd, 431591.183, 98
Trd, 431592.067, 104
Trd, 431593.083, 101
Trd, 431593.217, 119
Trd, 431593.350, 94
Trd, 431594.567, 123
Trd, 431596.733, 117
Trd, 431596.783, 105
Trd, 431598.017, 114
Trd, 431598.550, 90
Trd, 431599.183, 101
Trd, 431599.500, 116
Trd, 431599.950, 102
Trd, 431601.017, 96
Trd, 431602.017, 99
Trd, 431602.067, 98
Trd, 431602.433, 100
Trd, 431602.883, 98
Trd, 431603.233, 102
Trd, 431603.817, 94
Trd, 431603.867, 107
Trd, 431605.150, 102
Trd, 431605.300, 118
Trd, 431605.650, 117
Trd, 431606.717, 92
Trd, 431610.417, 104
Trd, 431611.050, 97
Trd, 431611.183, 111
Trd, 431611.300, 91
Trd, 431612.050, 100
Trd, 431612.733, 117
Trd, 431613.067, 93
Trd, 431615.200, 109
Trd, 431616.033, 104
Trd, 431616.800, 103
Trd, 431617.533, 95
Trd, 431617.650, 92
Trd, 431617.967, 98
Trd, 431618.717, 89
Trd, 431619.100, 100
Trd, 431619.450, 112
Trd, 431619.867, 98
Trd, 431620.817, 109
Trd, 431625.650, 108
Trd, 431627.383, 99
Trd, 431628.500, 92
Trd, 431628.883, 97
Trd, 431629.350, 110
Trd, 431629.417, 103
Trd, 431629.617, 97
Trd, 431629.833, 101
Trd, 431630.633, 96
Trd, 431631.433, 117
Trd, 431631.767, 100
Trd, 431632.550, 133
Trd, 431632.833, 112
Trd, 431633.633, 124
Trd, 431633.667, 114
Trd, 431633.717, 95
Trd, 431634.850, 105
Trd, 431636.367, 111
Trd, 431636.567, 108
Trd, 431636.650, 98
Trd, 431637.033, 108
Trd, 431638.183, 109
Trd, 431639.133, 91
Trd, 431640.933, 90
Trd, 431641.383, 94
Trd, 431643.150, 99
Trd, 431643.883, 101
Trd, 431645.100, 110
Trd, 431646.067, 98
Trd, 431646.117, 109
Trd, 431647.183, 108
Trd, 431647.583, 120
Trd, 431647.617, 97
Trd, 431649.217, 94
Trd, 431650.667, 101
Trd, 431651.350, 94
Trd, 431652.333, 102
Trd, 431652.467, 93
Trd, 431652.550, 88
Trd, 431654.117, 93
Trd, 431654.383, 109
Trd, 431657.167, 106
Trd, 431657.733, 103
Trd, 431659.700, 101
Trd, 431659.783, 98
Trd, 431663.433, 103
Trd, 431663.833, 109
Trd, 431664.367, 117
Trd, 431665.250, 119
Trd, 431665.450, 98
Trd, 431666.050, 108
Trd, 431667.317, 97
Trd, 431667.450, 100
Trd, 431667.683, 119
Trd, 431667.917, 112
Trd, 431668.333, 90
Trd, 431668.783, 94
Trd, 431670.633, 94
Trd, 431670.967, 107
Trd, 431672.267, 112
Trd, 431672.450, 104
Trd, 431673.100, 99
Trd, 431673.183, 98
Trd, 431673.967, 88
Trd, 431674.417, 117
Trd, 431674.933, 96
Trd, 431676.500, 90
Trd, 431677.117, 96
Trd, 431678.367, 94
Trd, 431679.950, 100
Trd, 431680.700, 90
Trd, 431681.267, 93
Trd, 431682.500, 94
Trd, 431683.067, 98
Trd, 431683.733, 81
Trd, 431684.500, 98
Trd, 431685.617, 91
Trd, 431685.900, 86
Trd, 431686.217, 82
Trd, 431686.967, 82
Trd, 431687.217, 83
Trd, 431687.550, 88
Trd, 431687.867, 85
Trd, 431688.633, 113
Trd, 431689.117, 110
Trd, 431691.950, 113
Trd, 431691.983, 101
Trd, 431692.267, 97
Trd, 431692.450, 121
Trd, 431692.667, 90
Trd, 431692.900, 127
Trd, 431693.933, 119
Trd, 431696.350, 99
Trd, 431696.483, 98
Trd, 431697.133, 90
Trd, 431697.517, 87
Trd, 431698.583, 110
Trd, 431698.917, 102
Trd, 431699.567, 113
Trd, 431699.917, 120
Trd, 431701.083, 108
Trd, 431701.217, 109
Trd, 431702.667, 117
Trd, 431702.917, 117
Trd, 431703.200, 120
Trd, 431704.650, 98
Trd, 431705.417, 110
Trd, 431705.833, 98
Trd, 431706.033, 90
Trd, 431706.483, 95
Trd, 431707.917, 103
Trd, 431709.450, 98
Trd, 431710.067, 113
Trd, 431711.233, 113
Trd, 431711.867, 121
Trd, 431712.233, 122
Trd, 431714.283, 104
Trd, 431715.000, 95
Trd, 431715.400, 88
Trd, 431716.483, 86
Trd, 431717.850, 91
Trd, 431718.317, 89
Trd, 431718.600, 119
Trd, 431719.000, 88
Trd, 431720.767, 106
Trd, 431721.250, 111
Trd, 431721.650, 117
Trd, 431722.300, 104
Trd, 431722.533, 96
Trd, 431723.450, 95
Trd, 431723.833, 94
Trd, 431725.250, 104
Trd, 431725.500, 108
Trd, 431725.800, 82
Trd, 431726.883, 113
Trd, 431727.000, 105
Trd, 431727.150, 104
Trd, 431727.250, 112
Trd, 431727.533, 102
Trd, 431728.667, 98
Trd, 431730.933, 100
Trd, 431731.217, 98
Trd, 431731.417, 120
Trd, 431732.083, 91
Trd, 431732.733, 106
Trd, 431733.283, 118
Trd, 431734.067, 103
Trd, 431734.833, 110
Trd, 431736.250, 111
Trd, 431736.500, 111
Trd, 431736.783, 105
Trd, 431736.883, 90
Trd, 431737.383, 95
Trd, 431737.900, 83
Trd, 431738.683, 82
Trd, 431738.983, 83
Trd, 431739.317, 94
Trd, 431739.667, 96
Trd, 431740.183, 83
Trd, 431740.750, 96
Trd, 431740.800, 99
Trd, 431741.983, 90
Trd, 431744.600, 95
Trd, 431744.867, 103
Trd, 431745.383, 94
Trd, 431746.450, 93
Trd, 431749.233, 96
Trd, 431749.383, 91
Trd, 431749.900, 93
Trd, 431751.267, 94
Trd, 431752.567, 109
Trd, 431752.783, 121
Trd, 431754.417, 105
Trd, 431755.400, 96
Trd, 431755.950, 101
Trd, 431755.967, 105
Trd, 431756.100, 111
Trd, 431757.233, 117
Trd, 431758.417, 123
Trd, 431759.117, 100
Trd, 431759.283, 94
Trd, 431760.100, 117
Trd, 431760.533, 97
Trd, 431761.367, 87
Trd, 431761.883, 101
Trd, 431762.067, 120
Trd, 431762.483, 117
Trd, 431764.033, 109
Trd, 431766.017, 97
Trd, 431766.800, 89
Trd, 431767.250, 104
Trd, 431767.833, 89
Trd, 431769.533, 106
Trd, 431772.417, 89
Trd, 431773.333, 107
Trd, 431774.000, 90
Trd, 431774.800, 86
Trd, 431775.217, 98
Trd, 431776.483, 105
Trd, 431777.783, 111
Trd, 431777.983, 97
Trd, 431778.483, 103
Trd, 431778.500, 86
Trd, 431778.833, 102
Trd, 431779.983, 93
Trd, 431780.133, 99
Trd, 431781.717, 102
Trd, 431783.350, 97
Trd, 431783.650, 98
Trd, 431785.317, 94
Trd, 431785.433, 90
Trd, 431786.433, 89
Trd, 431787.550, 98
Trd, 431787.683, 95
Trd, 431788.200, 107
Trd, 431788.850, 97
Trd, 431789.250, 87
Trd, 431789.417, 109
Trd, 431790.100, 99
Trd, 431791.333, 94
Trd, 431791.550, 98
Trd, 431792.083, 99
Trd, 431792.100, 103
Trd, 431793.067, 117
Trd, 431793.583, 98
Trd, 431794.283, 114
Trd, 431795.333, 112
Trd, 431797.283, 94
Trd, 431798.700, 107
Trd, 431799.050, 84
Trd, 431800.650, 96
Trd, 431800.800, 109
Trd, 431802.417, 94
Trd, 431802.633, 87
Trd, 431803.283, 114
Trd, 431803.533, 119
Trd, 431804.133, 126
Trd, 431804.583, 114
Trd, 431805.467, 100
Trd, 431806.717, 98
Trd, 431807.517, 98
Trd, 431809.967, 100
Trd, 431810.567, 100
Trd, 431813.233, 106
Trd, 431813.650, 100
Trd, 431814.083, 99
Trd, 431814.133, 108
Trd, 431815.033, 92
Trd, 431815.217, 88
Trd, 431815.583, 95
Trd, 431816.567, 88
Trd, 431816.617, 94
Trd, 431817.650, 109
Trd, 431817.917, 105
Trd, 431818.017, 98
Trd, 431818.833, 104
Trd, 431819.017, 104
Trd, 431819.367, 105
Trd, 431819.533, 114
Trd, 431819.550, 86
Trd, 431820.317, 111
Trd, 431821.767, 91
Trd, 431822.533, 100
Trd, 431823.000, 105
Trd, 431823.233, 118
Trd, 431824.317, 88
Trd, 431824.733, 95
Trd, 431826.200, 87
Trd, 431828.100, 105
Trd, 431829.967, 83
Trd, 431831.050, 83
Trd, 431831.117, 79
Trd, 431831.167, 94
Trd, 431831.533, 71
Trd, 431831.800, 95
Trd, 431833.517, 111
Trd, 431834.833, 99
Trd, 431835.383, 99
Trd, 431835.783, 98
Trd, 431836.000, 107
Trd, 431837.050, 92
Trd, 431837.383, 98
Trd, 431838.467, 104
Trd, 431838.533, 103
Trd, 431840.733, 105
Trd, 431840.900, 117
Trd, 431841.167, 116
Trd, 431841.383, 95
Trd, 431841.517, 98
Trd, 431841.800, 106
Trd, 431844.283, 99
Trd, 431845.083, 99
Trd, 431846.200, 106
Trd, 431847.133, 102
Trd, 431848.117, 100
Trd, 431848.717, 87
Trd, 431848.783, 98
Trd, 431849.567, 90
Trd, 431850.917, 98
Trd, 431851.800, 96
Trd, 431852.083, 104
Trd, 431852.850, 95
Trd, 431853.417, 101
Trd, 431855.417, 98
Trd, 431855.500, 104
Trd, 431856.083, 119
Trd, 431856.750, 95
Trd, 431857.067, 90
Trd, 431857.233, 100
Trd, 431857.833, 93
Trd, 431861.050, 102
Trd, 431861.150, 100
Trd, 431862.167, 108
Trd, 431862.250, 98
Trd, 431862.333, 109
Trd, 431865.617, 93
Trd, 431865.733, 94
Trd, 431866.133, 102
Trd, 431866.667, 106
Trd, 431867.600, 103
Trd, 431867.617, 95
Trd, 431869.333, 104
Trd, 431869.350, 88
Trd, 431871.783, 109
Trd, 431872.433, 91
Trd, 431872.450, 114
Trd, 431873.350, 112
Trd, 431873.583, 103
Trd, 431873.950, 110
Trd, 431874.800, 98
Trd, 431876.183, 103
Trd, 431877.250, 105
Trd, 431877.817, 88
Trd, 431879.183, 109
Trd, 431879.550, 92
Trd, 431879.800, 101
Trd, 431879.817, 95
Trd, 431879.867, 90
Trd, 431880.183, 109
Trd, 431884.333, 114
Trd, 431884.600, 106
Trd, 431886.417, 87
Trd, 431886.767, 93
Trd, 431886.867, 105
Trd, 431887.767, 98
Trd, 431887.950, 99
Trd, 431888.300, 103
Trd, 431890.367, 101
Trd, 431891.250, 102
Trd, 431891.417, 115
Trd, 431891.633, 98
Trd, 431892.150, 102
Trd, 431892.517, 105
Trd, 431892.833, 92
Trd, 431893.250, 109
Trd, 431893.883, 119
Trd, 431894.900, 90
Trd, 431895.100, 107
Trd, 431896.000, 97
Trd, 431896.583, 83
Trd, 431896.683, 82
Trd, 431898.367, 81
Trd, 431898.417, 93
Trd, 431898.483, 80
Trd, 431899.067, 84
Trd, 431899.417, 107
Trd, 431899.833, 105
Trd, 431899.917, 116
Trd, 431901.383, 113
Trd, 431901.917, 117
Trd, 431903.500, 96
Trd, 431903.717, 103
Trd, 431905.133, 93
Trd, 431905.550, 106
Trd, 431907.500, 102
Trd, 431908.400, 92
Trd, 431911.683, 95
Trd, 431912.650, 97
Trd, 431913.317, 94
Trd, 431914.300, 97
Trd, 431914.900, 88
Trd, 431915.050, 90
Trd, 431916.017, 119
Trd, 431916.283, 101
Trd, 431917.283, 97
Trd, 431917.500, 104
Trd, 431918.250, 94
Trd, 431919.317, 110
Trd, 431919.633, 99
Trd, 431919.767, 82
Trd, 431921.367, 93
Trd, 431922.450, 112
Trd, 431923.433, 110
Trd, 431924.683, 100
Trd, 431925.317, 99
Trd, 431925.633, 97
Trd, 431925.833, 86
Trd, 431927.017, 85
Trd, 431927.350, 112
Trd, 431927.783, 98
Trd, 431928.533, 100
Trd, 431931.033, 99
Trd, 431931.317, 101
Trd, 431931.433, 117
Trd, 431931.683, 127
Trd, 431931.917, 89
Trd, 431931.933, 113
Trd, 431933.317, 100
Trd, 431934.683, 96
Trd, 431935.050, 90
Trd, 431936.067, 94
Trd, 431936.550, 113
Trd, 431937.233, 86
Trd, 431938.033, 101
Trd, 431938.933, 95
Trd, 431941.717, 98
Trd, 431941.750, 94
Trd, 431942.583, 107
Trd, 431942.933, 80
Trd, 431943.250, 104
Trd, 431943.417, 99
Trd, 431944.417, 86
Trd, 431946.167, 114
Trd, 431947.150, 91
Trd, 431948.200, 105
Trd, 431948.267, 106
Trd, 431951.250, 114
Trd, 431951.983, 105
Trd, 431953.033, 107
Trd, 431953.117, 95
Trd, 431953.283, 108
Trd, 431954.417, 105
Trd, 431954.650, 97
Trd, 431955.700, 92
Trd, 431957.583, 90
Trd, 431957.917, 95
Trd, 431958.317, 96
Trd, 431959.617, 91
Trd, 431959.933, 101
Trd, 431960.267, 100
Trd, 431960.667, 117
Trd, 431961.300, 106
Trd, 431961.683, 95
Trd, 431964.450, 110
Trd, 431964.667, 110
Trd, 431965.167, 104
Trd, 431965.583, 102
Trd, 431966.250, 109
Trd, 431966.833, 98
Trd, 431967.300, 106
Trd, 431967.967, 97
Trd, 431969.150, 88
Trd, 431969.667, 85
Trd, 431970.283, 93
Trd, 431970.767, 104
Trd, 431971.217, 96
Trd, 431971.817, 101
Trd, 431972.767, 97
Trd, 431973.517, 89
Trd, 431974.100, 97
Trd, 431975.400, 100
Trd, 431976.500, 117
Trd, 431978.467, 108
Trd, 431978.583, 114
Trd, 431979.817, 98
Trd, 431980.117, 108
Trd, 431982.083, 103
Trd, 431982.517, 95
Trd, 431983.683, 113
Trd, 431984.250, 95
Trd, 431984.817, 111
Trd, 431985.400, 107
Trd, 431985.917, 102
Trd, 431987.350, 98
Trd, 431987.450, 100
Trd, 431988.017, 97
Trd, 431989.317, 110
Trd, 431991.450, 93
Trd, 431991.567, 87
Trd, 431992.500, 91
Trd, 431992.600, 99
Trd, 431993.300, 91
Trd, 431993.617, 100
Trd, 431993.683, 115
Trd, 431995.183, 79
Trd, 431995.950, 96
Trd, 431996.900, 101
Trd, 431998.333, 104
Trd, 431999.417, 98
Trd, 431999.667, 92
