Trd, 430601.050, 94
Trd, 430601.267, 113
Trd, 430602.417, 108
Trd, 430602.967, 120
Trd, 430603.467, 121
Trd, 430604.033, 109
Trd, 430605.067, 121
Trd, 430605.483, 109
Trd, 430605.800, 106
Trd, 430606.167, 122
Trd, 430606.533, 104
Trd, 430607.117, 106
Trd, 430611.400, 96
Trd, 430612.033, 101
Trd, 430612.583, 94
Trd, 430613.167, 105
Trd, 430613.250, 101
Trd, 430614.550, 117
Trd, 430615.100, 106
Trd, 430615.533, 120
Trd, 430615.650, 106
Trd, 430616.667, 129
Trd, 430616.817, 112
Trd, 430617.383, 95
Trd, 430617.767, 113
Trd, 430619.367, 99
Trd, 430620.350, 98
Trd, 430620.517, 88
Trd, 430622.750, 97
Trd, 430623.033, 96
Trd, 430623.367, 96
Trd, 430625.867, 105
Trd, 430627.733, 94
Trd, 430627.950, 104
Trd, 430629.117, 98
Trd, 430630.233, 99
Trd, 430631.800, 94
Trd, 430632.283, 101
Trd, 430632.617, 101
Trd, 430632.883, 99
Trd, 430632.983, 109
Trd, 430633.183, 114
Trd, 430634.200, 98
Trd, 430635.317, 101
Trd, 430635.850, 105
Trd, 430636.567, 126
Trd, 430638.767, 123
Trd, 430639.517, 105
Trd, 430639.933, 115
Trd, 430640.917, 108
Trd, 430641.767, 108
Trd, 430642.533, 93
Trd, 430642.833, 110
Trd, 430642.983, 83
Trd, 430643.417, 113
Trd, 430643.583, 96
Trd, 430644.967, 98
Trd, 430645.550, 106
Trd, 430646.700, 107
Trd, 430648.933, 92
Trd, 430649.500, 103
Trd, 430650.433, 109
Trd, 430650.833, 112
Trd, 430651.700, 115
Trd, 430652.083, 104
Trd, 430653.033, 101
Trd, 430653.583, 98
Trd, 430654.217, 110
Trd, 430655.033, 86
Trd, 430655.617, 103
Trd, 430656.100, 104
Trd, 430656.150, 85
Trd, 430658.617, 108
Trd, 430659.450, 106
Trd, 430659.667, 99
Trd, 430660.100, 115
Trd, 430660.883, 113
Trd, 430661.667, 114
Trd, 430662.700, 113
Trd, 430663.883, 108
Trd, 430665.500, 103
Trd, 430666.350, 114
Trd, 430666.733, 112
Trd, 430667.200, 117
Trd, 430668.933, 100
Trd, 430668.967, 111
Trd, 430669.267, 111
Trd, 430670.483, 110
Trd, 430671.767, 109
Trd, 430671.967, 96
Trd, 430672.850, 128
Trd, 430673.250, 124
Trd, 430673.900, 113
Trd, 430675.033, 91
Trd, 430675.733, 107
Trd, 430677.050, 114
Trd, 430677.433, 99
Trd, 430678.017, 99
Trd, 430678.650, 100
Trd, 430679.550, 104
Trd, 430679.983, 107
Trd, 430680.133, 121
Trd, 430682.600, 109
Trd, 430684.450, 106
Trd, 430685.000, 112
Trd, 430685.733, 127
Trd, 430686.550, 128
Trd, 430688.433, 108
Trd, 430688.633, 100
Trd, 430689.317, 98
Trd, 430689.400, 106
Trd, 430690.033, 99
Trd, 430690.300, 110
Trd, 430690.567, 95
Trd, 430691.000, 111
Trd, 430693.183, 98
Trd, 430695.567, 98
Trd, 430695.767, 103
Trd, 430698.217, 129
Trd, 430699.200, 107
Trd, 430699.383, 99
Trd, 430700.083, 97
Trd, 430700.267, 111
Trd, 430701.617, 106
Trd, 430702.517, 107
Trd, 430702.883, 106
Trd, 430703.483, 108
Trd, 430703.833, 99
Trd, 430705.150, 93
Trd, 430706.317, 105
Trd, 430707.383, 106
Trd, 430707.950, 104
Trd, 430708.167, 125
Trd, 430709.867, 108
Trd, 430711.417, 104
Trd, 430712.917, 105
Trd, 430712.983, 95
Trd, 430713.467, 106
Trd, 430713.817, 108
Trd, 430714.000, 109
Trd, 430714.017, 106
Trd, 430714.733, 95
Trd, 430716.567, 106
Trd, 430718.350, 89
Trd, 430718.900, 128
Trd, 430719.017, 106
Trd, 430720.367, 92
Trd, 430721.350, 106
Trd, 430723.083, 107
Trd, 430724.167, 98
Trd, 430725.117, 108
Trd, 430725.717, 108
Trd, 430725.917, 113
Trd, 430726.750, 107
Trd, 430727.117, 101
Trd, 430727.833, 106
Trd, 430728.783, 101
Trd, 430728.883, 107
Trd, 430729.950, 99
Trd, 430730.833, 99
Trd, 430731.050, 98
Trd, 430731.467, 99
Trd, 430732.383, 101
Trd, 430732.733, 111
Trd, 430733.783, 91
Trd, 430734.783, 89
Trd, 430735.117, 103
Trd, 430737.417, 98
Trd, 430738.283, 108
Trd, 430739.083, 107
Trd, 430739.350, 106
Trd, 430739.367, 107
Trd, 430739.767, 95
Trd, 430740.233, 106
Trd, 430743.300, 112
Trd, 430746.233, 106
Trd, 430746.533, 98
Trd, 430747.250, 111
Trd, 430747.917, 112
Trd, 430748.567, 101
Trd, 430750.517, 101
Trd, 430751.150, 113
Trd, 430751.417, 127
Trd, 430752.050, 113
Trd, 430753.483, 111
Trd, 430754.283, 108
Trd, 430754.833, 111
Trd, 430755.867, 109
Trd, 430756.017, 113
Trd, 430756.200, 106
Trd, 430756.300, 120
Trd, 430758.117, 103
Trd, 430760.183, 100
Trd, 430760.633, 87
Trd, 430760.733, 87
Trd, 430762.783, 106
Trd, 430763.667, 106
Trd, 430764.550, 98
Trd, 430765.400, 94
Trd, 430767.083, 109
Trd, 430767.700, 121
Trd, 430767.783, 102
Trd, 430768.600, 98
Trd, 430768.917, 91
Trd, 430768.983, 88
Trd, 430770.550, 113
Trd, 430771.350, 112
Trd, 430771.400, 113
Trd, 430772.400, 102
Trd, 430773.350, 102
Trd, 430773.450, 104
Trd, 430773.667, 110
Trd, 430775.633, 122
Trd, 430777.350, 101
Trd, 430778.400, 98
Trd, 430778.983, 107
Trd, 430779.150, 96
Trd, 430779.383, 102
Trd, 430780.700, 97
Trd, 430781.033, 100
Trd, 430781.067, 90
Trd, 430782.500, 98
Trd, 430782.950, 113
Trd, 430784.950, 97
Trd, 430786.233, 96
Trd, 430786.883, 101
Trd, 430787.783, 99
Trd, 430788.117, 98
Trd, 430788.450, 98
Trd, 430790.333, 109
Trd, 430790.750, 87
Trd, 430790.967, 108
Trd, 430791.433, 112
Trd, 430792.500, 99
Trd, 430793.567, 100
Trd, 430794.700, 114
Trd, 430794.967, 113
Trd, 430795.267, 107
Trd, 430796.350, 100
Trd, 430797.250, 98
Trd, 430798.283, 115
Trd, 430798.817, 103
Trd, 430800.233, 96
Trd, 430800.633, 97
Trd, 430801.017, 98
Trd, 430801.900, 117
Trd, 430802.217, 117
Trd, 430802.950, 122
Trd, 430803.183, 113
Trd, 430807.783, 106
Trd, 430807.817, 106
Trd, 430808.350, 107
Trd, 430808.850, 106
Trd, 430810.300, 110
Trd, 430810.367, 105
Trd, 430811.000, 110
Trd, 430811.517, 106
Trd, 430812.450, 105
Trd, 430813.000, 97
Trd, 430813.350, 93
Trd, 430815.233, 96
Trd, 430816.283, 89
Trd, 430817.200, 105
Trd, 430817.567, 106
Trd, 430818.217, 108
Trd, 430818.450, 103
Trd, 430819.250, 118
Trd, 430820.883, 115
Trd, 430822.017, 104
Trd, 430823.217, 98
Trd, 430823.833, 117
Trd, 430825.333, 113
Trd, 430825.867, 118
Trd, 430826.033, 106
Trd, 430827.600, 111
Trd, 430828.717, 113
Trd, 430829.133, 105
Trd, 430830.283, 128
Trd, 430830.667, 126
Trd, 430831.250, 123
Trd, 430832.333, 110
Trd, 430833.217, 98
Trd, 430834.583, 114
Trd, 430835.067, 114
Trd, 430835.800, 102
Trd, 430836.950, 109
Trd, 430837.950, 106
Trd, 430839.800, 100
Trd, 430839.883, 102
Trd, 430841.167, 98
Trd, 430841.667, 112
Trd, 430841.817, 99
Trd, 430841.917, 114
Trd, 430843.650, 99
Trd, 430844.367, 111
Trd, 430845.850, 98
Trd, 430850.233, 98
Trd, 430850.900, 98
Trd, 430851.650, 97
Trd, 430851.800, 127
Trd, 430852.417, 98
Trd, 430852.750, 92
Trd, 430853.033, 92
Trd, 430853.967, 115
Trd, 430854.533, 104
Trd, 430855.267, 100
Trd, 430856.067, 124
Trd, 430856.417, 95
Trd, 430856.733, 87
Trd, 430857.100, 127
Trd, 430857.700, 128
Trd, 430860.283, 98
Trd, 430862.050, 106
Trd, 430862.117, 103
Trd, 430863.133, 105
Trd, 430863.483, 105
Trd, 430863.717, 105
Trd, 430864.550, 105
Trd, 430865.783, 110
Trd, 430866.733, 109
Trd, 430867.533, 104
Trd, 430867.817, 108
Trd, 430868.117, 98
Trd, 430869.717, 87
Trd, 430871.550, 86
Trd, 430872.650, 88
Trd, 430873.733, 108
Trd, 430875.700, 98
Trd, 430875.917, 103
Trd, 430876.133, 107
Trd, 430876.300, 110
Trd, 430876.433, 95
Trd, 430876.683, 117
Trd, 430878.450, 101
Trd, 430879.133, 106
Trd, 430879.767, 100
Trd, 430880.583, 96
Trd, 430882.017, 90
Trd, 430882.950, 98
Trd, 430883.567, 99
Trd, 430885.583, 96
Trd, 430886.750, 106
Trd, 430887.000, 99
Trd, 430887.967, 91
Trd, 430888.367, 110
Trd, 430889.667, 115
Trd, 430889.767, 116
Trd, 430890.233, 91
Trd, 430891.467, 104
Trd, 430891.517, 97
Trd, 430892.867, 112
Trd, 430893.750, 111
Trd, 430894.333, 114
Trd, 430894.833, 87
Trd, 430895.283, 119
Trd, 430896.850, 105
Trd, 430897.917, 95
Trd, 430898.283, 107
Trd, 430899.900, 112
Trd, 430900.250, 119
Trd, 430901.133, 117
Trd, 430901.817, 112
Trd, 430902.867, 115
Trd, 430902.917, 97
Trd, 430903.800, 110
Trd, 430904.383, 92
Trd, 430905.083, 94
Trd, 430905.200, 102
Trd, 430906.683, 94
Trd, 430907.033, 112
Trd, 430907.900, 90
Trd, 430910.167, 120
Trd, 430910.217, 106
Trd, 430911.067, 111
Trd, 430911.583, 108
Trd, 430912.300, 97
Trd, 430912.383, 122
Trd, 430912.883, 114
Trd, 430913.417, 90
Trd, 430914.100, 78
Trd, 430915.400, 112
Trd, 430916.283, 119
Trd, 430916.500, 105
Trd, 430919.200, 109
Trd, 430920.250, 106
Trd, 430920.633, 107
Trd, 430920.683, 93
Trd, 430920.800, 112
Trd, 430921.450, 91
Trd, 430922.250, 104
Trd, 430923.867, 106
Trd, 430924.083, 101
Trd, 430926.833, 105
Trd, 430927.267, 110
Trd, 430928.017, 111
Trd, 430929.017, 105
Trd, 430929.200, 97
Trd, 430929.300, 112
Trd, 430930.300, 98
Trd, 430931.333, 113
Trd, 430931.633, 125
Trd, 430931.900, 100
Trd, 430933.300, 100
Trd, 430934.783, 101
Trd, 430934.950, 102
Trd, 430935.883, 96
Trd, 430936.367, 91
Trd, 430936.533, 97
Trd, 430937.217, 112
Trd, 430938.200, 101
Trd, 430938.250, 99
Trd, 430939.167, 123
Trd, 430941.133, 124
Trd, 430941.833, 122
Trd, 430942.283, 126
Trd, 430943.817, 115
Trd, 430944.783, 109
Trd, 430945.217, 106
Trd, 430946.000, 106
Trd, 430947.467, 106
Trd, 430947.617, 117
Trd, 430948.450, 114
Trd, 430950.433, 111
Trd, 430950.800, 110
Trd, 430951.533, 111
Trd, 430951.967, 112
Trd, 430952.650, 110
Trd, 430953.683, 109
Trd, 430956.667, 109
Trd, 430957.933, 104
Trd, 430957.967, 97
Trd, 430958.983, 103
Trd, 430959.783, 103
Trd, 430960.600, 94
Trd, 430960.733, 110
Trd, 430961.750, 116
Trd, 430962.250, 116
Trd, 430962.483, 108
Trd, 430963.250, 106
Trd, 430963.467, 115
Trd, 430966.100, 123
Trd, 430967.650, 115
Trd, 430968.050, 128
Trd, 430968.633, 129
Trd, 430969.917, 105
Trd, 430970.950, 124
Trd, 430971.167, 125
Trd, 430971.967, 109
Trd, 430971.983, 102
Trd, 430974.100, 98
Trd, 430974.133, 93
Trd, 430974.933, 107
Trd, 430975.817, 101
Trd, 430977.200, 103
Trd, 430979.483, 94
Trd, 430979.650, 92
Trd, 430979.933, 95
Trd, 430980.500, 109
Trd, 430981.017, 104
Trd, 430982.983, 105
Trd, 430983.600, 115
Trd, 430985.983, 104
Trd, 430986.083, 106
Trd, 430986.700, 109
Trd, 430988.600, 117
Trd, 430988.650, 109
Trd, 430988.683, 106
Trd, 430990.050, 98
Trd, 430990.283, 114
Trd, 430991.017, 114
Trd, 430992.400, 109
Trd, 430993.150, 123
Trd, 430994.750, 108
Trd, 430995.683, 98
Trd, 430995.983, 113
Trd, 430996.817, 93
Trd, 430997.550, 107
Trd, 430998.150, 97
Trd, 430999.183, 106
Trd, 430999.350, 87
Trd, 431000.050, 112
Trd, 431001.950, 109
Trd, 431002.950, 111
Trd, 431005.633, 107
Trd, 431005.900, 106
Trd, 431006.250, 108
Trd, 431006.350, 96
Trd, 431007.183, 110
Trd, 431008.267, 105
Trd, 431009.017, 126
Trd, 431010.217, 104
Trd, 431012.617, 101
Trd, 431012.867, 104
Trd, 431013.033, 86
Trd, 431014.433, 126
Trd, 431016.950, 106
Trd, 431018.150, 107
Trd, 431018.800, 116
Trd, 431020.317, 122
Trd, 431020.333, 98
Trd, 431020.900, 115
Trd, 431021.550, 95
Trd, 431022.317, 91
Trd, 431022.633, 100
Trd, 431023.033, 104
Trd, 431023.700, 108
Trd, 431023.967, 101
Trd, 431025.050, 99
Trd, 431026.900, 103
Trd, 431027.650, 107
Trd, 431027.850, 101
Trd, 431028.800, 100
Trd, 431029.700, 105
Trd, 431030.650, 107
Trd, 431032.433, 98
Trd, 431033.133, 122
Trd, 431033.667, 103
Trd, 431034.317, 134
Trd, 431034.433, 112
Trd, 431034.767, 108
Trd, 431034.933, 98
Trd, 431035.967, 97
Trd, 431036.233, 93
Trd, 431036.667, 111
Trd, 431037.917, 116
Trd, 431039.517, 97
Trd, 431039.817, 116
Trd, 431040.950, 95
Trd, 431042.483, 114
Trd, 431044.300, 110
Trd, 431044.350, 124
Trd, 431045.933, 108
Trd, 431046.717, 107
Trd, 431046.933, 93
Trd, 431048.400, 106
Trd, 431048.600, 104
Trd, 431049.933, 99
Trd, 431051.550, 107
Trd, 431051.633, 102
Trd, 431053.283, 110
Trd, 431053.600, 121
Trd, 431054.183, 106
Trd, 431054.933, 108
Trd, 431056.617, 97
Trd, 431057.633, 105
Trd, 431057.683, 98
Trd, 431057.767, 108
Trd, 431058.383, 127
Trd, 431060.567, 109
Trd, 431061.150, 101
Trd, 431061.750, 96
Trd, 431061.817, 93
Trd, 431062.467, 121
Trd, 431063.533, 99
Trd, 431064.283, 112
Trd, 431065.567, 109
Trd, 431065.733, 111
Trd, 431067.517, 101
Trd, 431068.150, 87
Trd, 431068.583, 96
Trd, 431069.800, 95
Trd, 431070.300, 117
Trd, 431072.750, 99
Trd, 431073.000, 117
Trd, 431074.167, 110
Trd, 431074.433, 87
Trd, 431074.500, 127
Trd, 431075.433, 116
Trd, 431076.300, 101
Trd, 431077.667, 98
Trd, 431078.900, 108
Trd, 431081.150, 115
Trd, 431081.233, 129
Trd, 431082.233, 115
Trd, 431082.683, 108
Trd, 431082.733, 104
Trd, 431083.350, 103
Trd, 431085.783, 110
Trd, 431086.483, 110
Trd, 431086.667, 111
Trd, 431087.817, 101
Trd, 431088.567, 112
Trd, 431090.583, 109
Trd, 431091.850, 106
Trd, 431092.933, 99
Trd, 431093.883, 97
Trd, 431095.150, 102
Trd, 431095.933, 102
Trd, 431096.117, 98
Trd, 431096.600, 97
Trd, 431096.667, 101
Trd, 431097.683, 90
Trd, 431098.117, 106
Trd, 431101.317, 104
Trd, 431102.283, 106
Trd, 431102.500, 107
Trd, 431103.000, 107
Trd, 431103.317, 108
Trd, 431104.050, 100
Trd, 431105.683, 112
Trd, 431105.783, 105
Trd, 431106.267, 111
Trd, 431109.550, 109
Trd, 431110.517, 106
Trd, 431111.150, 125
Trd, 431111.733, 110
Trd, 431112.250, 103
Trd, 431112.350, 96
Trd, 431113.267, 117
Trd, 431114.217, 107
Trd, 431118.417, 88
Trd, 431119.300, 94
Trd, 431120.000, 94
Trd, 431120.650, 94
Trd, 431120.867, 95
Trd, 431121.350, 109
Trd, 431122.033, 113
Trd, 431123.817, 108
Trd, 431124.383, 112
Trd, 431126.733, 106
Trd, 431127.067, 126
Trd, 431127.150, 105
Trd, 431127.817, 127
Trd, 431127.917, 93
Trd, 431129.783, 97
Trd, 431129.900, 110
Trd, 431129.917, 112
Trd, 431130.533, 111
Trd, 431132.100, 107
Trd, 431132.133, 108
Trd, 431132.633, 103
Trd, 431133.283, 100
Trd, 431135.667, 97
Trd, 431136.833, 106
Trd, 431137.783, 88
Trd, 431138.533, 97
Trd, 431138.583, 109
Trd, 431138.683, 115
Trd, 431140.767, 123
Trd, 431141.917, 96
Trd, 431142.067, 112
Trd, 431142.300, 95
Trd, 431142.950, 105
Trd, 431144.733, 97
Trd, 431146.400, 113
Trd, 431146.867, 106
Trd, 431147.733, 107
Trd, 431148.300, 106
Trd, 431149.183, 106
Trd, 431149.200, 100
Trd, 431149.317, 87
Trd, 431149.450, 107
Trd, 431150.367, 125
Trd, 431151.267, 98
Trd, 431151.867, 105
Trd, 431152.133, 105
Trd, 431153.467, 96
Trd, 431155.683, 98
Trd, 431157.183, 94
Trd, 431158.617, 98
Trd, 431158.667, 104
Trd, 431160.483, 98
Trd, 431161.100, 95
Trd, 431161.117, 106
Trd, 431164.600, 104
Trd, 431164.750, 105
Trd, 431164.933, 107
Trd, 431166.300, 87
Trd, 431166.783, 101
Trd, 431167.950, 97
Trd, 431168.817, 105
Trd, 431168.833, 95
Trd, 431169.317, 107
Trd, 431169.350, 125
Trd, 431169.767, 106
Trd, 431171.200, 106
Trd, 431171.517, 101
Trd, 431172.400, 99
Trd, 431172.467, 115
Trd, 431175.667, 97
Trd, 431176.483, 101
Trd, 431177.417, 105
Trd, 431179.600, 97
Trd, 431179.967, 107
Trd, 431180.767, 106
Trd, 431181.367, 112
Trd, 431183.250, 101
Trd, 431183.817, 103
Trd, 431185.017, 124
Trd, 431185.067, 99
Trd, 431185.467, 125
Trd, 431185.733, 106
Trd, 431186.433, 113
Trd, 431187.333, 126
Trd, 431188.433, 128
Trd, 431191.983, 106
Trd, 431192.317, 106
Trd, 431192.750, 97
Trd, 431193.717, 113
Trd, 431193.900, 98
Trd, 431194.350, 88
Trd, 431195.283, 110
Trd, 431195.933, 110
Trd, 431196.800, 92
Trd, 431196.833, 109
Trd, 431197.183, 111
Trd, 431197.467, 98
Trd, 431198.450, 114
Trd, 431200.750, 90
Trd, 431202.283, 87
Trd, 431204.167, 107
Trd, 431205.950, 97
Trd, 431207.067, 98
Trd, 431207.217, 96
Trd, 431208.367, 99
Trd, 431208.600, 113
Trd, 431209.300, 110
Trd, 431209.950, 99
Trd, 431210.667, 97
Trd, 431211.283, 99
Trd, 431211.950, 101
Trd, 431213.417, 111
Trd, 431213.467, 93
Trd, 431213.950, 112
Trd, 431214.667, 120
Trd, 431216.050, 113
Trd, 431216.383, 120
Trd, 431216.533, 106
Trd, 431216.567, 126
Trd, 431217.067, 124
Trd, 431219.417, 98
Trd, 431220.067, 125
Trd, 431220.467, 110
Trd, 431220.500, 88
Trd, 431221.433, 111
Trd, 431221.717, 93
Trd, 431222.017, 108
Trd, 431222.250, 89
Trd, 431224.600, 113
Trd, 431225.133, 97
Trd, 431225.750, 83
Trd, 431226.233, 85
Trd, 431228.617, 94
Trd, 431229.450, 106
Trd, 431230.283, 103
Trd, 431230.683, 92
Trd, 431231.917, 98
Trd, 431232.133, 94
Trd, 431232.633, 102
Trd, 431233.133, 107
Trd, 431233.267, 126
Trd, 431233.767, 114
Trd, 431234.967, 109
Trd, 431235.283, 114
Trd, 431236.283, 112
Trd, 431236.317, 106
Trd, 431237.583, 97
Trd, 431239.283, 89
Trd, 431240.600, 104
Trd, 431240.967, 104
Trd, 431242.367, 124
Trd, 431244.600, 106
Trd, 431245.933, 109
Trd, 431246.433, 111
Trd, 431246.617, 116
Trd, 431249.267, 97
Trd, 431250.583, 93
Trd, 431250.733, 87
Trd, 431251.033, 90
Trd, 431251.333, 95
Trd, 431252.000, 96
Trd, 431252.117, 109
Trd, 431253.667, 102
Trd, 431254.100, 128
Trd, 431254.317, 100
Trd, 431254.817, 128
Trd, 431255.383, 127
Trd, 431256.267, 108
Trd, 431257.800, 119
Trd, 431258.033, 115
Trd, 431258.333, 124
Trd, 431259.333, 98
Trd, 431260.417, 97
Trd, 431261.717, 114
Trd, 431262.067, 116
Trd, 431262.717, 127
Trd, 431263.583, 113
Trd, 431263.917, 111
Trd, 431266.100, 106
Trd, 431266.317, 129
Trd, 431267.067, 96
Trd, 431267.817, 126
Trd, 431267.867, 103
Trd, 431270.217, 93
Trd, 431271.517, 102
Trd, 431272.900, 112
Trd, 431273.017, 100
Trd, 431273.583, 115
Trd, 431274.433, 110
Trd, 431275.333, 116
Trd, 431276.433, 111
Trd, 431277.833, 106
Trd, 431278.117, 98
Trd, 431279.433, 103
Trd, 431280.367, 98
Trd, 431280.900, 102
Trd, 431281.450, 92
Trd, 431282.317, 103
Trd, 431283.800, 105
Trd, 431284.333, 104
Trd, 431285.017, 100
Trd, 431286.000, 106
Trd, 431286.683, 116
Trd, 431287.983, 103
Trd, 431289.100, 105
Trd, 431289.317, 90
Trd, 431290.117, 123
Trd, 431291.417, 106
Trd, 431292.867, 111
Trd, 431293.533, 119
Trd, 431293.683, 131
Trd, 431295.033, 134
Trd, 431295.500, 124
Trd, 431295.550, 123
Trd, 431296.283, 104
Trd, 431296.450, 105
Trd, 431298.050, 109
Trd, 431298.650, 126
Trd, 431299.350, 123
Trd, 431300.367, 99
Trd, 431300.950, 98
Trd, 431301.200, 89
Trd, 431302.383, 111
Trd, 431304.383, 98
Trd, 431304.750, 99
Trd, 431304.983, 98
Trd, 431306.083, 105
Trd, 431306.683, 97
Trd, 431307.533, 101
Trd, 431307.933, 103
Trd, 431309.033, 117
Trd, 431310.833, 100
Trd, 431311.017, 98
Trd, 431312.367, 105
Trd, 431312.583, 95
Trd, 431313.217, 109
Trd, 431314.867, 101
Trd, 431315.800, 112
Trd, 431316.000, 124
Trd, 431316.133, 105
Trd, 431317.217, 100
Trd, 431317.617, 101
Trd, 431317.983, 85
Trd, 431318.183, 111
Trd, 431320.100, 100
Trd, 431320.217, 109
Trd, 431321.100, 95
Trd, 431322.483, 110
Trd, 431323.050, 109
Trd, 431324.433, 105
Trd, 431325.783, 98
Trd, 431327.483, 102
Trd, 431327.850, 103
Trd, 431328.567, 102
Trd, 431328.833, 95
Trd, 431329.100, 83
Trd, 431331.683, 101
Trd, 431332.633, 98
Trd, 431334.600, 107
Trd, 431334.900, 117
Trd, 431337.800, 101
Trd, 431337.833, 94
Trd, 431339.450, 104
Trd, 431340.267, 104
Trd, 431340.833, 98
Trd, 431341.067, 104
Trd, 431341.167, 105
Trd, 431342.733, 110
Trd, 431343.633, 95
Trd, 431344.933, 112
Trd, 431345.517, 122
Trd, 431346.700, 111
Trd, 431349.367, 111
Trd, 431349.517, 112
Trd, 431349.917, 117
Trd, 431350.583, 101
Trd, 431350.933, 97
Trd, 431352.333, 99
Trd, 431352.817, 87
Trd, 431353.833, 88
Trd, 431354.633, 112
Trd, 431355.933, 107
Trd, 431356.433, 102
Trd, 431358.300, 88
Trd, 431360.317, 115
Trd, 431361.083, 116
Trd, 431361.217, 107
Trd, 431361.450, 106
Trd, 431361.550, 104
Trd, 431362.233, 95
Trd, 431363.767, 125
Trd, 431364.433, 109
Trd, 431365.617, 107
Trd, 431367.250, 97
Trd, 431367.683, 110
Trd, 431367.917, 87
Trd, 431370.033, 106
Trd, 431370.100, 119
Trd, 431370.300, 105
Trd, 431371.017, 106
Trd, 431372.283, 115
Trd, 431373.383, 98
Trd, 431374.400, 102
Trd, 431376.550, 77
Trd, 431376.767, 101
Trd, 431377.350, 98
Trd, 431377.750, 90
Trd, 431377.867, 100
Trd, 431377.933, 90
Trd, 431380.650, 111
Trd, 431381.150, 110
Trd, 431383.633, 106
Trd, 431383.850, 108
Trd, 431383.867, 108
Trd, 431384.767, 106
Trd, 431385.333, 96
Trd, 431385.733, 115
Trd, 431386.000, 118
Trd, 431386.117, 96
Trd, 431386.983, 119
Trd, 431387.950, 109
Trd, 431389.783, 106
Trd, 431390.900, 123
Trd, 431392.333, 123
Trd, 431392.583, 122
Trd, 431393.800, 101
Trd, 431394.750, 100
Trd, 431395.933, 106
Trd, 431396.183, 108
Trd, 431398.067, 111
Trd, 431398.350, 111
Trd, 431400.267, 100
Trd, 431400.500, 93
Trd, 431400.700, 87
Trd, 431401.233, 98
Trd, 431401.833, 98
Trd, 431402.133, 108
Trd, 431402.483, 100
Trd, 431403.167, 98
Trd, 431404.233, 105
Trd, 431406.950, 109
Trd, 431408.783, 86
Trd, 431409.183, 113
Trd, 431409.650, 112
Trd, 431412.267, 112
Trd, 431412.767, 106
Trd, 431413.500, 126
Trd, 431414.267, 121
Trd, 431414.367, 106
Trd, 431415.017, 117
Trd, 431418.100, 103
Trd, 431418.267, 102
Trd, 431418.433, 126
Trd, 431418.467, 98
Trd, 431419.100, 116
Trd, 431423.067, 106
Trd, 431423.083, 115
Trd, 431423.650, 104
Trd, 431424.017, 113
Trd, 431424.650, 113
Trd, 431425.500, 105
Trd, 431425.967, 112
Trd, 431426.217, 106
Trd, 431428.300, 99
Trd, 431429.433, 113
Trd, 431430.350, 110
Trd, 431430.800, 111
Trd, 431430.867, 103
Trd, 431431.400, 97
Trd, 431432.150, 119
Trd, 431433.383, 104
Trd, 431435.500, 104
Trd, 431436.433, 91
Trd, 431437.750, 116
Trd, 431438.867, 124
Trd, 431439.033, 112
Trd, 431439.183, 107
Trd, 431440.267, 92
Trd, 431441.200, 87
Trd, 431441.833, 98
Trd, 431443.750, 105
Trd, 431444.950, 97
Trd, 431445.267, 106
Trd, 431445.433, 117
Trd, 431446.750, 107
Trd, 431447.233, 119
Trd, 431448.400, 109
Trd, 431449.983, 106
Trd, 431450.683, 96
Trd, 431451.067, 109
Trd, 431451.383, 108
Trd, 431451.483, 101
Trd, 431451.817, 87
Trd, 431452.750, 123
Trd, 431453.167, 98
Trd, 431454.700, 85
Trd, 431456.333, 103
Trd, 431457.633, 126
Trd, 431460.133, 100
Trd, 431461.167, 114
Trd, 431461.200, 116
Trd, 431461.300, 110
Trd, 431461.367, 98
Trd, 431461.850, 88
Trd, 431462.750, 130
Trd, 431463.600, 106
Trd, 431464.050, 111
Trd, 431465.150, 106
Trd, 431465.267, 111
Trd, 431466.867, 105
Trd, 431467.483, 87
Trd, 431467.600, 94
Trd, 431470.717, 96
Trd, 431471.117, 90
Trd, 431471.650, 104
Trd, 431472.383, 90
Trd, 431473.317, 99
Trd, 431473.333, 100
Trd, 431474.750, 99
Trd, 431475.017, 106
Trd, 431475.233, 109
Trd, 431475.450, 125
Trd, 431477.200, 107
Trd, 431477.550, 102
Trd, 431478.783, 87
Trd, 431480.033, 100
Trd, 431480.217, 82
Trd, 431481.533, 99
Trd, 431482.350, 103
Trd, 431484.267, 107
Trd, 431485.183, 108
Trd, 431485.933, 118
Trd, 431486.433, 118
Trd, 431486.617, 101
Trd, 431486.783, 112
Trd, 431487.000, 98
Trd, 431488.983, 96
Trd, 431489.417, 95
Trd, 431489.600, 94
Trd, 431490.267, 95
Trd, 431490.383, 96
Trd, 431490.533, 117
Trd, 431493.050, 106
Trd, 431493.433, 103
Trd, 431495.950, 101
Trd, 431496.400, 116
Trd, 431497.233, 87
Trd, 431498.983, 122
Trd, 431499.817, 100
Trd, 431500.000, 107
Trd, 431500.033, 91
Trd, 431500.350, 87
Trd, 431501.300, 127
Trd, 431502.417, 121
Trd, 431505.433, 113
Trd, 431505.917, 112
Trd, 431507.600, 105
Trd, 431507.933, 98
Trd, 431508.283, 95
Trd, 431508.317, 105
Trd, 431508.333, 107
Trd, 431510.600, 112
Trd, 431512.033, 99
Trd, 431512.383, 107
Trd, 431513.017, 108
Trd, 431513.633, 97
Trd, 431516.033, 111
Trd, 431516.650, 107
Trd, 431516.950, 99
Trd, 431517.333, 107
Trd, 431518.633, 105
Trd, 431519.900, 106
Trd, 431521.200, 106
Trd, 431521.583, 107
Trd, 431522.183, 92
Trd, 431523.033, 90
Trd, 431523.233, 89
Trd, 431523.367, 112
Trd, 431524.633, 114
Trd, 431525.000, 114
Trd, 431525.367, 103
Trd, 431525.400, 102
Trd, 431527.400, 113
Trd, 431528.583, 109
Trd, 431529.017, 98
Trd, 431530.117, 95
Trd, 431530.517, 106
Trd, 431532.283, 118
Trd, 431532.883, 126
Trd, 431535.400, 106
Trd, 431535.950, 105
Trd, 431536.150, 102
Trd, 431536.433, 96
Trd, 431537.883, 101
Trd, 431538.117, 108
Trd, 431538.467, 119
Trd, 431540.417, 127
Trd, 431540.650, 125
Trd, 431541.700, 113
Trd, 431541.717, 106
Trd, 431544.500, 103
Trd, 431545.617, 98
Trd, 431545.917, 94
Trd, 431546.450, 90
Trd, 431548.217, 115
Trd, 431548.667, 110
Trd, 431549.667, 107
Trd, 431549.800, 108
Trd, 431550.350, 113
Trd, 431550.900, 130
Trd, 431551.400, 126
Trd, 431552.233, 125
Trd, 431552.500, 127
Trd, 431552.783, 113
Trd, 431555.217, 108
Trd, 431555.817, 98
Trd, 431556.900, 103
Trd, 431557.517, 97
Trd, 431557.633, 104
Trd, 431557.700, 86
Trd, 431558.900, 106
Trd, 431558.917, 117
Trd, 431561.817, 116
Trd, 431562.383, 104
Trd, 431562.433, 124
Trd, 431562.967, 96
Trd, 431563.617, 111
Trd, 431566.100, 102
Trd, 431567.400, 100
Trd, 431567.467, 98
Trd, 431568.150, 97
Trd, 431569.733, 102
Trd, 431569.767, 100
Trd, 431571.133, 105
Trd, 431573.117, 105
Trd, 431573.633, 102
Trd, 431573.817, 101
Trd, 431574.583, 106
Trd, 431574.633, 107
Trd, 431575.950, 104
Trd, 431578.017, 101
Trd, 431578.067, 103
Trd, 431579.183, 106
Trd, 431579.683, 108
Trd, 431581.483, 126
Trd, 431583.550, 99
Trd, 431584.133, 110
Trd, 431585.050, 111
Trd, 431585.433, 112
Trd, 431585.733, 115
Trd, 431589.017, 116
Trd, 431590.833, 119
Trd, 431591.167, 112
Trd, 431592.400, 113
Trd, 431593.117, 116
Trd, 431593.983, 116
Trd, 431594.217, 106
Trd, 431596.167, 101
Trd, 431596.617, 105
Trd, 431596.717, 98
Trd, 431597.700, 105
Trd, 431597.817, 99
Trd, 431599.183, 115
Trd, 431599.983, 94
Trd, 431601.117, 121
Trd, 431601.133, 98
Trd, 431602.783, 107
Trd, 431603.033, 108
Trd, 431603.817, 100
Trd, 431603.900, 87
Trd, 431604.850, 121
Trd, 431608.033, 114
Trd, 431610.700, 108
Trd, 431610.783, 106
Trd, 431612.467, 102
Trd, 431612.750, 106
Trd, 431613.017, 111
Trd, 431613.783, 116
Trd, 431613.950, 90
Trd, 431616.700, 101
Trd, 431618.117, 97
Trd, 431618.833, 103
Trd, 431618.983, 105
Trd, 431620.333, 98
Trd, 431620.750, 99
Trd, 431621.133, 108
Trd, 431621.333, 100
Trd, 431622.383, 90
Trd, 431624.783, 136
Trd, 431625.333, 106
Trd, 431626.100, 112
Trd, 431626.350, 109
Trd, 431628.067, 109
Trd, 431628.217, 114
Trd, 431629.467, 113
Trd, 431630.083, 125
Trd, 431631.217, 109
Trd, 431633.133, 98
Trd, 431633.517, 87
Trd, 431634.450, 108
Trd, 431634.850, 110
Trd, 431635.833, 122
Trd, 431636.250, 102
Trd, 431636.600, 112
Trd, 431637.117, 108
Trd, 431637.517, 109
Trd, 431637.950, 126
Trd, 431639.567, 91
Trd, 431639.767, 105
Trd, 431640.800, 78
Trd, 431641.083, 87
Trd, 431642.450, 113
Trd, 431643.400, 113
Trd, 431643.900, 96
Trd, 431643.983, 88
Trd, 431644.833, 106
Trd, 431646.500, 111
Trd, 431647.017, 108
Trd, 431647.417, 107
Trd, 431647.567, 106
Trd, 431647.633, 116
Trd, 431648.917, 128
Trd, 431649.117, 103
Trd, 431651.083, 98
Trd, 431651.833, 94
Trd, 431652.700, 105
Trd, 431654.417, 104
Trd, 431655.983, 101
Trd, 431657.033, 101
Trd, 431659.417, 100
Trd, 431660.483, 102
Trd, 431661.367, 106
Trd, 431661.817, 110
Trd, 431663.133, 110
Trd, 431663.800, 113
Trd, 431664.367, 104
Trd, 431665.433, 114
Trd, 431665.700, 113
Trd, 431667.983, 98
Trd, 431669.467, 102
Trd, 431671.167, 101
Trd, 431671.500, 103
Trd, 431671.583, 110
Trd, 431672.367, 102
Trd, 431672.750, 110
Trd, 431673.700, 99
Trd, 431674.550, 110
Trd, 431675.600, 102
Trd, 431675.650, 106
Trd, 431677.717, 102
Trd, 431678.933, 110
Trd, 431679.400, 112
Trd, 431679.533, 102
Trd, 431680.017, 124
Trd, 431680.933, 126
Trd, 431681.450, 107
Trd, 431682.500, 106
Trd, 431683.367, 109
Trd, 431684.417, 108
Trd, 431684.933, 106
Trd, 431685.000, 98
Trd, 431685.317, 86
Trd, 431685.917, 125
Trd, 431687.450, 100
Trd, 431687.600, 87
Trd, 431689.700, 105
Trd, 431690.350, 107
Trd, 431690.617, 100
Trd, 431692.883, 109
Trd, 431693.300, 107
Trd, 431693.767, 106
Trd, 431695.383, 104
Trd, 431695.933, 98
Trd, 431696.533, 111
Trd, 431698.050, 110
Trd, 431698.183, 115
Trd, 431698.367, 116
Trd, 431698.417, 101
Trd, 431698.767, 88
Trd, 431701.783, 98
Trd, 431701.950, 111
Trd, 431703.183, 98
Trd, 431704.183, 87
Trd, 431705.950, 105
Trd, 431706.000, 106
Trd, 431706.100, 113
Trd, 431706.267, 112
Trd, 431708.517, 106
Trd, 431708.867, 129
Trd, 431709.850, 126
Trd, 431711.850, 128
Trd, 431712.433, 106
Trd, 431715.067, 112
Trd, 431715.833, 117
Trd, 431716.500, 98
Trd, 431717.483, 101
Trd, 431717.950, 85
Trd, 431718.517, 98
Trd, 431718.567, 98
Trd, 431720.217, 103
Trd, 431721.667, 104
Trd, 431722.750, 117
Trd, 431723.033, 128
Trd, 431723.400, 126
Trd, 431723.567, 98
Trd, 431724.300, 112
Trd, 431726.000, 107
Trd, 431726.350, 99
Trd, 431727.183, 105
Trd, 431727.867, 93
Trd, 431728.483, 106
Trd, 431729.233, 86
Trd, 431729.617, 106
Trd, 431730.433, 119
Trd, 431731.383, 116
Trd, 431731.450, 98
Trd, 431731.533, 102
Trd, 431735.733, 118
Trd, 431736.867, 118
Trd, 431737.667, 113
Trd, 431737.900, 121
Trd, 431739.917, 113
Trd, 431739.967, 98
Trd, 431740.917, 108
Trd, 431741.083, 118
Trd, 431742.317, 99
Trd, 431743.050, 87
Trd, 431743.500, 99
Trd, 431744.550, 106
Trd, 431745.333, 94
Trd, 431746.000, 106
Trd, 431748.183, 99
Trd, 431748.350, 123
Trd, 431749.600, 124
Trd, 431751.267, 109
Trd, 431752.150, 122
Trd, 431753.383, 115
Trd, 431754.633, 109
Trd, 431754.883, 100
Trd, 431755.450, 110
Trd, 431755.917, 98
Trd, 431758.817, 99
Trd, 431758.900, 100
Trd, 431759.900, 108
Trd, 431760.633, 106
Trd, 431761.233, 104
Trd, 431761.667, 111
Trd, 431762.550, 91
Trd, 431763.250, 106
Trd, 431763.467, 113
Trd, 431763.917, 90
Trd, 431764.350, 89
Trd, 431764.617, 112
Trd, 431766.250, 98
Trd, 431769.067, 100
Trd, 431769.867, 99
Trd, 431770.633, 112
Trd, 431770.933, 122
Trd, 431772.500, 121
Trd, 431774.267, 106
Trd, 431775.050, 111
Trd, 431775.267, 121
Trd, 431776.983, 101
Trd, 431777.500, 103
Trd, 431777.683, 87
Trd, 431778.300, 116
Trd, 431778.617, 101
Trd, 431779.117, 116
Trd, 431779.250, 99
Trd, 431779.400, 126
Trd, 431780.383, 87
Trd, 431783.750, 102
Trd, 431784.317, 102
Trd, 431784.833, 98
Trd, 431787.283, 106
Trd, 431787.350, 110
Trd, 431787.867, 117
Trd, 431790.450, 115
Trd, 431791.450, 126
Trd, 431791.950, 107
Trd, 431794.717, 104
Trd, 431794.767, 99
Trd, 431794.783, 98
Trd, 431795.167, 97
Trd, 431796.400, 88
Trd, 431796.450, 97
Trd, 431796.650, 98
Trd, 431796.867, 88
Trd, 431798.900, 107
Trd, 431800.683, 103
Trd, 431801.100, 114
Trd, 431801.750, 121
Trd, 431803.783, 114
Trd, 431804.867, 107
Trd, 431804.917, 106
Trd, 431806.283, 113
Trd, 431809.333, 97
Trd, 431809.417, 102
Trd, 431810.017, 121
Trd, 431810.167, 87
Trd, 431813.333, 107
Trd, 431814.200, 111
Trd, 431815.133, 115
Trd, 431815.550, 98
Trd, 431816.433, 102
Trd, 431816.583, 89
Trd, 431816.733, 103
Trd, 431818.700, 107
Trd, 431819.200, 109
Trd, 431819.800, 107
Trd, 431820.033, 108
Trd, 431820.050, 118
Trd, 431820.800, 106
Trd, 431820.900, 106
Trd, 431821.367, 98
Trd, 431823.483, 107
Trd, 431824.233, 100
Trd, 431824.450, 119
Trd, 431827.417, 111
Trd, 431828.100, 115
Trd, 431830.567, 113
Trd, 431830.617, 125
Trd, 431830.950, 127
Trd, 431830.983, 128
Trd, 431832.183, 106
Trd, 431832.817, 106
Trd, 431833.683, 98
Trd, 431833.767, 95
Trd, 431834.283, 91
Trd, 431837.300, 100
Trd, 431837.367, 100
Trd, 431838.500, 110
Trd, 431838.733, 103
Trd, 431839.433, 103
Trd, 431840.733, 109
Trd, 431841.333, 102
Trd, 431841.900, 110
Trd, 431842.433, 99
Trd, 431843.083, 115
Trd, 431843.700, 108
Trd, 431844.033, 96
Trd, 431845.217, 122
Trd, 431845.250, 102
Trd, 431846.933, 104
Trd, 431847.733, 116
Trd, 431848.617, 117
Trd, 431848.933, 120
Trd, 431850.383, 88
Trd, 431850.900, 104
Trd, 431851.317, 90
Trd, 431852.083, 86
Trd, 431853.183, 94
Trd, 431854.167, 95
Trd, 431854.600, 94
Trd, 431854.700, 95
Trd, 431855.350, 105
Trd, 431855.483, 92
Trd, 431856.333, 105
Trd, 431857.700, 98
Trd, 431860.150, 105
Trd, 431860.417, 106
Trd, 431861.067, 106
Trd, 431861.267, 107
Trd, 431862.967, 120
Trd, 431863.583, 101
Trd, 431865.183, 105
Trd, 431865.517, 104
Trd, 431866.750, 107
Trd, 431866.783, 119
Trd, 431867.317, 112
Trd, 431868.033, 107
Trd, 431869.267, 112
Trd, 431869.950, 114
Trd, 431870.433, 126
Trd, 431870.883, 98
Trd, 431872.167, 125
Trd, 431872.883, 89
Trd, 431874.700, 118
Trd, 431875.233, 96
Trd, 431876.967, 98
Trd, 431877.550, 107
Trd, 431877.833, 98
Trd, 431880.150, 106
Trd, 431880.667, 108
Trd, 431880.833, 106
Trd, 431881.300, 107
Trd, 431883.683, 106
Trd, 431884.100, 115
Trd, 431884.767, 98
Trd, 431884.783, 96
Trd, 431886.217, 109
Trd, 431886.683, 119
Trd, 431886.833, 109
Trd, 431887.900, 120
Trd, 431888.217, 102
Trd, 431889.117, 101
Trd, 431889.367, 97
Trd, 431889.667, 102
Trd, 431891.400, 95
Trd, 431892.450, 125
Trd, 431892.683, 101
Trd, 431892.717, 109
Trd, 431896.717, 110
Trd, 431897.083, 99
Trd, 431897.383, 98
Trd, 431899.333, 109
Trd, 431901.617, 108
Trd, 431902.550, 106
Trd, 431902.783, 99
Trd, 431903.867, 94
Trd, 431904.967, 99
Trd, 431905.317, 98
Trd, 431906.000, 95
Trd, 431906.483, 99
Trd, 431906.633, 99
Trd, 431906.850, 108
Trd, 431906.917, 118
Trd, 431907.817, 113
Trd, 431908.833, 119
Trd, 431909.100, 88
Trd, 431910.317, 131
Trd, 431912.017, 98
Trd, 431913.100, 107
Trd, 431914.433, 113
Trd, 431914.533, 108
Trd, 431915.083, 118
Trd, 431917.117, 106
Trd, 431918.367, 98
Trd, 431918.633, 98
Trd, 431919.483, 106
Trd, 431920.883, 107
Trd, 431921.783, 106
Trd, 431922.167, 101
Trd, 431925.000, 97
Trd, 431926.283, 87
Trd, 431927.317, 103
Trd, 431927.633, 104
Trd, 431928.150, 101
Trd, 431928.800, 102
Trd, 431929.100, 87
Trd, 431930.850, 102
Trd, 431931.233, 90
Trd, 431931.650, 83
Trd, 431931.733, 101
Trd, 431931.883, 101
Trd, 431933.433, 109
Trd, 431934.050, 98
Trd, 431935.700, 88
Trd, 431936.800, 105
Trd, 431937.133, 106
Trd, 431937.533, 111
Trd, 431938.650, 98
Trd, 431941.867, 105
Trd, 431942.233, 109
Trd, 431942.867, 98
Trd, 431943.050, 91
Trd, 431945.167, 104
Trd, 431945.217, 109
Trd, 431945.900, 118
Trd, 431946.750, 89
Trd, 431946.850, 75
Trd, 431947.933, 125
Trd, 431948.317, 124
Trd, 431950.167, 121
Trd, 431951.150, 101
Trd, 431951.217, 105
Trd, 431951.483, 90
Trd, 431951.967, 114
Trd, 431954.667, 99
Trd, 431955.050, 118
Trd, 431955.367, 97
Trd, 431956.083, 98
Trd, 431957.500, 103
Trd, 431958.333, 96
Trd, 431959.317, 103
Trd, 431960.117, 106
Trd, 431960.383, 103
Trd, 431960.483, 118
Trd, 431960.567, 93
Trd, 431962.783, 95
Trd, 431963.617, 93
Trd, 431964.033, 98
Trd, 431965.067, 102
Trd, 431966.583, 101
Trd, 431966.800, 122
Trd, 431968.683, 98
Trd, 431970.917, 109
Trd, 431971.967, 107
Trd, 431972.133, 104
Trd, 431972.467, 110
Trd, 431973.900, 96
Trd, 431975.733, 104
Trd, 431976.050, 98
Trd, 431976.300, 106
Trd, 431976.633, 107
Trd, 431977.950, 116
Trd, 431978.033, 107
Trd, 431979.450, 102
Trd, 431980.583, 98
Trd, 431981.700, 86
Trd, 431983.383, 109
Trd, 431985.900, 107
Trd, 431986.450, 113
Trd, 431986.683, 101
Trd, 431986.900, 99
Trd, 431986.967, 114
Trd, 431988.200, 111
Trd, 431988.450, 108
Trd, 431988.683, 98
Trd, 431989.567, 97
Trd, 431991.750, 104
Trd, 431992.467, 98
Trd, 431992.550, 81
Trd, 431992.700, 103
Trd, 431994.133, 101
Trd, 431994.283, 91
Trd, 431994.900, 127
Trd, 431995.917, 128
Trd, 431996.183, 123
Trd, 431998.600, 112
Trd, 431998.800, 106
Trd, 431999.333, 110
