Trd, 430654.200, 96
Trd, 430654.733, 98
Trd, 430655.417, 96
Trd, 430655.650, 93
Trd, 430656.817, 96
Trd, 430657.167, 90
Trd, 430659.533, 100
Trd, 430659.650, 100
Trd, 430660.000, 100
Trd, 430660.150, 100
Trd, 430660.667, 100
Trd, 430660.717, 99
Trd, 430661.017, 100
Trd, 430661.533, 99
Trd, 430661.933, 102
Trd, 430662.200, 101
Trd, 430662.533, 107
Trd, 430663.867, 99
Trd, 430665.500, 100
Trd, 430665.733, 98
Trd, 430666.300, 87
Trd, 430667.500, 93
Trd, 430668.133, 94
Trd, 430668.600, 95
Trd, 430669.100, 99
Trd, 430670.183, 106
Trd, 430670.317, 106
Trd, 430670.433, 106
Trd, 430670.617, 109
Trd, 430671.067, 106
Trd, 430671.500, 106
Trd, 430672.717, 105
Trd, 430673.033, 105
Trd, 430673.533, 104
Trd, 430674.933, 100
Trd, 430675.650, 98
Trd, 430678.033, 96
Trd, 430678.167, 95
Trd, 430679.250, 91
Trd, 430680.317, 93
Trd, 430680.533, 92
Trd, 430680.700, 91
Trd, 430681.017, 94
Trd, 430681.567, 95
Trd, 430681.617, 98
Trd, 430683.883, 102
Trd, 430684.050, 103
Trd, 430684.333, 104
Trd, 430684.483, 104
Trd, 430684.700, 103
Trd, 430684.717, 108
Trd, 430685.017, 93
Trd, 430686.617, 93
Trd, 430686.633, 95
Trd, 430687.567, 93
Trd, 430688.017, 95
Trd, 430688.200, 95
Trd, 430688.900, 100
Trd, 430689.500, 103
Trd, 430690.067, 99
Trd, 430692.250, 99
Trd, 430692.600, 100
Trd, 430693.067, 100
Trd, 430693.667, 99
Trd, 430694.633, 98
Trd, 430694.833, 96
Trd, 430696.667, 98
Trd, 430697.000, 98
Trd, 430697.417, 98
Trd, 430697.500, 97
Trd, 430697.767, 95
Trd, 430699.017, 96
Trd, 430699.783, 97
Trd, 430700.950, 103
Trd, 430701.583, 103
Trd, 430701.650, 98
Trd, 430702.433, 97
Trd, 430703.733, 99
Trd, 430703.950, 100
Trd, 430704.667, 100
Trd, 430705.167, 101
Trd, 430707.367, 103
Trd, 430707.517, 105
Trd, 430708.000, 103
Trd, 430708.300, 102
Trd, 430708.850, 100
Trd, 430709.117, 102
Trd, 430709.217, 98
Trd, 430709.550, 95
Trd, 430711.017, 92
Trd, 430713.117, 97
Trd, 430713.267, 98
Trd, 430713.733, 98
Trd, 430715.450, 107
Trd, 430715.633, 105
Trd, 430716.617, 105
Trd, 430716.733, 104
Trd, 430718.617, 98
Trd, 430718.650, 94
Trd, 430719.350, 94
Trd, 430720.333, 92
Trd, 430721.017, 92
Trd, 430721.117, 92
Trd, 430721.333, 92
Trd, 430722.100, 95
Trd, 430723.083, 96
Trd, 430723.383, 98
Trd, 430723.650, 97
Trd, 430724.117, 98
Trd, 430724.433, 105
Trd, 430724.933, 97
Trd, 430726.250, 105
Trd, 430726.850, 103
Trd, 430727.233, 103
Trd, 430727.550, 101
Trd, 430728.367, 101
Trd, 430728.450, 100
Trd, 430729.067, 99
Trd, 430729.633, 103
Trd, 430731.250, 106
Trd, 430731.717, 106
Trd, 430732.050, 105
Trd, 430732.517, 105
Trd, 430732.667, 103
Trd, 430734.133, 101
Trd, 430734.467, 99
Trd, 430735.150, 96
Trd, 430735.667, 95
Trd, 430735.700, 87
Trd, 430735.733, 106
Trd, 430736.117, 106
Trd, 430737.467, 94
Trd, 430740.350, 91
Trd, 430741.100, 93
Trd, 430741.333, 93
Trd, 430741.733, 94
Trd, 430742.100, 95
Trd, 430744.617, 99
Trd, 430745.150, 99
Trd, 430745.500, 98
Trd, 430745.783, 96
Trd, 430746.567, 97
Trd, 430746.933, 98
Trd, 430747.583, 95
Trd, 430748.533, 97
Trd, 430748.767, 98
Trd, 430749.017, 99
Trd, 430749.783, 105
Trd, 430750.317, 101
Trd, 430751.883, 107
Trd, 430752.633, 108
Trd, 430753.000, 109
Trd, 430753.283, 109
Trd, 430753.667, 106
Trd, 430754.350, 105
Trd, 430754.683, 106
Trd, 430755.750, 106
Trd, 430756.767, 98
Trd, 430757.767, 101
Trd, 430758.167, 101
Trd, 430759.633, 106
Trd, 430759.750, 107
Trd, 430760.267, 105
Trd, 430760.450, 104
Trd, 430762.317, 99
Trd, 430762.917, 100
Trd, 430763.750, 101
Trd, 430763.950, 102
Trd, 430764.650, 109
Trd, 430765.167, 105
Trd, 430765.250, 104
Trd, 430765.533, 106
Trd, 430766.200, 107
Trd, 430766.267, 106
Trd, 430767.267, 106
Trd, 430767.850, 106
Trd, 430768.000, 98
Trd, 430769.583, 102
Trd, 430769.983, 102
Trd, 430770.700, 98
Trd, 430772.583, 99
Trd, 430772.900, 95
Trd, 430774.433, 92
Trd, 430774.450, 94
Trd, 430775.183, 93
Trd, 430775.883, 94
Trd, 430776.017, 90
Trd, 430777.567, 89
Trd, 430777.883, 90
Trd, 430777.967, 90
Trd, 430779.850, 93
Trd, 430780.100, 95
Trd, 430780.300, 95
Trd, 430782.617, 98
Trd, 430783.033, 99
Trd, 430783.967, 100
Trd, 430784.283, 100
Trd, 430784.567, 100
Trd, 430785.050, 102
Trd, 430785.367, 100
Trd, 430786.700, 101
Trd, 430787.450, 105
Trd, 430788.367, 100
Trd, 430788.633, 103
Trd, 430789.167, 98
Trd, 430790.200, 96
Trd, 430791.150, 99
Trd, 430791.917, 105
Trd, 430792.967, 103
Trd, 430793.150, 103
Trd, 430794.650, 106
Trd, 430794.700, 105
Trd, 430795.617, 104
Trd, 430796.967, 102
Trd, 430797.933, 102
Trd, 430798.183, 101
Trd, 430798.317, 99
Trd, 430799.550, 100
Trd, 430800.367, 98
Trd, 430800.850, 87
Trd, 430801.983, 96
Trd, 430802.167, 97
Trd, 430802.433, 96
Trd, 430802.650, 96
Trd, 430802.783, 97
Trd, 430803.517, 99
Trd, 430804.083, 101
Trd, 430806.733, 104
Trd, 430807.050, 105
Trd, 430807.333, 105
Trd, 430807.867, 105
Trd, 430809.333, 105
Trd, 430809.417, 104
Trd, 430809.650, 101
Trd, 430810.250, 98
Trd, 430812.883, 102
Trd, 430812.933, 101
Trd, 430813.350, 99
Trd, 430814.767, 97
Trd, 430814.850, 96
Trd, 430815.450, 96
Trd, 430815.483, 107
Trd, 430816.300, 97
Trd, 430817.400, 94
Trd, 430817.917, 97
Trd, 430818.617, 97
Trd, 430818.800, 98
Trd, 430819.900, 97
Trd, 430821.150, 103
Trd, 430821.200, 100
Trd, 430822.100, 101
Trd, 430822.317, 101
Trd, 430823.150, 101
Trd, 430824.133, 102
Trd, 430825.517, 105
Trd, 430825.783, 104
Trd, 430827.067, 102
Trd, 430828.067, 98
Trd, 430828.900, 99
Trd, 430829.450, 98
Trd, 430829.717, 98
Trd, 430829.883, 95
Trd, 430831.750, 99
Trd, 430832.267, 102
Trd, 430832.967, 104
Trd, 430833.250, 104
Trd, 430833.367, 108
Trd, 430833.717, 104
Trd, 430834.550, 109
Trd, 430834.567, 107
Trd, 430836.217, 109
Trd, 430836.283, 108
Trd, 430836.850, 105
Trd, 430837.933, 101
Trd, 430838.917, 101
Trd, 430838.950, 102
Trd, 430839.283, 102
Trd, 430839.967, 102
Trd, 430840.633, 98
Trd, 430842.533, 98
Trd, 430842.783, 98
Trd, 430843.567, 97
Trd, 430843.633, 95
Trd, 430844.583, 87
Trd, 430846.183, 92
Trd, 430846.667, 91
Trd, 430847.550, 90
Trd, 430848.283, 100
Trd, 430850.733, 101
Trd, 430851.283, 101
Trd, 430851.733, 102
Trd, 430852.200, 102
Trd, 430852.367, 101
Trd, 430853.050, 101
Trd, 430853.350, 98
Trd, 430853.550, 102
Trd, 430854.833, 101
Trd, 430855.233, 105
Trd, 430857.667, 106
Trd, 430858.283, 109
Trd, 430858.667, 109
Trd, 430858.717, 109
Trd, 430859.133, 108
Trd, 430860.067, 104
Trd, 430861.350, 106
Trd, 430862.450, 104
Trd, 430862.500, 103
Trd, 430863.667, 101
Trd, 430864.017, 100
Trd, 430864.083, 99
Trd, 430865.267, 98
Trd, 430866.017, 95
Trd, 430866.567, 96
Trd, 430867.933, 97
Trd, 430868.283, 96
Trd, 430868.883, 101
Trd, 430869.833, 102
Trd, 430870.050, 102
Trd, 430870.717, 102
Trd, 430872.050, 100
Trd, 430872.717, 99
Trd, 430872.950, 100
Trd, 430872.983, 99
Trd, 430873.200, 98
Trd, 430873.917, 96
Trd, 430875.883, 97
Trd, 430876.000, 97
Trd, 430876.583, 97
Trd, 430876.783, 97
Trd, 430877.517, 97
Trd, 430877.650, 97
Trd, 430879.717, 98
Trd, 430880.083, 99
Trd, 430880.867, 104
Trd, 430881.750, 101
Trd, 430882.100, 100
Trd, 430882.583, 98
Trd, 430884.100, 98
Trd, 430884.467, 97
Trd, 430886.033, 98
Trd, 430886.933, 99
Trd, 430887.950, 99
Trd, 430890.017, 104
Trd, 430890.367, 102
Trd, 430890.400, 100
Trd, 430891.733, 100
Trd, 430892.117, 100
Trd, 430892.467, 100
Trd, 430893.267, 98
Trd, 430893.733, 100
Trd, 430894.867, 104
Trd, 430895.100, 104
Trd, 430895.350, 105
Trd, 430895.433, 103
Trd, 430895.800, 101
Trd, 430895.817, 109
Trd, 430897.017, 107
Trd, 430897.600, 106
Trd, 430897.733, 106
Trd, 430898.117, 107
Trd, 430898.300, 107
Trd, 430899.633, 106
Trd, 430900.700, 97
Trd, 430902.867, 98
Trd, 430903.617, 97
Trd, 430904.467, 95
Trd, 430904.967, 96
Trd, 430905.400, 95
Trd, 430905.667, 94
Trd, 430906.967, 93
Trd, 430907.133, 94
Trd, 430907.583, 95
Trd, 430907.833, 94
Trd, 430908.900, 91
Trd, 430909.733, 91
Trd, 430910.000, 89
Trd, 430910.300, 88
Trd, 430913.317, 93
Trd, 430913.950, 100
Trd, 430915.400, 98
Trd, 430915.583, 99
Trd, 430915.633, 100
Trd, 430917.983, 106
Trd, 430918.317, 106
Trd, 430918.633, 106
Trd, 430919.217, 109
Trd, 430919.867, 109
Trd, 430919.967, 95
Trd, 430922.067, 97
Trd, 430922.117, 95
Trd, 430922.683, 96
Trd, 430922.850, 97
Trd, 430922.933, 98
Trd, 430923.183, 98
Trd, 430923.650, 98
Trd, 430923.783, 99
Trd, 430925.200, 103
Trd, 430926.117, 89
Trd, 430927.000, 89
Trd, 430928.267, 95
Trd, 430928.683, 98
Trd, 430929.750, 99
Trd, 430930.717, 104
Trd, 430930.850, 104
Trd, 430931.283, 103
Trd, 430931.983, 98
Trd, 430932.900, 99
Trd, 430934.117, 100
Trd, 430934.183, 99
Trd, 430934.500, 98
Trd, 430934.967, 96
Trd, 430935.350, 95
Trd, 430937.767, 94
Trd, 430938.667, 94
Trd, 430938.683, 95
Trd, 430938.800, 99
Trd, 430941.683, 100
Trd, 430941.867, 100
Trd, 430942.250, 101
Trd, 430942.967, 103
Trd, 430943.617, 103
Trd, 430943.983, 103
Trd, 430944.733, 105
Trd, 430944.933, 106
Trd, 430945.300, 107
Trd, 430945.600, 109
Trd, 430946.467, 110
Trd, 430946.783, 110
Trd, 430946.967, 110
Trd, 430948.517, 105
Trd, 430949.500, 105
Trd, 430950.050, 99
Trd, 430951.433, 103
Trd, 430951.550, 102
Trd, 430952.450, 101
Trd, 430953.050, 101
Trd, 430954.050, 100
Trd, 430955.250, 99
Trd, 430955.483, 100
Trd, 430955.650, 99
Trd, 430955.783, 100
Trd, 430955.917, 106
Trd, 430957.800, 102
Trd, 430959.383, 103
Trd, 430960.450, 101
Trd, 430961.067, 101
Trd, 430961.483, 105
Trd, 430961.983, 106
Trd, 430962.583, 106
Trd, 430963.200, 105
Trd, 430963.767, 105
Trd, 430963.867, 104
Trd, 430967.567, 97
Trd, 430967.750, 96
Trd, 430968.767, 95
Trd, 430969.217, 94
Trd, 430971.050, 92
Trd, 430971.400, 91
Trd, 430971.533, 89
Trd, 430971.600, 92
Trd, 430971.917, 107
Trd, 430973.800, 96
Trd, 430974.567, 102
Trd, 430974.800, 101
Trd, 430974.900, 100
Trd, 430975.900, 103
Trd, 430976.200, 105
Trd, 430976.417, 105
Trd, 430977.200, 106
Trd, 430977.400, 105
Trd, 430977.667, 103
Trd, 430978.133, 103
Trd, 430978.667, 102
Trd, 430979.367, 84
Trd, 430981.150, 95
Trd, 430981.433, 97
Trd, 430981.550, 98
Trd, 430983.483, 100
Trd, 430983.950, 104
Trd, 430984.683, 103
Trd, 430984.850, 103
Trd, 430986.533, 105
Trd, 430986.850, 106
Trd, 430987.683, 107
Trd, 430988.333, 107
Trd, 430988.967, 109
Trd, 430989.400, 108
Trd, 430990.200, 105
Trd, 430990.617, 104
Trd, 430990.733, 98
Trd, 430993.433, 99
Trd, 430993.683, 100
Trd, 430993.883, 99
Trd, 430994.000, 100
Trd, 430994.283, 99
Trd, 430994.683, 95
Trd, 430995.917, 91
Trd, 430996.350, 91
Trd, 430996.850, 90
Trd, 430997.033, 91
Trd, 430997.450, 94
Trd, 430998.050, 95
Trd, 430998.250, 94
Trd, 430998.333, 101
Trd, 430998.483, 93
Trd, 431000.767, 95
Trd, 431001.233, 96
Trd, 431001.450, 98
Trd, 431002.750, 96
Trd, 431004.400, 99
Trd, 431004.767, 99
Trd, 431005.500, 99
Trd, 431006.750, 98
Trd, 431007.383, 88
Trd, 431008.233, 89
Trd, 431009.100, 88
Trd, 431009.183, 88
Trd, 431009.433, 88
Trd, 431009.783, 89
Trd, 431010.183, 93
Trd, 431012.450, 102
Trd, 431013.517, 104
Trd, 431013.783, 105
Trd, 431013.983, 107
Trd, 431014.650, 108
Trd, 431015.217, 109
Trd, 431015.333, 108
Trd, 431016.900, 108
Trd, 431017.100, 109
Trd, 431017.550, 109
Trd, 431017.700, 108
Trd, 431017.717, 110
Trd, 431018.200, 108
Trd, 431019.467, 101
Trd, 431020.067, 99
Trd, 431020.417, 100
Trd, 431022.233, 99
Trd, 431022.917, 99
Trd, 431022.983, 100
Trd, 431023.150, 101
Trd, 431023.833, 98
Trd, 431025.233, 99
Trd, 431025.867, 98
Trd, 431026.383, 95
Trd, 431029.000, 93
Trd, 431029.667, 95
Trd, 431030.333, 95
Trd, 431030.450, 94
Trd, 431030.650, 105
Trd, 431031.533, 91
Trd, 431031.900, 93
Trd, 431034.183, 97
Trd, 431034.500, 97
Trd, 431034.783, 97
Trd, 431035.133, 96
Trd, 431035.383, 97
Trd, 431035.633, 96
Trd, 431036.250, 97
Trd, 431036.417, 97
Trd, 431036.733, 98
Trd, 431038.050, 103
Trd, 431038.100, 104
Trd, 431038.183, 102
Trd, 431038.883, 101
Trd, 431039.267, 101
Trd, 431040.517, 100
Trd, 431041.433, 100
Trd, 431041.633, 99
Trd, 431042.567, 99
Trd, 431043.350, 98
Trd, 431043.733, 94
Trd, 431046.450, 96
Trd, 431046.517, 95
Trd, 431048.417, 98
Trd, 431048.683, 99
Trd, 431049.083, 101
Trd, 431049.450, 98
Trd, 431050.217, 102
Trd, 431050.567, 104
Trd, 431051.450, 105
Trd, 431051.750, 106
Trd, 431051.983, 106
Trd, 431052.283, 107
Trd, 431053.367, 104
Trd, 431053.750, 104
Trd, 431055.050, 99
Trd, 431055.600, 99
Trd, 431056.617, 99
Trd, 431056.933, 100
Trd, 431057.233, 100
Trd, 431057.617, 98
Trd, 431058.100, 98
Trd, 431058.200, 98
Trd, 431059.067, 99
Trd, 431061.750, 102
Trd, 431061.983, 92
Trd, 431062.217, 99
Trd, 431062.567, 92
Trd, 431065.317, 93
Trd, 431065.500, 95
Trd, 431066.517, 98
Trd, 431067.200, 98
Trd, 431067.367, 98
Trd, 431067.550, 98
Trd, 431067.600, 99
Trd, 431067.983, 99
Trd, 431069.117, 97
Trd, 431073.250, 96
Trd, 431073.500, 96
Trd, 431073.617, 98
Trd, 431074.367, 99
Trd, 431074.883, 101
Trd, 431075.117, 103
Trd, 431075.350, 104
Trd, 431075.467, 102
Trd, 431076.650, 105
Trd, 431077.550, 105
Trd, 431077.850, 105
Trd, 431078.517, 106
Trd, 431078.750, 107
Trd, 431079.667, 106
Trd, 431080.100, 106
Trd, 431082.200, 107
Trd, 431082.467, 104
Trd, 431082.583, 98
Trd, 431083.700, 87
Trd, 431084.917, 96
Trd, 431085.200, 96
Trd, 431085.533, 96
Trd, 431085.800, 97
Trd, 431085.950, 96
Trd, 431087.267, 101
Trd, 431087.683, 96
Trd, 431089.100, 98
Trd, 431089.117, 99
Trd, 431089.600, 101
Trd, 431089.967, 101
Trd, 431091.533, 104
Trd, 431092.933, 106
Trd, 431093.317, 105
Trd, 431093.783, 106
Trd, 431093.867, 105
Trd, 431095.583, 100
Trd, 431096.017, 100
Trd, 431096.867, 94
Trd, 431097.417, 91
Trd, 431098.867, 89
Trd, 431098.883, 88
Trd, 431100.317, 89
Trd, 431100.867, 96
Trd, 431101.217, 90
Trd, 431101.917, 93
Trd, 431103.000, 98
Trd, 431103.317, 99
Trd, 431104.100, 100
Trd, 431104.950, 101
Trd, 431105.517, 103
Trd, 431105.850, 104
Trd, 431106.000, 103
Trd, 431106.233, 93
Trd, 431107.317, 89
Trd, 431108.883, 89
Trd, 431109.733, 93
Trd, 431109.767, 93
Trd, 431110.717, 109
Trd, 431112.000, 106
Trd, 431113.483, 102
Trd, 431113.750, 102
Trd, 431113.883, 104
Trd, 431114.083, 105
Trd, 431114.617, 106
Trd, 431115.250, 106
Trd, 431115.783, 105
Trd, 431116.033, 104
Trd, 431116.217, 106
Trd, 431116.983, 98
Trd, 431117.000, 92
Trd, 431119.517, 92
Trd, 431119.550, 103
Trd, 431119.800, 91
Trd, 431121.567, 91
Trd, 431122.583, 95
Trd, 431123.367, 99
Trd, 431123.483, 100
Trd, 431123.767, 100
Trd, 431123.833, 97
Trd, 431125.150, 96
Trd, 431125.450, 95
Trd, 431126.317, 88
Trd, 431126.417, 87
Trd, 431128.217, 90
Trd, 431128.733, 93
Trd, 431129.117, 93
Trd, 431129.350, 94
Trd, 431129.933, 98
Trd, 431130.650, 98
Trd, 431130.900, 98
Trd, 431131.150, 96
Trd, 431132.033, 95
Trd, 431132.150, 96
Trd, 431132.483, 96
Trd, 431133.917, 98
Trd, 431134.850, 100
Trd, 431134.883, 101
Trd, 431136.783, 104
Trd, 431136.850, 103
Trd, 431138.867, 105
Trd, 431139.200, 105
Trd, 431139.433, 103
Trd, 431140.150, 103
Trd, 431141.083, 102
Trd, 431141.217, 103
Trd, 431142.200, 100
Trd, 431142.267, 101
Trd, 431143.733, 101
Trd, 431144.367, 102
Trd, 431144.700, 102
Trd, 431144.817, 101
Trd, 431146.633, 102
Trd, 431147.400, 103
Trd, 431147.750, 106
Trd, 431148.000, 101
Trd, 431149.683, 103
Trd, 431150.050, 103
Trd, 431150.617, 103
Trd, 431150.800, 102
Trd, 431151.267, 98
Trd, 431152.100, 95
Trd, 431152.367, 95
Trd, 431152.467, 96
Trd, 431152.733, 95
Trd, 431154.567, 95
Trd, 431157.317, 97
Trd, 431157.567, 99
Trd, 431157.900, 102
Trd, 431158.017, 102
Trd, 431158.167, 104
Trd, 431159.033, 103
Trd, 431159.317, 101
Trd, 431160.267, 101
Trd, 431161.183, 101
Trd, 431163.283, 103
Trd, 431163.317, 105
Trd, 431163.617, 103
Trd, 431164.733, 103
Trd, 431165.900, 105
Trd, 431166.150, 105
Trd, 431166.250, 98
Trd, 431167.967, 97
Trd, 431168.167, 97
Trd, 431168.417, 95
Trd, 431169.217, 95
Trd, 431169.383, 97
Trd, 431169.450, 109
Trd, 431171.517, 100
Trd, 431173.350, 103
Trd, 431173.550, 104
Trd, 431174.067, 105
Trd, 431174.167, 104
Trd, 431174.833, 104
Trd, 431177.367, 101
Trd, 431177.633, 100
Trd, 431178.450, 98
Trd, 431178.867, 97
Trd, 431178.983, 98
Trd, 431179.083, 97
Trd, 431179.450, 98
Trd, 431179.650, 99
Trd, 431181.517, 97
Trd, 431182.050, 98
Trd, 431183.833, 106
Trd, 431184.367, 102
Trd, 431184.583, 101
Trd, 431185.233, 99
Trd, 431186.300, 102
Trd, 431186.333, 99
Trd, 431187.100, 99
Trd, 431187.700, 101
Trd, 431188.233, 101
Trd, 431189.900, 103
Trd, 431191.250, 103
Trd, 431191.717, 100
Trd, 431192.533, 99
Trd, 431192.750, 100
Trd, 431193.467, 99
Trd, 431193.967, 98
Trd, 431195.050, 100
Trd, 431195.433, 100
Trd, 431195.550, 99
Trd, 431195.867, 105
Trd, 431197.100, 98
Trd, 431197.300, 102
Trd, 431198.033, 97
Trd, 431199.067, 96
Trd, 431199.533, 95
Trd, 431200.583, 89
Trd, 431201.383, 93
Trd, 431201.683, 93
Trd, 431202.067, 94
Trd, 431202.783, 94
Trd, 431204.833, 95
Trd, 431205.800, 97
Trd, 431206.517, 99
Trd, 431207.000, 99
Trd, 431207.350, 105
Trd, 431207.783, 98
Trd, 431209.900, 105
Trd, 431210.567, 105
Trd, 431210.817, 106
Trd, 431211.417, 106
Trd, 431212.133, 105
Trd, 431212.883, 106
Trd, 431213.133, 104
Trd, 431213.383, 98
Trd, 431214.617, 98
Trd, 431214.950, 103
Trd, 431215.017, 96
Trd, 431216.950, 105
Trd, 431217.050, 106
Trd, 431217.400, 107
Trd, 431217.600, 109
Trd, 431217.683, 109
Trd, 431217.700, 108
Trd, 431217.883, 107
Trd, 431218.100, 102
Trd, 431220.600, 97
Trd, 431220.983, 96
Trd, 431221.983, 95
Trd, 431223.133, 94
Trd, 431224.483, 94
Trd, 431225.000, 93
Trd, 431225.550, 90
Trd, 431225.817, 92
Trd, 431226.183, 110
Trd, 431229.500, 97
Trd, 431230.550, 99
Trd, 431232.450, 100
Trd, 431232.683, 100
Trd, 431232.883, 102
Trd, 431233.017, 104
Trd, 431233.150, 104
Trd, 431234.017, 107
Trd, 431234.317, 106
Trd, 431234.900, 105
Trd, 431235.433, 105
Trd, 431236.400, 106
Trd, 431236.467, 98
Trd, 431236.650, 96
Trd, 431237.100, 97
Trd, 431238.650, 95
Trd, 431239.150, 94
Trd, 431241.500, 98
Trd, 431242.000, 96
Trd, 431242.233, 96
Trd, 431242.467, 96
Trd, 431242.750, 96
Trd, 431243.433, 96
Trd, 431244.033, 96
Trd, 431244.167, 98
Trd, 431245.083, 98
Trd, 431245.567, 97
Trd, 431246.300, 98
Trd, 431246.633, 95
Trd, 431248.917, 101
Trd, 431249.133, 101
Trd, 431249.867, 104
Trd, 431250.133, 103
Trd, 431250.767, 103
Trd, 431250.933, 102
Trd, 431252.567, 102
Trd, 431253.050, 103
Trd, 431253.100, 102
Trd, 431253.217, 104
Trd, 431253.750, 103
Trd, 431254.233, 104
Trd, 431255.233, 105
Trd, 431255.550, 98
Trd, 431256.983, 93
Trd, 431258.200, 95
Trd, 431259.350, 94
Trd, 431259.900, 94
Trd, 431260.150, 95
Trd, 431261.467, 98
Trd, 431261.700, 98
Trd, 431263.167, 103
Trd, 431263.667, 104
Trd, 431264.767, 104
Trd, 431265.250, 103
Trd, 431266.183, 103
Trd, 431266.533, 104
Trd, 431267.133, 103
Trd, 431268.067, 104
Trd, 431269.500, 104
Trd, 431269.833, 106
Trd, 431270.467, 107
Trd, 431270.600, 108
Trd, 431271.950, 109
Trd, 431272.633, 108
Trd, 431272.833, 105
Trd, 431273.083, 100
Trd, 431274.083, 105
Trd, 431274.967, 103
Trd, 431275.033, 103
Trd, 431275.267, 104
Trd, 431275.483, 104
Trd, 431276.000, 99
Trd, 431277.017, 100
Trd, 431277.117, 99
Trd, 431277.450, 101
Trd, 431277.600, 98
Trd, 431280.000, 96
Trd, 431281.217, 96
Trd, 431281.617, 96
Trd, 431281.983, 97
Trd, 431282.167, 97
Trd, 431283.267, 96
Trd, 431284.217, 89
Trd, 431285.183, 100
Trd, 431285.300, 101
Trd, 431286.417, 98
Trd, 431287.050, 102
Trd, 431288.233, 102
Trd, 431288.983, 103
Trd, 431289.700, 101
Trd, 431291.083, 103
Trd, 431291.350, 101
Trd, 431291.917, 96
Trd, 431293.150, 93
Trd, 431293.950, 97
Trd, 431294.467, 96
Trd, 431295.083, 96
Trd, 431295.633, 87
Trd, 431295.783, 108
Trd, 431297.300, 106
Trd, 431298.533, 103
Trd, 431298.917, 103
Trd, 431299.350, 98
Trd, 431299.517, 98
Trd, 431300.050, 111
Trd, 431300.983, 112
Trd, 431301.050, 111
Trd, 431301.633, 110
Trd, 431302.233, 110
Trd, 431304.200, 112
Trd, 431304.700, 112
Trd, 431304.717, 111
Trd, 431305.050, 108
Trd, 431305.617, 99
Trd, 431307.467, 102
Trd, 431307.833, 101
Trd, 431308.567, 103
Trd, 431308.833, 101
Trd, 431309.767, 101
Trd, 431310.017, 99
Trd, 431311.317, 98
Trd, 431311.983, 95
Trd, 431312.300, 93
Trd, 431313.167, 93
Trd, 431313.267, 93
Trd, 431314.550, 97
Trd, 431315.333, 98
Trd, 431316.417, 100
Trd, 431316.567, 100
Trd, 431317.033, 100
Trd, 431317.500, 101
Trd, 431318.433, 100
Trd, 431318.767, 99
Trd, 431319.550, 98
Trd, 431320.617, 104
Trd, 431321.183, 88
Trd, 431322.283, 90
Trd, 431322.617, 91
Trd, 431322.733, 95
Trd, 431324.317, 105
Trd, 431324.867, 105
Trd, 431325.133, 105
Trd, 431325.717, 106
Trd, 431325.767, 105
Trd, 431326.467, 104
Trd, 431328.900, 103
Trd, 431329.050, 104
Trd, 431329.417, 103
Trd, 431329.467, 102
Trd, 431329.533, 98
Trd, 431330.350, 96
Trd, 431331.250, 98
Trd, 431332.050, 96
Trd, 431332.783, 94
Trd, 431333.667, 98
Trd, 431335.583, 106
Trd, 431335.650, 107
Trd, 431336.100, 107
Trd, 431337.100, 106
Trd, 431337.833, 109
Trd, 431338.050, 109
Trd, 431339.333, 109
Trd, 431340.000, 109
Trd, 431340.517, 109
Trd, 431341.100, 108
Trd, 431341.750, 87
Trd, 431342.083, 109
Trd, 431343.883, 95
Trd, 431344.867, 100
Trd, 431345.367, 99
Trd, 431345.950, 101
Trd, 431346.150, 103
Trd, 431346.450, 106
Trd, 431346.967, 108
Trd, 431347.050, 107
Trd, 431347.350, 107
Trd, 431347.383, 104
Trd, 431348.517, 99
Trd, 431348.850, 100
Trd, 431350.250, 99
Trd, 431350.633, 98
Trd, 431351.017, 99
Trd, 431351.417, 100
Trd, 431352.400, 102
Trd, 431352.450, 101
Trd, 431353.033, 101
Trd, 431353.600, 103
Trd, 431354.150, 102
Trd, 431354.883, 103
Trd, 431355.383, 95
Trd, 431357.367, 103
Trd, 431357.700, 104
Trd, 431358.800, 105
Trd, 431359.233, 105
Trd, 431360.133, 110
Trd, 431360.183, 107
Trd, 431361.450, 105
Trd, 431362.083, 104
Trd, 431362.683, 98
Trd, 431363.200, 102
Trd, 431365.033, 97
Trd, 431365.150, 98
Trd, 431365.417, 96
Trd, 431366.033, 96
Trd, 431366.950, 96
Trd, 431367.633, 96
Trd, 431368.567, 96
Trd, 431368.667, 95
Trd, 431370.283, 95
Trd, 431370.450, 95
Trd, 431371.517, 98
Trd, 431371.783, 99
Trd, 431373.083, 102
Trd, 431373.100, 104
Trd, 431373.350, 103
Trd, 431373.417, 95
Trd, 431375.533, 99
Trd, 431376.117, 99
Trd, 431376.367, 99
Trd, 431376.683, 98
Trd, 431377.583, 91
Trd, 431379.017, 96
Trd, 431380.150, 97
Trd, 431380.300, 97
Trd, 431380.383, 97
Trd, 431380.800, 97
Trd, 431380.917, 109
Trd, 431383.267, 98
Trd, 431383.833, 99
Trd, 431384.233, 95
Trd, 431384.450, 95
Trd, 431384.833, 96
Trd, 431387.683, 97
Trd, 431387.767, 97
Trd, 431388.367, 98
Trd, 431388.567, 98
Trd, 431388.783, 97
Trd, 431390.650, 95
Trd, 431391.117, 104
Trd, 431391.200, 107
Trd, 431392.117, 102
Trd, 431392.417, 103
Trd, 431392.783, 105
Trd, 431392.867, 104
Trd, 431394.333, 103
Trd, 431394.667, 102
Trd, 431395.650, 96
Trd, 431395.750, 105
Trd, 431396.633, 97
Trd, 431398.383, 108
Trd, 431398.950, 101
Trd, 431400.817, 96
Trd, 431402.183, 97
Trd, 431403.817, 102
Trd, 431404.050, 103
Trd, 431404.417, 102
Trd, 431405.117, 102
Trd, 431405.150, 101
Trd, 431405.800, 102
Trd, 431406.317, 102
Trd, 431406.633, 102
Trd, 431407.200, 102
Trd, 431408.167, 101
Trd, 431408.700, 100
Trd, 431409.767, 99
Trd, 431410.317, 98
Trd, 431410.900, 98
Trd, 431411.100, 99
Trd, 431411.700, 99
Trd, 431412.367, 101
Trd, 431413.750, 102
Trd, 431414.267, 101
Trd, 431415.950, 95
Trd, 431415.967, 92
Trd, 431416.933, 95
Trd, 431417.783, 97
Trd, 431417.933, 99
Trd, 431418.233, 109
Trd, 431419.183, 98
Trd, 431419.367, 97
Trd, 431421.067, 104
Trd, 431421.467, 105
Trd, 431421.983, 106
Trd, 431422.217, 108
Trd, 431422.550, 106
Trd, 431422.883, 106
Trd, 431423.033, 105
Trd, 431426.000, 96
Trd, 431426.200, 95
Trd, 431427.600, 95
Trd, 431427.883, 93
Trd, 431428.333, 94
Trd, 431428.817, 95
Trd, 431429.517, 96
Trd, 431430.233, 97
Trd, 431430.667, 96
Trd, 431430.850, 95
Trd, 431431.733, 86
Trd, 431432.217, 98
Trd, 431433.067, 87
Trd, 431433.667, 86
Trd, 431433.783, 88
Trd, 431434.983, 90
Trd, 431435.350, 104
Trd, 431436.167, 91
Trd, 431436.300, 91
Trd, 431437.050, 99
Trd, 431439.517, 98
Trd, 431439.800, 99
Trd, 431440.217, 100
Trd, 431440.950, 104
Trd, 431441.450, 103
Trd, 431441.700, 103
Trd, 431442.233, 104
Trd, 431442.500, 102
Trd, 431442.600, 100
Trd, 431443.200, 89
Trd, 431444.200, 89
Trd, 431445.100, 91
Trd, 431446.500, 97
Trd, 431446.967, 96
Trd, 431447.000, 99
Trd, 431447.550, 98
Trd, 431447.850, 102
Trd, 431448.767, 102
Trd, 431449.350, 102
Trd, 431449.633, 101
Trd, 431450.267, 102
Trd, 431451.600, 105
Trd, 431452.250, 106
Trd, 431453.183, 106
Trd, 431454.467, 107
Trd, 431454.700, 99
Trd, 431454.717, 98
Trd, 431455.767, 87
Trd, 431456.867, 99
Trd, 431457.267, 99
Trd, 431457.867, 100
Trd, 431458.250, 100
Trd, 431458.967, 99
Trd, 431459.183, 98
Trd, 431460.683, 96
Trd, 431461.317, 96
Trd, 431461.633, 95
Trd, 431463.350, 96
Trd, 431464.350, 98
Trd, 431465.267, 104
Trd, 431465.750, 100
Trd, 431466.000, 100
Trd, 431466.883, 101
Trd, 431467.317, 101
Trd, 431467.833, 98
Trd, 431468.783, 95
Trd, 431470.300, 94
Trd, 431470.517, 93
Trd, 431471.417, 89
Trd, 431471.817, 86
Trd, 431471.983, 87
Trd, 431472.683, 89
Trd, 431473.917, 90
Trd, 431474.300, 93
Trd, 431475.483, 95
Trd, 431475.933, 98
Trd, 431475.967, 97
Trd, 431476.483, 100
Trd, 431476.650, 100
Trd, 431478.633, 104
Trd, 431479.700, 105
Trd, 431480.067, 105
Trd, 431480.783, 106
Trd, 431480.867, 105
Trd, 431480.883, 109
Trd, 431482.300, 106
Trd, 431482.717, 105
Trd, 431484.733, 105
Trd, 431484.933, 104
Trd, 431485.133, 98
Trd, 431486.350, 100
Trd, 431486.883, 100
Trd, 431487.417, 100
Trd, 431488.317, 102
Trd, 431488.500, 100
Trd, 431488.767, 98
Trd, 431489.633, 97
Trd, 431490.033, 97
Trd, 431490.067, 98
Trd, 431490.200, 96
Trd, 431490.733, 102
Trd, 431491.467, 96
Trd, 431495.183, 104
Trd, 431495.400, 103
Trd, 431495.583, 101
Trd, 431495.950, 101
Trd, 431496.983, 103
Trd, 431497.867, 104
Trd, 431498.433, 104
Trd, 431499.117, 103
Trd, 431499.483, 102
Trd, 431500.383, 104
Trd, 431501.650, 107
Trd, 431502.483, 109
Trd, 431503.200, 106
Trd, 431503.567, 107
Trd, 431504.600, 107
Trd, 431505.500, 106
Trd, 431505.650, 105
Trd, 431505.967, 104
Trd, 431506.483, 99
Trd, 431506.683, 98
Trd, 431507.000, 100
Trd, 431507.683, 101
Trd, 431507.950, 100
Trd, 431508.950, 100
Trd, 431509.633, 100
Trd, 431510.783, 117
Trd, 431512.417, 103
Trd, 431512.850, 101
Trd, 431514.100, 103
Trd, 431515.667, 101
Trd, 431516.667, 100
Trd, 431516.750, 100
Trd, 431517.050, 100
Trd, 431518.750, 97
Trd, 431519.517, 98
Trd, 431519.783, 99
Trd, 431520.017, 99
Trd, 431520.117, 98
Trd, 431520.633, 104
Trd, 431521.950, 104
Trd, 431522.883, 102
Trd, 431524.383, 103
Trd, 431525.100, 106
Trd, 431525.517, 105
Trd, 431525.733, 104
Trd, 431526.050, 92
Trd, 431526.183, 91
Trd, 431528.517, 93
Trd, 431528.983, 93
Trd, 431529.533, 95
Trd, 431530.717, 97
Trd, 431530.900, 95
Trd, 431531.817, 98
Trd, 431532.100, 105
Trd, 431532.983, 103
Trd, 431533.333, 104
Trd, 431533.717, 104
Trd, 431533.950, 105
Trd, 431534.100, 102
Trd, 431536.117, 102
Trd, 431537.817, 104
Trd, 431538.683, 94
Trd, 431539.067, 89
Trd, 431539.400, 87
Trd, 431540.083, 86
Trd, 431541.317, 87
Trd, 431541.933, 87
Trd, 431542.617, 95
Trd, 431543.650, 99
Trd, 431543.700, 100
Trd, 431544.483, 97
Trd, 431544.950, 97
Trd, 431545.083, 98
Trd, 431545.550, 100
Trd, 431546.117, 103
Trd, 431546.250, 103
Trd, 431546.617, 104
Trd, 431547.017, 104
Trd, 431547.500, 103
Trd, 431548.550, 102
Trd, 431549.517, 101
Trd, 431549.733, 103
Trd, 431550.067, 91
Trd, 431551.033, 95
Trd, 431551.167, 96
Trd, 431553.317, 104
Trd, 431553.367, 104
Trd, 431553.917, 105
Trd, 431555.450, 107
Trd, 431556.167, 109
Trd, 431556.600, 108
Trd, 431556.850, 109
Trd, 431557.367, 91
Trd, 431558.183, 96
Trd, 431559.533, 104
Trd, 431559.667, 103
Trd, 431560.350, 106
Trd, 431560.617, 106
Trd, 431560.950, 103
Trd, 431561.917, 101
Trd, 431562.100, 101
Trd, 431562.650, 99
Trd, 431563.617, 101
Trd, 431564.133, 101
Trd, 431564.817, 102
Trd, 431566.617, 110
Trd, 431566.800, 110
Trd, 431567.650, 109
Trd, 431569.250, 99
Trd, 431569.433, 100
Trd, 431570.017, 99
Trd, 431570.883, 99
Trd, 431571.483, 101
Trd, 431573.033, 105
Trd, 431573.133, 104
Trd, 431573.983, 104
Trd, 431574.833, 105
Trd, 431575.283, 105
Trd, 431575.550, 104
Trd, 431575.650, 95
Trd, 431576.500, 105
Trd, 431576.517, 104
Trd, 431578.117, 99
Trd, 431578.483, 99
Trd, 431578.683, 99
Trd, 431580.650, 101
Trd, 431581.983, 102
Trd, 431582.250, 102
Trd, 431582.550, 102
Trd, 431582.867, 105
Trd, 431583.933, 104
Trd, 431584.200, 103
Trd, 431585.467, 104
Trd, 431586.600, 104
Trd, 431587.483, 108
Trd, 431587.883, 100
Trd, 431588.583, 99
Trd, 431589.000, 99
Trd, 431589.117, 98
Trd, 431589.767, 87
Trd, 431590.300, 88
Trd, 431590.467, 87
Trd, 431590.667, 87
Trd, 431590.867, 88
Trd, 431591.933, 92
Trd, 431593.167, 99
Trd, 431594.567, 97
Trd, 431595.017, 98
Trd, 431595.450, 99
Trd, 431597.350, 104
Trd, 431598.367, 106
Trd, 431598.817, 107
Trd, 431599.183, 107
Trd, 431599.633, 105
Trd, 431600.100, 104
Trd, 431601.433, 104
Trd, 431601.583, 103
Trd, 431602.183, 106
Trd, 431603.850, 103
Trd, 431604.883, 102
Trd, 431605.383, 102
Trd, 431605.517, 102
Trd, 431606.050, 101
Trd, 431606.583, 98
Trd, 431606.950, 96
Trd, 431607.100, 100
Trd, 431609.267, 103
Trd, 431609.700, 101
Trd, 431609.717, 99
Trd, 431611.283, 99
Trd, 431611.567, 98
Trd, 431612.050, 97
Trd, 431612.317, 98
Trd, 431613.617, 96
Trd, 431614.333, 96
Trd, 431615.167, 97
Trd, 431616.633, 98
Trd, 431617.000, 97
Trd, 431617.050, 98
Trd, 431617.183, 95
Trd, 431618.067, 95
Trd, 431618.133, 94
Trd, 431618.683, 94
Trd, 431618.867, 93
Trd, 431619.017, 92
Trd, 431619.800, 87
Trd, 431620.567, 98
Trd, 431620.867, 97
Trd, 431622.700, 97
Trd, 431623.967, 98
Trd, 431624.650, 98
Trd, 431625.950, 101
Trd, 431626.500, 101
Trd, 431626.683, 102
Trd, 431627.017, 101
Trd, 431627.350, 100
Trd, 431628.650, 97
Trd, 431628.750, 97
Trd, 431629.267, 98
Trd, 431630.150, 96
Trd, 431630.517, 95
Trd, 431630.950, 96
Trd, 431632.483, 97
Trd, 431634.300, 97
Trd, 431635.150, 98
Trd, 431635.400, 98
Trd, 431636.533, 102
Trd, 431637.950, 106
Trd, 431638.483, 107
Trd, 431639.033, 108
Trd, 431640.083, 107
Trd, 431640.800, 108
Trd, 431640.817, 109
Trd, 431640.833, 106
Trd, 431642.583, 109
Trd, 431642.783, 108
Trd, 431643.167, 107
Trd, 431643.617, 107
Trd, 431644.817, 106
Trd, 431645.150, 104
Trd, 431646.117, 98
Trd, 431648.250, 98
Trd, 431648.667, 98
Trd, 431649.950, 98
Trd, 431650.283, 99
Trd, 431650.333, 97
Trd, 431650.500, 95
Trd, 431651.800, 99
Trd, 431652.067, 98
Trd, 431652.900, 100
Trd, 431653.400, 99
Trd, 431653.583, 100
Trd, 431654.367, 96
Trd, 431654.750, 95
Trd, 431655.633, 98
Trd, 431655.683, 99
Trd, 431657.833, 101
Trd, 431658.783, 101
Trd, 431659.117, 101
Trd, 431659.733, 104
Trd, 431660.367, 99
Trd, 431660.683, 100
Trd, 431661.000, 98
Trd, 431662.483, 96
Trd, 431663.683, 94
Trd, 431664.050, 95
Trd, 431664.150, 87
Trd, 431665.300, 95
Trd, 431665.567, 96
Trd, 431666.117, 96
Trd, 431667.083, 98
Trd, 431668.383, 99
Trd, 431668.850, 106
Trd, 431669.017, 107
Trd, 431669.483, 98
Trd, 431671.217, 97
Trd, 431671.933, 96
Trd, 431672.367, 97
Trd, 431673.133, 99
Trd, 431673.933, 101
Trd, 431674.617, 101
Trd, 431675.450, 101
Trd, 431675.833, 104
Trd, 431676.067, 102
Trd, 431676.750, 99
Trd, 431677.433, 101
Trd, 431678.467, 98
Trd, 431678.583, 104
Trd, 431679.750, 102
Trd, 431680.000, 103
Trd, 431680.817, 103
Trd, 431681.183, 102
Trd, 431681.550, 103
Trd, 431682.933, 106
Trd, 431683.017, 105
Trd, 431683.450, 105
Trd, 431684.950, 106
Trd, 431685.233, 106
Trd, 431685.800, 99
Trd, 431688.683, 100
Trd, 431689.233, 100
Trd, 431690.367, 98
Trd, 431691.617, 95
Trd, 431693.600, 98
Trd, 431694.383, 96
Trd, 431694.533, 95
Trd, 431694.583, 98
Trd, 431695.433, 101
Trd, 431696.450, 99
Trd, 431696.500, 98
Trd, 431697.517, 100
Trd, 431697.600, 108
Trd, 431697.683, 99
Trd, 431698.183, 98
Trd, 431698.833, 98
Trd, 431699.383, 97
Trd, 431699.583, 98
Trd, 431699.867, 99
Trd, 431700.233, 101
Trd, 431700.783, 104
Trd, 431701.633, 106
Trd, 431703.517, 105
Trd, 431705.117, 105
Trd, 431705.500, 106
Trd, 431705.617, 105
Trd, 431705.833, 104
Trd, 431707.433, 101
Trd, 431708.050, 99
Trd, 431708.383, 98
Trd, 431708.850, 98
Trd, 431709.000, 96
Trd, 431709.483, 96
Trd, 431709.517, 97
Trd, 431712.117, 99
Trd, 431712.900, 102
Trd, 431713.167, 104
Trd, 431714.883, 105
Trd, 431715.767, 104
Trd, 431716.100, 105
Trd, 431716.883, 105
Trd, 431716.950, 98
Trd, 431717.183, 86
Trd, 431719.117, 89
Trd, 431719.450, 90
Trd, 431720.300, 93
Trd, 431721.350, 98
Trd, 431721.633, 98
Trd, 431722.083, 95
Trd, 431722.450, 97
Trd, 431723.700, 91
Trd, 431723.783, 96
Trd, 431725.600, 96
Trd, 431726.467, 97
Trd, 431727.083, 101
Trd, 431727.967, 102
Trd, 431728.167, 102
Trd, 431729.100, 105
Trd, 431729.250, 104
Trd, 431730.783, 94
Trd, 431731.733, 95
Trd, 431731.850, 95
Trd, 431732.017, 94
Trd, 431732.767, 96
Trd, 431734.000, 100
Trd, 431735.617, 102
Trd, 431736.183, 103
Trd, 431737.083, 106
Trd, 431737.467, 108
Trd, 431738.133, 107
Trd, 431738.283, 104
Trd, 431738.833, 106
Trd, 431739.667, 104
Trd, 431740.400, 107
Trd, 431742.267, 95
Trd, 431742.567, 98
Trd, 431742.600, 96
Trd, 431742.833, 95
Trd, 431743.467, 99
Trd, 431744.400, 98
Trd, 431744.867, 97
Trd, 431745.517, 99
Trd, 431745.767, 100
Trd, 431747.267, 103
Trd, 431748.083, 104
Trd, 431748.683, 105
Trd, 431748.783, 104
Trd, 431748.883, 102
Trd, 431749.367, 104
Trd, 431751.233, 103
Trd, 431751.400, 103
Trd, 431752.867, 104
Trd, 431752.883, 102
Trd, 431753.183, 99
Trd, 431754.000, 107
Trd, 431755.350, 99
Trd, 431756.283, 100
Trd, 431756.633, 100
Trd, 431757.000, 99
Trd, 431758.117, 101
Trd, 431758.133, 98
Trd, 431758.900, 95
Trd, 431759.450, 98
Trd, 431759.967, 97
Trd, 431760.017, 95
Trd, 431760.800, 98
Trd, 431761.550, 98
Trd, 431761.633, 99
Trd, 431762.183, 99
Trd, 431762.400, 98
Trd, 431764.283, 101
Trd, 431765.450, 102
Trd, 431766.967, 109
Trd, 431767.000, 108
Trd, 431767.200, 108
Trd, 431768.350, 107
Trd, 431768.617, 107
Trd, 431768.683, 98
Trd, 431769.817, 106
Trd, 431771.133, 106
Trd, 431771.883, 95
Trd, 431772.900, 107
Trd, 431774.583, 106
Trd, 431775.067, 107
Trd, 431775.333, 108
Trd, 431775.550, 106
Trd, 431775.933, 105
Trd, 431776.317, 106
Trd, 431777.467, 105
Trd, 431777.600, 104
Trd, 431777.650, 107
Trd, 431778.317, 108
Trd, 431780.983, 107
Trd, 431781.067, 104
Trd, 431781.317, 98
Trd, 431781.400, 91
Trd, 431783.900, 101
Trd, 431784.150, 99
Trd, 431784.600, 100
Trd, 431784.867, 101
Trd, 431785.267, 102
Trd, 431786.200, 99
Trd, 431786.700, 99
Trd, 431786.983, 99
Trd, 431787.100, 100
Trd, 431787.683, 100
Trd, 431789.217, 98
Trd, 431789.483, 101
Trd, 431790.117, 89
Trd, 431791.217, 96
Trd, 431791.400, 97
Trd, 431791.683, 96
Trd, 431791.900, 96
Trd, 431792.367, 95
Trd, 431792.767, 105
Trd, 431794.883, 99
Trd, 431795.917, 102
Trd, 431797.117, 107
Trd, 431798.050, 108
Trd, 431798.333, 108
Trd, 431798.567, 109
Trd, 431798.950, 110
Trd, 431799.017, 108
Trd, 431799.150, 107
Trd, 431799.567, 110
Trd, 431800.867, 105
Trd, 431801.150, 98
Trd, 431801.483, 103
Trd, 431803.500, 106
Trd, 431804.083, 105
Trd, 431805.650, 105
Trd, 431806.067, 106
Trd, 431806.217, 107
Trd, 431806.383, 104
Trd, 431807.400, 96
Trd, 431810.250, 102
Trd, 431811.100, 107
Trd, 431811.117, 106
Trd, 431811.500, 106
Trd, 431811.633, 108
Trd, 431812.233, 106
Trd, 431812.467, 103
Trd, 431812.900, 98
Trd, 431813.417, 95
Trd, 431815.517, 95
Trd, 431816.000, 98
Trd, 431816.650, 101
Trd, 431816.850, 101
Trd, 431819.183, 94
Trd, 431819.350, 92
Trd, 431820.017, 95
Trd, 431820.883, 98
Trd, 431821.283, 100
Trd, 431821.317, 99
Trd, 431823.017, 106
Trd, 431823.183, 107
Trd, 431825.217, 104
Trd, 431825.283, 105
Trd, 431825.400, 105
Trd, 431825.900, 104
Trd, 431826.000, 103
Trd, 431826.617, 102
Trd, 431826.933, 100
Trd, 431827.950, 98
Trd, 431828.183, 96
Trd, 431829.600, 98
Trd, 431832.583, 94
Trd, 431832.650, 95
Trd, 431832.867, 91
Trd, 431833.733, 92
Trd, 431834.550, 93
Trd, 431834.683, 94
Trd, 431835.433, 95
Trd, 431835.683, 96
Trd, 431835.817, 97
Trd, 431835.983, 99
Trd, 431837.317, 104
Trd, 431838.017, 105
Trd, 431838.117, 105
Trd, 431838.483, 106
Trd, 431839.117, 107
Trd, 431839.333, 107
Trd, 431840.567, 104
Trd, 431840.617, 104
Trd, 431841.183, 108
Trd, 431841.433, 109
Trd, 431842.667, 106
Trd, 431843.517, 107
Trd, 431844.600, 106
Trd, 431844.900, 104
Trd, 431847.000, 102
Trd, 431848.100, 96
Trd, 431848.600, 97
Trd, 431849.250, 97
Trd, 431849.350, 96
Trd, 431850.433, 94
Trd, 431850.900, 96
Trd, 431851.017, 96
Trd, 431851.367, 97
Trd, 431852.533, 94
Trd, 431853.383, 98
Trd, 431854.033, 93
Trd, 431855.250, 96
Trd, 431855.667, 95
Trd, 431856.950, 92
Trd, 431856.967, 91
Trd, 431857.850, 91
Trd, 431858.583, 100
Trd, 431858.617, 90
Trd, 431859.433, 96
Trd, 431860.600, 91
Trd, 431862.217, 95
Trd, 431862.567, 96
Trd, 431863.067, 97
Trd, 431863.083, 96
Trd, 431863.433, 94
Trd, 431864.300, 107
Trd, 431867.450, 100
Trd, 431868.400, 101
Trd, 431868.533, 100
Trd, 431868.950, 98
Trd, 431869.083, 98
Trd, 431869.667, 98
Trd, 431869.883, 95
Trd, 431871.233, 94
Trd, 431871.567, 90
Trd, 431873.500, 90
Trd, 431873.700, 90
Trd, 431874.600, 90
Trd, 431875.317, 85
Trd, 431876.567, 87
Trd, 431878.417, 95
Trd, 431879.167, 103
Trd, 431879.633, 98
Trd, 431879.950, 100
Trd, 431880.033, 97
Trd, 431881.850, 101
Trd, 431882.067, 100
Trd, 431882.250, 100
Trd, 431882.800, 100
Trd, 431883.733, 99
Trd, 431884.867, 97
Trd, 431885.183, 95
Trd, 431887.283, 99
Trd, 431887.733, 101
Trd, 431888.033, 101
Trd, 431888.417, 100
Trd, 431888.867, 109
Trd, 431888.950, 101
Trd, 431889.567, 107
Trd, 431890.133, 107
Trd, 431890.600, 109
Trd, 431890.767, 108
Trd, 431892.400, 110
Trd, 431892.767, 110
Trd, 431892.933, 111
Trd, 431894.833, 103
Trd, 431895.217, 103
Trd, 431895.967, 103
Trd, 431896.783, 103
Trd, 431898.117, 100
Trd, 431898.833, 99
Trd, 431898.867, 100
Trd, 431899.233, 99
Trd, 431900.100, 98
Trd, 431900.883, 97
Trd, 431901.100, 93
Trd, 431902.617, 94
Trd, 431905.033, 96
Trd, 431905.167, 95
Trd, 431905.267, 97
Trd, 431906.450, 98
Trd, 431906.850, 105
Trd, 431908.017, 104
Trd, 431908.233, 105
Trd, 431908.450, 103
Trd, 431909.183, 111
Trd, 431909.700, 100
Trd, 431909.800, 98
Trd, 431911.250, 102
Trd, 431912.833, 95
Trd, 431914.450, 92
Trd, 431915.150, 92
Trd, 431915.367, 92
Trd, 431915.733, 93
Trd, 431915.783, 92
Trd, 431916.033, 93
Trd, 431916.533, 94
Trd, 431919.000, 101
Trd, 431919.250, 100
Trd, 431920.867, 100
Trd, 431921.050, 101
Trd, 431922.567, 101
Trd, 431923.267, 102
Trd, 431923.517, 98
Trd, 431923.983, 97
Trd, 431924.550, 98
Trd, 431924.767, 95
Trd, 431925.900, 88
Trd, 431926.733, 92
Trd, 431927.583, 91
Trd, 431928.150, 92
Trd, 431928.183, 93
Trd, 431929.533, 107
Trd, 431930.033, 94
Trd, 431930.183, 93
Trd, 431931.617, 103
Trd, 431931.917, 104
Trd, 431931.967, 103
Trd, 431932.383, 104
Trd, 431933.067, 104
Trd, 431933.733, 106
Trd, 431933.767, 104
Trd, 431934.000, 103
Trd, 431936.083, 106
Trd, 431936.583, 105
Trd, 431937.333, 106
Trd, 431937.667, 106
Trd, 431938.117, 106
Trd, 431939.433, 102
Trd, 431940.067, 103
Trd, 431940.183, 103
Trd, 431940.733, 98
Trd, 431941.933, 95
Trd, 431942.367, 96
Trd, 431944.117, 101
Trd, 431944.717, 103
Trd, 431945.817, 105
Trd, 431946.550, 107
Trd, 431947.017, 108
Trd, 431947.367, 107
Trd, 431947.400, 103
Trd, 431948.550, 100
Trd, 431950.767, 97
Trd, 431951.200, 95
Trd, 431951.817, 99
Trd, 431952.350, 102
Trd, 431953.533, 103
Trd, 431954.633, 105
Trd, 431954.850, 106
Trd, 431955.400, 107
Trd, 431955.567, 106
Trd, 431955.783, 107
Trd, 431955.950, 109
Trd, 431956.300, 109
Trd, 431957.200, 108
Trd, 431957.633, 108
Trd, 431958.750, 100
Trd, 431958.867, 99
Trd, 431959.100, 98
Trd, 431959.817, 97
Trd, 431960.167, 95
Trd, 431960.533, 87
Trd, 431962.283, 94
Trd, 431962.450, 94
Trd, 431964.017, 95
Trd, 431964.317, 95
Trd, 431964.450, 93
Trd, 431965.117, 95
Trd, 431967.000, 101
Trd, 431968.000, 102
Trd, 431968.033, 101
Trd, 431968.600, 101
Trd, 431968.783, 100
Trd, 431969.250, 99
Trd, 431969.433, 102
Trd, 431969.567, 98
Trd, 431971.283, 99
Trd, 431972.717, 101
Trd, 431973.317, 103
Trd, 431974.100, 104
Trd, 431974.583, 101
Trd, 431974.800, 96
Trd, 431976.533, 101
Trd, 431977.350, 105
Trd, 431977.917, 104
Trd, 431978.150, 104
Trd, 431978.783, 106
Trd, 431978.883, 106
Trd, 431979.800, 106
Trd, 431980.000, 107
Trd, 431980.417, 109
Trd, 431980.883, 109
Trd, 431981.717, 107
Trd, 431984.000, 100
Trd, 431984.300, 98
Trd, 431985.700, 100
Trd, 431986.500, 97
Trd, 431986.717, 95
Trd, 431987.483, 92
Trd, 431987.550, 90
Trd, 431988.850, 92
Trd, 431988.900, 91
Trd, 431989.683, 91
Trd, 431990.383, 92
Trd, 431990.483, 93
Trd, 431990.583, 87
Trd, 431992.833, 90
Trd, 431993.283, 92
Trd, 431993.533, 93
Trd, 431993.817, 94
Trd, 431995.067, 104
Trd, 431996.067, 103
Trd, 431996.733, 105
Trd, 431996.850, 105
Trd, 431997.450, 106
Trd, 431997.967, 105
Trd, 431999.567, 105
