Trd, 430593.617, 84
Trd, 430594.167, 107
Trd, 430595.883, 107
Trd, 430596.517, 89
Trd, 430598.367, 95
Trd, 430599.267, 96
Trd, 430599.583, 90
Trd, 430599.600, 86
Trd, 430599.633, 83
Trd, 430600.383, 109
Trd, 430601.900, 106
Trd, 430604.200, 109
Trd, 430606.333, 98
Trd, 430607.017, 120
Trd, 430607.550, 104
Trd, 430608.000, 107
Trd, 430609.100, 112
Trd, 430609.850, 116
Trd, 430610.733, 83
Trd, 430611.517, 110
Trd, 430612.133, 105
Trd, 430613.283, 101
Trd, 430613.667, 117
Trd, 430613.917, 94
Trd, 430614.450, 118
Trd, 430615.300, 113
Trd, 430616.683, 117
Trd, 430616.867, 99
Trd, 430620.833, 107
Trd, 430621.217, 95
Trd, 430621.750, 103
Trd, 430623.133, 107
Trd, 430624.150, 111
Trd, 430624.183, 91
Trd, 430625.900, 105
Trd, 430626.350, 115
Trd, 430626.767, 108
Trd, 430627.383, 93
Trd, 430629.600, 93
Trd, 430630.183, 83
Trd, 430630.683, 116
Trd, 430631.333, 115
Trd, 430632.683, 107
Trd, 430635.267, 94
Trd, 430635.300, 95
Trd, 430635.733, 104
Trd, 430636.100, 91
Trd, 430637.167, 114
Trd, 430638.583, 95
Trd, 430639.683, 85
Trd, 430639.817, 84
Trd, 430640.800, 96
Trd, 430641.383, 102
Trd, 430641.850, 103
Trd, 430642.450, 98
Trd, 430645.850, 99
Trd, 430648.417, 91
Trd, 430648.583, 83
Trd, 430648.917, 103
Trd, 430649.583, 122
Trd, 430649.883, 99
Trd, 430651.183, 100
Trd, 430651.967, 97
Trd, 430652.867, 89
Trd, 430654.167, 114
Trd, 430655.817, 97
Trd, 430657.050, 97
Trd, 430659.133, 104
Trd, 430659.583, 108
Trd, 430660.050, 104
Trd, 430660.300, 93
Trd, 430661.750, 92
Trd, 430662.250, 116
Trd, 430662.833, 105
Trd, 430663.233, 90
Trd, 430664.367, 89
Trd, 430668.100, 109
Trd, 430668.133, 93
Trd, 430668.383, 101
Trd, 430669.617, 107
Trd, 430669.667, 97
Trd, 430670.517, 99
Trd, 430671.083, 92
Trd, 430671.983, 102
Trd, 430672.933, 97
Trd, 430673.550, 120
Trd, 430674.317, 116
Trd, 430676.300, 121
Trd, 430678.983, 93
Trd, 430679.383, 117
Trd, 430680.167, 93
Trd, 430681.033, 96
Trd, 430682.300, 104
Trd, 430683.083, 98
Trd, 430683.850, 104
Trd, 430684.200, 103
Trd, 430684.250, 100
Trd, 430684.633, 91
Trd, 430684.817, 105
Trd, 430688.067, 113
Trd, 430688.517, 95
Trd, 430688.567, 84
Trd, 430689.067, 81
Trd, 430689.117, 101
Trd, 430690.317, 105
Trd, 430690.617, 89
Trd, 430691.367, 106
Trd, 430692.300, 111
Trd, 430693.550, 94
Trd, 430693.700, 110
Trd, 430696.083, 118
Trd, 430696.150, 100
Trd, 430697.367, 89
Trd, 430698.217, 100
Trd, 430698.617, 89
Trd, 430699.583, 109
Trd, 430700.017, 101
Trd, 430701.217, 112
Trd, 430701.900, 95
Trd, 430704.450, 109
Trd, 430705.283, 114
Trd, 430705.783, 112
Trd, 430705.867, 120
Trd, 430706.750, 108
Trd, 430707.050, 91
Trd, 430707.083, 120
Trd, 430707.650, 91
Trd, 430707.917, 113
Trd, 430708.850, 116
Trd, 430709.333, 112
Trd, 430710.317, 109
Trd, 430710.600, 102
Trd, 430711.050, 102
Trd, 430711.600, 100
Trd, 430713.083, 83
Trd, 430714.800, 95
Trd, 430716.900, 94
Trd, 430718.350, 103
Trd, 430719.000, 98
Trd, 430720.233, 94
Trd, 430721.850, 113
Trd, 430722.300, 117
Trd, 430722.400, 95
Trd, 430722.733, 100
Trd, 430723.650, 111
Trd, 430724.917, 118
Trd, 430725.783, 118
Trd, 430727.883, 104
Trd, 430728.717, 115
Trd, 430728.733, 103
Trd, 430729.500, 103
Trd, 430730.333, 111
Trd, 430730.383, 99
Trd, 430730.867, 92
Trd, 430732.783, 108
Trd, 430734.400, 115
Trd, 430734.467, 102
Trd, 430734.700, 82
Trd, 430734.950, 84
Trd, 430735.367, 103
Trd, 430735.683, 95
Trd, 430735.967, 118
Trd, 430736.450, 104
Trd, 430737.033, 103
Trd, 430737.350, 84
Trd, 430737.733, 110
Trd, 430739.350, 105
Trd, 430742.117, 103
Trd, 430742.367, 104
Trd, 430745.300, 106
Trd, 430747.083, 98
Trd, 430747.550, 88
Trd, 430748.517, 102
Trd, 430748.567, 101
Trd, 430749.150, 108
Trd, 430749.900, 114
Trd, 430751.133, 111
Trd, 430752.750, 113
Trd, 430752.867, 102
Trd, 430753.333, 116
Trd, 430755.150, 109
Trd, 430756.267, 115
Trd, 430756.867, 116
Trd, 430757.283, 112
Trd, 430757.883, 110
Trd, 430758.650, 85
Trd, 430758.983, 85
Trd, 430759.300, 92
Trd, 430759.433, 89
Trd, 430759.867, 96
Trd, 430761.317, 99
Trd, 430761.783, 109
Trd, 430763.367, 86
Trd, 430766.250, 106
Trd, 430767.150, 109
Trd, 430771.067, 93
Trd, 430771.217, 113
Trd, 430771.433, 112
Trd, 430771.567, 110
Trd, 430772.200, 89
Trd, 430772.983, 115
Trd, 430773.950, 116
Trd, 430774.750, 88
Trd, 430775.117, 95
Trd, 430775.133, 104
Trd, 430775.567, 107
Trd, 430777.783, 118
Trd, 430778.367, 119
Trd, 430779.500, 86
Trd, 430780.200, 97
Trd, 430780.233, 120
Trd, 430780.417, 103
Trd, 430780.550, 87
Trd, 430781.350, 105
Trd, 430782.733, 109
Trd, 430784.033, 91
Trd, 430785.817, 89
Trd, 430787.233, 93
Trd, 430787.283, 90
Trd, 430788.267, 93
Trd, 430789.567, 99
Trd, 430789.733, 114
Trd, 430790.233, 91
Trd, 430790.733, 108
Trd, 430790.750, 91
Trd, 430791.867, 102
Trd, 430794.033, 95
Trd, 430794.283, 106
Trd, 430797.700, 92
Trd, 430797.733, 108
Trd, 430798.050, 109
Trd, 430798.667, 97
Trd, 430799.050, 92
Trd, 430800.233, 100
Trd, 430800.733, 93
Trd, 430802.267, 85
Trd, 430803.000, 107
Trd, 430804.167, 116
Trd, 430804.217, 104
Trd, 430805.150, 92
Trd, 430807.500, 95
Trd, 430807.617, 83
Trd, 430808.317, 98
Trd, 430808.833, 105
Trd, 430810.650, 103
Trd, 430812.417, 108
Trd, 430812.433, 101
Trd, 430813.933, 117
Trd, 430816.083, 115
Trd, 430816.200, 99
Trd, 430816.333, 99
Trd, 430817.483, 109
Trd, 430818.283, 97
Trd, 430820.133, 114
Trd, 430820.467, 99
Trd, 430821.567, 94
Trd, 430821.650, 93
Trd, 430822.317, 89
Trd, 430822.600, 120
Trd, 430822.650, 88
Trd, 430824.883, 115
Trd, 430825.267, 105
Trd, 430827.867, 110
Trd, 430827.933, 101
Trd, 430828.600, 89
Trd, 430830.583, 107
Trd, 430831.250, 115
Trd, 430831.767, 110
Trd, 430832.383, 108
Trd, 430833.917, 124
Trd, 430834.033, 112
Trd, 430835.133, 109
Trd, 430836.133, 96
Trd, 430836.750, 106
Trd, 430837.150, 96
Trd, 430837.650, 114
Trd, 430839.083, 107
Trd, 430839.867, 120
Trd, 430842.367, 94
Trd, 430843.200, 108
Trd, 430843.883, 120
Trd, 430844.850, 122
Trd, 430846.183, 102
Trd, 430846.317, 106
Trd, 430848.117, 110
Trd, 430848.533, 91
Trd, 430849.567, 102
Trd, 430850.633, 113
Trd, 430850.783, 89
Trd, 430851.900, 113
Trd, 430853.333, 105
Trd, 430853.883, 105
Trd, 430854.050, 118
Trd, 430854.617, 115
Trd, 430856.183, 104
Trd, 430856.983, 109
Trd, 430857.200, 111
Trd, 430857.417, 90
Trd, 430858.967, 105
Trd, 430860.500, 99
Trd, 430861.133, 92
Trd, 430861.467, 100
Trd, 430863.167, 87
Trd, 430863.983, 82
Trd, 430864.200, 79
Trd, 430865.350, 95
Trd, 430865.483, 99
Trd, 430866.117, 106
Trd, 430868.300, 103
Trd, 430868.617, 89
Trd, 430870.183, 106
Trd, 430870.417, 107
Trd, 430870.450, 121
Trd, 430870.667, 95
Trd, 430872.417, 102
Trd, 430873.267, 108
Trd, 430873.417, 122
Trd, 430876.167, 95
Trd, 430877.433, 105
Trd, 430878.350, 101
Trd, 430879.583, 112
Trd, 430880.583, 100
Trd, 430881.483, 90
Trd, 430883.100, 96
Trd, 430884.617, 95
Trd, 430885.467, 89
Trd, 430885.767, 88
Trd, 430886.400, 113
Trd, 430887.383, 108
Trd, 430887.800, 104
Trd, 430889.100, 113
Trd, 430889.700, 101
Trd, 430890.783, 98
Trd, 430891.467, 90
Trd, 430892.217, 90
Trd, 430893.167, 88
Trd, 430893.267, 109
Trd, 430894.683, 104
Trd, 430895.367, 105
Trd, 430895.767, 90
Trd, 430897.583, 99
Trd, 430900.617, 120
Trd, 430901.200, 124
Trd, 430904.050, 85
Trd, 430904.633, 95
Trd, 430904.700, 90
Trd, 430905.167, 111
Trd, 430906.050, 114
Trd, 430908.733, 101
Trd, 430909.350, 98
Trd, 430909.683, 91
Trd, 430911.000, 90
Trd, 430911.450, 95
Trd, 430912.533, 104
Trd, 430912.600, 108
Trd, 430912.617, 108
Trd, 430912.933, 100
Trd, 430914.200, 107
Trd, 430915.650, 93
Trd, 430916.867, 102
Trd, 430918.033, 100
Trd, 430918.183, 96
Trd, 430919.300, 106
Trd, 430919.867, 98
Trd, 430920.117, 92
Trd, 430920.500, 108
Trd, 430921.883, 102
Trd, 430923.533, 103
Trd, 430923.767, 97
Trd, 430923.933, 93
Trd, 430924.967, 97
Trd, 430925.350, 100
Trd, 430928.850, 88
Trd, 430930.817, 110
Trd, 430930.883, 105
Trd, 430931.000, 113
Trd, 430931.500, 119
Trd, 430934.250, 111
Trd, 430934.567, 100
Trd, 430935.183, 98
Trd, 430935.733, 105
Trd, 430936.217, 121
Trd, 430936.683, 130
Trd, 430937.933, 103
Trd, 430938.183, 114
Trd, 430940.800, 105
Trd, 430942.350, 103
Trd, 430942.417, 101
Trd, 430943.167, 95
Trd, 430943.517, 101
Trd, 430944.067, 93
Trd, 430944.867, 95
Trd, 430946.850, 103
Trd, 430947.083, 101
Trd, 430947.367, 110
Trd, 430947.683, 94
Trd, 430948.017, 121
Trd, 430949.000, 123
Trd, 430950.267, 109
Trd, 430952.133, 112
Trd, 430952.433, 103
Trd, 430955.650, 109
Trd, 430956.233, 106
Trd, 430956.400, 121
Trd, 430957.000, 94
Trd, 430957.250, 105
Trd, 430958.817, 97
Trd, 430958.900, 87
Trd, 430958.917, 82
Trd, 430960.017, 107
Trd, 430960.150, 92
Trd, 430962.100, 93
Trd, 430963.167, 107
Trd, 430964.067, 90
Trd, 430964.083, 89
Trd, 430965.133, 104
Trd, 430965.267, 110
Trd, 430968.317, 112
Trd, 430969.033, 99
Trd, 430969.350, 120
Trd, 430970.383, 100
Trd, 430970.567, 99
Trd, 430973.033, 111
Trd, 430973.817, 106
Trd, 430973.867, 109
Trd, 430975.133, 113
Trd, 430975.200, 116
Trd, 430975.933, 115
Trd, 430977.933, 90
Trd, 430978.800, 89
Trd, 430979.250, 101
Trd, 430979.617, 106
Trd, 430981.100, 118
Trd, 430981.667, 94
Trd, 430982.233, 109
Trd, 430983.417, 86
Trd, 430985.650, 125
Trd, 430985.717, 117
Trd, 430989.033, 94
Trd, 430989.350, 109
Trd, 430989.933, 110
Trd, 430990.233, 107
Trd, 430990.850, 98
Trd, 430992.300, 108
Trd, 430993.017, 109
Trd, 430994.483, 108
Trd, 430995.750, 96
Trd, 430996.033, 92
Trd, 430996.350, 98
Trd, 430998.767, 107
Trd, 431000.133, 114
Trd, 431000.317, 89
Trd, 431000.617, 108
Trd, 431002.583, 102
Trd, 431003.850, 85
Trd, 431004.967, 102
Trd, 431005.350, 103
Trd, 431006.350, 94
Trd, 431007.500, 88
Trd, 431007.967, 102
Trd, 431008.567, 122
Trd, 431009.700, 100
Trd, 431010.317, 107
Trd, 431011.967, 108
Trd, 431012.283, 99
Trd, 431012.417, 111
Trd, 431012.450, 90
Trd, 431012.967, 111
Trd, 431014.150, 90
Trd, 431014.450, 105
Trd, 431019.300, 96
Trd, 431019.783, 100
Trd, 431020.350, 99
Trd, 431020.700, 95
Trd, 431021.067, 112
Trd, 431022.217, 97
Trd, 431022.300, 112
Trd, 431024.183, 107
Trd, 431024.217, 89
Trd, 431024.833, 90
Trd, 431026.400, 120
Trd, 431027.800, 114
Trd, 431028.633, 121
Trd, 431029.000, 110
Trd, 431029.633, 95
Trd, 431030.133, 94
Trd, 431030.667, 93
Trd, 431031.717, 99
Trd, 431031.817, 87
Trd, 431032.950, 88
Trd, 431035.117, 90
Trd, 431035.217, 103
Trd, 431038.000, 118
Trd, 431038.217, 106
Trd, 431040.067, 98
Trd, 431040.417, 91
Trd, 431040.483, 106
Trd, 431040.833, 87
Trd, 431042.583, 98
Trd, 431043.333, 92
Trd, 431045.267, 96
Trd, 431045.633, 97
Trd, 431046.267, 117
Trd, 431047.000, 96
Trd, 431051.367, 104
Trd, 431051.850, 97
Trd, 431052.417, 99
Trd, 431053.633, 115
Trd, 431054.133, 98
Trd, 431054.333, 86
Trd, 431054.717, 92
Trd, 431054.850, 95
Trd, 431056.133, 84
Trd, 431056.633, 94
Trd, 431056.733, 111
Trd, 431057.350, 91
Trd, 431057.900, 107
Trd, 431058.400, 94
Trd, 431058.417, 90
Trd, 431060.167, 103
Trd, 431060.933, 108
Trd, 431061.900, 116
Trd, 431062.600, 98
Trd, 431064.100, 88
Trd, 431064.817, 100
Trd, 431065.800, 85
Trd, 431066.133, 95
Trd, 431066.800, 100
Trd, 431068.267, 104
Trd, 431068.917, 110
Trd, 431068.983, 99
Trd, 431070.200, 122
Trd, 431071.600, 94
Trd, 431073.150, 108
Trd, 431073.533, 117
Trd, 431073.983, 101
Trd, 431075.733, 114
Trd, 431077.050, 106
Trd, 431078.533, 112
Trd, 431080.200, 109
Trd, 431080.233, 99
Trd, 431081.033, 104
Trd, 431081.083, 103
Trd, 431081.550, 107
Trd, 431082.567, 101
Trd, 431082.917, 116
Trd, 431083.183, 88
Trd, 431085.100, 114
Trd, 431085.817, 88
Trd, 431087.550, 103
Trd, 431087.617, 101
Trd, 431089.183, 100
Trd, 431089.900, 98
Trd, 431090.517, 107
Trd, 431092.150, 113
Trd, 431093.233, 97
Trd, 431093.350, 97
Trd, 431093.900, 96
Trd, 431095.033, 106
Trd, 431096.750, 100
Trd, 431097.767, 88
Trd, 431097.817, 106
Trd, 431098.300, 96
Trd, 431099.267, 105
Trd, 431099.350, 97
Trd, 431099.533, 87
Trd, 431099.783, 90
Trd, 431100.567, 120
Trd, 431102.083, 112
Trd, 431102.400, 114
Trd, 431102.833, 103
Trd, 431103.867, 104
Trd, 431104.500, 106
Trd, 431107.233, 115
Trd, 431107.650, 98
Trd, 431107.683, 121
Trd, 431108.033, 128
Trd, 431108.900, 115
Trd, 431109.900, 109
Trd, 431110.700, 92
Trd, 431111.133, 123
Trd, 431113.783, 112
Trd, 431113.800, 110
Trd, 431114.350, 111
Trd, 431114.850, 105
Trd, 431115.883, 107
Trd, 431117.233, 95
Trd, 431117.350, 82
Trd, 431117.550, 128
Trd, 431118.633, 98
Trd, 431119.050, 89
Trd, 431119.183, 104
Trd, 431120.383, 72
Trd, 431121.250, 104
Trd, 431121.817, 104
Trd, 431121.833, 100
Trd, 431122.133, 89
Trd, 431122.767, 106
Trd, 431124.467, 103
Trd, 431124.750, 106
Trd, 431124.883, 100
Trd, 431125.250, 110
Trd, 431125.517, 102
Trd, 431127.767, 114
Trd, 431129.100, 111
Trd, 431129.400, 100
Trd, 431130.550, 99
Trd, 431130.583, 89
Trd, 431133.367, 85
Trd, 431133.733, 83
Trd, 431135.083, 96
Trd, 431137.417, 99
Trd, 431137.833, 107
Trd, 431138.917, 109
Trd, 431139.083, 115
Trd, 431139.633, 115
Trd, 431139.650, 79
Trd, 431140.600, 105
Trd, 431142.267, 101
Trd, 431142.600, 88
Trd, 431143.317, 102
Trd, 431145.500, 110
Trd, 431146.750, 121
Trd, 431148.433, 88
Trd, 431150.650, 112
Trd, 431150.667, 114
Trd, 431151.667, 104
Trd, 431151.833, 105
Trd, 431153.500, 99
Trd, 431153.967, 89
Trd, 431154.133, 103
Trd, 431155.133, 82
Trd, 431156.450, 102
Trd, 431158.167, 106
Trd, 431160.517, 96
Trd, 431160.600, 88
Trd, 431160.683, 91
Trd, 431161.200, 101
Trd, 431162.167, 101
Trd, 431162.217, 103
Trd, 431163.067, 103
Trd, 431163.517, 94
Trd, 431163.817, 102
Trd, 431164.533, 105
Trd, 431165.950, 84
Trd, 431166.017, 108
Trd, 431168.517, 104
Trd, 431168.750, 105
Trd, 431170.133, 101
Trd, 431170.767, 102
Trd, 431170.900, 98
Trd, 431173.267, 103
Trd, 431174.567, 88
Trd, 431174.833, 106
Trd, 431176.183, 103
Trd, 431177.850, 114
Trd, 431181.617, 104
Trd, 431181.817, 107
Trd, 431181.867, 96
Trd, 431182.283, 88
Trd, 431182.650, 112
Trd, 431184.517, 110
Trd, 431185.333, 100
Trd, 431185.800, 116
Trd, 431186.183, 88
Trd, 431187.033, 98
Trd, 431187.633, 105
Trd, 431189.000, 103
Trd, 431189.250, 92
Trd, 431190.517, 96
Trd, 431191.800, 109
Trd, 431191.967, 104
Trd, 431192.383, 88
Trd, 431192.650, 115
Trd, 431195.117, 101
Trd, 431195.850, 104
Trd, 431195.950, 101
Trd, 431196.017, 108
Trd, 431196.350, 98
Trd, 431196.583, 109
Trd, 431200.133, 110
Trd, 431201.467, 94
Trd, 431202.583, 99
Trd, 431204.517, 108
Trd, 431204.617, 99
Trd, 431205.100, 101
Trd, 431205.117, 105
Trd, 431205.283, 89
Trd, 431205.500, 106
Trd, 431205.767, 117
Trd, 431207.100, 117
Trd, 431208.200, 102
Trd, 431210.467, 100
Trd, 431210.717, 103
Trd, 431212.217, 105
Trd, 431213.167, 98
Trd, 431214.083, 104
Trd, 431214.583, 117
Trd, 431214.750, 95
Trd, 431217.783, 93
Trd, 431220.000, 110
Trd, 431220.583, 98
Trd, 431221.083, 93
Trd, 431221.450, 102
Trd, 431223.317, 113
Trd, 431223.433, 117
Trd, 431224.033, 112
Trd, 431224.767, 98
Trd, 431224.833, 102
Trd, 431227.417, 92
Trd, 431227.633, 99
Trd, 431228.517, 118
Trd, 431229.450, 121
Trd, 431229.783, 121
Trd, 431229.967, 104
Trd, 431231.333, 105
Trd, 431233.183, 114
Trd, 431233.633, 98
Trd, 431233.917, 98
Trd, 431235.100, 99
Trd, 431239.117, 86
Trd, 431239.250, 97
Trd, 431239.600, 120
Trd, 431240.183, 96
Trd, 431240.650, 103
Trd, 431244.283, 88
Trd, 431245.267, 106
Trd, 431246.217, 105
Trd, 431246.333, 112
Trd, 431246.833, 103
Trd, 431246.967, 99
Trd, 431247.833, 96
Trd, 431248.067, 88
Trd, 431248.783, 91
Trd, 431249.417, 102
Trd, 431249.783, 95
Trd, 431250.867, 103
Trd, 431251.600, 99
Trd, 431251.650, 104
Trd, 431252.883, 99
Trd, 431253.000, 87
Trd, 431255.533, 88
Trd, 431255.550, 106
Trd, 431255.817, 109
Trd, 431257.817, 111
Trd, 431257.933, 112
Trd, 431258.450, 100
Trd, 431259.350, 103
Trd, 431260.033, 98
Trd, 431260.417, 87
Trd, 431261.150, 108
Trd, 431262.250, 99
Trd, 431262.417, 94
Trd, 431265.633, 104
Trd, 431268.517, 93
Trd, 431270.117, 101
Trd, 431270.133, 102
Trd, 431272.317, 121
Trd, 431272.333, 103
Trd, 431273.250, 107
Trd, 431273.283, 103
Trd, 431275.533, 81
Trd, 431275.550, 121
Trd, 431276.750, 106
Trd, 431277.700, 101
Trd, 431278.150, 86
Trd, 431278.250, 91
Trd, 431278.650, 112
Trd, 431280.583, 110
Trd, 431282.033, 108
Trd, 431282.367, 109
Trd, 431282.450, 107
Trd, 431284.383, 123
Trd, 431284.617, 117
Trd, 431285.083, 99
Trd, 431285.567, 91
Trd, 431286.800, 90
Trd, 431287.733, 105
Trd, 431287.867, 103
Trd, 431288.633, 111
Trd, 431289.033, 89
Trd, 431289.067, 121
Trd, 431290.700, 101
Trd, 431292.683, 95
Trd, 431294.783, 95
Trd, 431295.050, 86
Trd, 431296.700, 110
Trd, 431296.800, 112
Trd, 431298.917, 92
Trd, 431299.683, 95
Trd, 431299.767, 93
Trd, 431301.100, 93
Trd, 431302.017, 95
Trd, 431302.200, 82
Trd, 431302.533, 102
Trd, 431303.017, 104
Trd, 431303.900, 108
Trd, 431304.183, 103
Trd, 431304.217, 116
Trd, 431304.967, 102
Trd, 431307.200, 103
Trd, 431307.550, 88
Trd, 431308.300, 109
Trd, 431309.400, 85
Trd, 431310.033, 121
Trd, 431310.683, 125
Trd, 431311.183, 117
Trd, 431313.383, 114
Trd, 431313.733, 117
Trd, 431314.583, 111
Trd, 431314.933, 102
Trd, 431316.217, 102
Trd, 431316.633, 96
Trd, 431316.750, 93
Trd, 431318.350, 98
Trd, 431318.400, 108
Trd, 431318.683, 92
Trd, 431319.033, 88
Trd, 431320.550, 99
Trd, 431322.117, 93
Trd, 431322.783, 120
Trd, 431324.100, 91
Trd, 431324.417, 87
Trd, 431324.467, 106
Trd, 431325.983, 97
Trd, 431326.250, 111
Trd, 431326.267, 123
Trd, 431328.267, 93
Trd, 431328.300, 110
Trd, 431329.483, 103
Trd, 431329.500, 121
Trd, 431329.817, 84
Trd, 431330.633, 110
Trd, 431331.083, 95
Trd, 431334.483, 95
Trd, 431334.683, 96
Trd, 431334.933, 91
Trd, 431337.283, 98
Trd, 431338.800, 92
Trd, 431339.117, 107
Trd, 431339.867, 115
Trd, 431340.000, 112
Trd, 431340.300, 88
Trd, 431340.983, 109
Trd, 431342.217, 99
Trd, 431343.917, 83
Trd, 431344.433, 88
Trd, 431344.783, 88
Trd, 431345.550, 105
Trd, 431345.883, 83
Trd, 431346.583, 115
Trd, 431347.467, 77
Trd, 431351.317, 93
Trd, 431352.633, 104
Trd, 431352.833, 122
Trd, 431353.350, 105
Trd, 431353.483, 91
Trd, 431354.433, 104
Trd, 431354.717, 107
Trd, 431355.700, 92
Trd, 431356.233, 93
Trd, 431357.067, 98
Trd, 431357.467, 100
Trd, 431357.667, 107
Trd, 431358.067, 96
Trd, 431358.317, 91
Trd, 431359.650, 83
Trd, 431361.967, 120
Trd, 431364.300, 117
Trd, 431364.617, 100
Trd, 431365.383, 102
Trd, 431367.900, 101
Trd, 431369.250, 108
Trd, 431371.367, 99
Trd, 431373.250, 106
Trd, 431373.633, 112
Trd, 431374.000, 105
Trd, 431374.533, 111
Trd, 431375.367, 95
Trd, 431376.150, 101
Trd, 431376.617, 107
Trd, 431376.800, 114
Trd, 431378.350, 92
Trd, 431379.617, 104
Trd, 431380.567, 113
Trd, 431381.417, 92
Trd, 431381.517, 102
Trd, 431382.633, 88
Trd, 431383.417, 84
Trd, 431384.117, 105
Trd, 431384.433, 89
Trd, 431387.117, 91
Trd, 431387.233, 101
Trd, 431387.533, 102
Trd, 431387.700, 101
Trd, 431388.550, 107
Trd, 431389.733, 118
Trd, 431390.550, 103
Trd, 431391.333, 85
Trd, 431392.783, 97
Trd, 431394.017, 113
Trd, 431394.550, 116
Trd, 431395.350, 92
Trd, 431395.617, 107
Trd, 431398.817, 110
Trd, 431399.900, 98
Trd, 431400.400, 95
Trd, 431400.883, 97
Trd, 431402.200, 105
Trd, 431403.583, 112
Trd, 431404.067, 88
Trd, 431404.567, 108
Trd, 431404.750, 105
Trd, 431405.200, 114
Trd, 431405.517, 115
Trd, 431406.100, 81
Trd, 431406.700, 99
Trd, 431408.483, 95
Trd, 431408.617, 113
Trd, 431408.983, 97
Trd, 431409.117, 106
Trd, 431412.533, 111
Trd, 431412.617, 120
Trd, 431413.467, 86
Trd, 431414.833, 88
Trd, 431415.533, 115
Trd, 431416.183, 84
Trd, 431418.867, 105
Trd, 431419.867, 104
Trd, 431420.150, 116
Trd, 431420.450, 107
Trd, 431422.117, 108
Trd, 431422.217, 120
Trd, 431425.317, 106
Trd, 431425.433, 93
Trd, 431425.967, 91
Trd, 431427.050, 92
Trd, 431427.517, 100
Trd, 431427.583, 109
Trd, 431428.000, 102
Trd, 431428.867, 110
Trd, 431430.117, 107
Trd, 431430.200, 88
Trd, 431430.500, 98
Trd, 431431.533, 108
Trd, 431432.183, 88
Trd, 431434.083, 111
Trd, 431434.250, 108
Trd, 431434.750, 94
Trd, 431435.767, 95
Trd, 431436.517, 116
Trd, 431437.383, 99
Trd, 431437.483, 81
Trd, 431438.183, 99
Trd, 431440.667, 85
Trd, 431441.400, 104
Trd, 431441.967, 98
Trd, 431443.150, 103
Trd, 431443.700, 96
Trd, 431444.683, 93
Trd, 431446.133, 112
Trd, 431446.350, 114
Trd, 431446.417, 117
Trd, 431447.150, 90
Trd, 431448.300, 125
Trd, 431448.383, 122
Trd, 431448.433, 103
Trd, 431449.950, 99
Trd, 431451.167, 93
Trd, 431452.900, 106
Trd, 431453.000, 107
Trd, 431455.317, 100
Trd, 431456.300, 99
Trd, 431456.683, 95
Trd, 431458.283, 86
Trd, 431458.900, 109
Trd, 431459.100, 115
Trd, 431460.633, 121
Trd, 431461.467, 122
Trd, 431461.633, 82
Trd, 431461.750, 106
Trd, 431464.233, 111
Trd, 431465.533, 108
Trd, 431466.667, 100
Trd, 431466.833, 105
Trd, 431467.067, 107
Trd, 431471.133, 109
Trd, 431472.383, 84
Trd, 431472.533, 82
Trd, 431474.250, 102
Trd, 431474.550, 119
Trd, 431476.583, 104
Trd, 431478.517, 110
Trd, 431478.533, 103
Trd, 431479.867, 90
Trd, 431481.567, 103
Trd, 431482.117, 88
Trd, 431482.217, 111
Trd, 431482.233, 112
Trd, 431482.350, 94
Trd, 431483.050, 99
Trd, 431484.333, 101
Trd, 431485.133, 92
Trd, 431486.817, 85
Trd, 431487.550, 95
Trd, 431487.900, 85
Trd, 431490.317, 99
Trd, 431493.150, 82
Trd, 431493.350, 82
Trd, 431493.733, 96
Trd, 431493.867, 102
Trd, 431494.333, 105
Trd, 431495.033, 113
Trd, 431495.933, 89
Trd, 431497.417, 87
Trd, 431498.167, 96
Trd, 431498.267, 102
Trd, 431499.533, 114
Trd, 431501.500, 106
Trd, 431502.283, 110
Trd, 431503.483, 99
Trd, 431503.900, 87
Trd, 431505.350, 93
Trd, 431506.233, 117
Trd, 431507.100, 107
Trd, 431508.200, 121
Trd, 431509.400, 100
Trd, 431512.333, 114
Trd, 431512.667, 105
Trd, 431514.350, 105
Trd, 431515.417, 110
Trd, 431515.483, 102
Trd, 431515.750, 98
Trd, 431517.050, 91
Trd, 431517.467, 95
Trd, 431519.317, 116
Trd, 431520.300, 113
Trd, 431520.917, 114
Trd, 431521.267, 101
Trd, 431521.450, 103
Trd, 431523.600, 97
Trd, 431524.733, 94
Trd, 431525.200, 90
Trd, 431525.967, 99
Trd, 431526.833, 104
Trd, 431527.167, 99
Trd, 431531.133, 81
Trd, 431531.217, 81
Trd, 431531.283, 95
Trd, 431532.250, 85
Trd, 431532.867, 108
Trd, 431534.183, 114
Trd, 431534.533, 102
Trd, 431534.683, 121
Trd, 431536.367, 116
Trd, 431536.500, 117
Trd, 431536.700, 124
Trd, 431536.733, 106
Trd, 431536.750, 103
Trd, 431537.017, 117
Trd, 431537.150, 98
Trd, 431539.333, 113
Trd, 431539.667, 108
Trd, 431540.817, 91
Trd, 431541.200, 109
Trd, 431543.900, 110
Trd, 431544.667, 100
Trd, 431544.733, 101
Trd, 431545.400, 97
Trd, 431546.700, 113
Trd, 431547.850, 93
Trd, 431549.217, 85
Trd, 431549.667, 101
Trd, 431550.000, 109
Trd, 431552.617, 96
Trd, 431552.967, 88
Trd, 431556.200, 109
Trd, 431556.600, 92
Trd, 431556.900, 89
Trd, 431557.567, 116
Trd, 431557.683, 94
Trd, 431558.650, 78
Trd, 431559.100, 91
Trd, 431559.417, 107
Trd, 431560.267, 119
Trd, 431560.733, 89
Trd, 431561.483, 94
Trd, 431562.533, 90
Trd, 431565.183, 111
Trd, 431566.050, 109
Trd, 431566.200, 96
Trd, 431567.000, 97
Trd, 431567.800, 100
Trd, 431571.067, 105
Trd, 431571.183, 116
Trd, 431572.683, 97
Trd, 431572.783, 109
Trd, 431575.800, 108
Trd, 431576.850, 101
Trd, 431577.283, 105
Trd, 431578.317, 114
Trd, 431578.683, 116
Trd, 431579.217, 101
Trd, 431579.933, 101
Trd, 431580.583, 88
Trd, 431581.483, 97
Trd, 431581.900, 77
Trd, 431582.017, 121
Trd, 431582.617, 97
Trd, 431582.750, 94
Trd, 431583.183, 100
Trd, 431585.000, 113
Trd, 431587.317, 92
Trd, 431587.783, 110
Trd, 431589.200, 104
Trd, 431589.900, 114
Trd, 431591.100, 94
Trd, 431592.083, 93
Trd, 431592.483, 109
Trd, 431593.317, 117
Trd, 431593.567, 115
Trd, 431593.683, 104
Trd, 431594.217, 105
Trd, 431594.433, 108
Trd, 431595.417, 108
Trd, 431595.700, 96
Trd, 431595.750, 88
Trd, 431596.600, 89
Trd, 431596.983, 96
Trd, 431597.117, 86
Trd, 431597.383, 97
Trd, 431600.000, 101
Trd, 431600.833, 117
Trd, 431602.700, 100
Trd, 431602.783, 89
Trd, 431603.217, 91
Trd, 431604.250, 103
Trd, 431606.167, 103
Trd, 431607.100, 104
Trd, 431607.417, 104
Trd, 431609.067, 94
Trd, 431609.350, 97
Trd, 431610.500, 98
Trd, 431610.833, 90
Trd, 431611.400, 100
Trd, 431611.700, 91
Trd, 431611.900, 112
Trd, 431613.017, 118
Trd, 431613.450, 101
Trd, 431614.133, 113
Trd, 431616.283, 101
Trd, 431616.383, 113
Trd, 431617.550, 99
Trd, 431618.333, 87
Trd, 431619.017, 108
Trd, 431621.517, 114
Trd, 431621.583, 96
Trd, 431621.667, 96
Trd, 431622.467, 120
Trd, 431622.717, 111
Trd, 431623.533, 110
Trd, 431624.000, 103
Trd, 431624.083, 95
Trd, 431625.083, 104
Trd, 431625.617, 99
Trd, 431625.700, 89
Trd, 431626.333, 113
Trd, 431628.467, 110
Trd, 431629.767, 98
Trd, 431631.767, 100
Trd, 431632.200, 117
Trd, 431633.500, 103
Trd, 431633.783, 106
Trd, 431635.667, 104
Trd, 431637.117, 90
Trd, 431637.717, 100
Trd, 431637.783, 99
Trd, 431637.867, 90
Trd, 431638.633, 110
Trd, 431638.667, 102
Trd, 431639.717, 101
Trd, 431639.767, 102
Trd, 431642.467, 84
Trd, 431642.617, 88
Trd, 431642.683, 95
Trd, 431643.900, 105
Trd, 431645.817, 91
Trd, 431646.050, 100
Trd, 431646.883, 87
Trd, 431648.250, 118
Trd, 431650.317, 107
Trd, 431650.433, 119
Trd, 431650.617, 108
Trd, 431651.700, 109
Trd, 431652.733, 100
Trd, 431653.200, 114
Trd, 431655.917, 111
Trd, 431658.400, 102
Trd, 431658.433, 100
Trd, 431658.767, 105
Trd, 431660.650, 99
Trd, 431660.717, 107
Trd, 431663.067, 110
Trd, 431664.667, 115
Trd, 431664.750, 106
Trd, 431665.917, 100
Trd, 431667.617, 105
Trd, 431668.017, 98
Trd, 431668.083, 95
Trd, 431668.533, 103
Trd, 431668.700, 111
Trd, 431669.483, 94
Trd, 431671.883, 87
Trd, 431672.083, 105
Trd, 431675.417, 102
Trd, 431675.533, 100
Trd, 431676.050, 117
Trd, 431676.633, 93
Trd, 431677.633, 114
Trd, 431678.033, 89
Trd, 431678.200, 108
Trd, 431679.733, 96
Trd, 431680.900, 89
Trd, 431681.183, 91
Trd, 431681.283, 95
Trd, 431681.533, 82
Trd, 431681.650, 114
Trd, 431683.083, 107
Trd, 431683.900, 111
Trd, 431685.133, 115
Trd, 431685.600, 107
Trd, 431685.917, 120
Trd, 431687.383, 91
Trd, 431688.700, 104
Trd, 431690.017, 100
Trd, 431691.200, 103
Trd, 431691.500, 104
Trd, 431691.683, 105
Trd, 431692.083, 96
Trd, 431693.300, 100
Trd, 431693.617, 100
Trd, 431694.200, 97
Trd, 431696.200, 92
Trd, 431696.350, 111
Trd, 431696.750, 120
Trd, 431697.067, 95
Trd, 431699.383, 108
Trd, 431699.700, 115
Trd, 431699.867, 103
Trd, 431700.317, 120
Trd, 431702.300, 106
Trd, 431702.633, 112
Trd, 431703.000, 88
Trd, 431705.017, 104
Trd, 431705.150, 98
Trd, 431705.900, 96
Trd, 431706.717, 108
Trd, 431706.733, 96
Trd, 431707.683, 108
Trd, 431709.433, 92
Trd, 431710.517, 105
Trd, 431712.050, 116
Trd, 431712.417, 101
Trd, 431713.783, 102
Trd, 431714.217, 88
Trd, 431714.833, 102
Trd, 431714.967, 103
Trd, 431717.700, 109
Trd, 431717.800, 105
Trd, 431718.017, 90
Trd, 431719.100, 89
Trd, 431719.917, 104
Trd, 431720.250, 107
Trd, 431721.583, 85
Trd, 431721.883, 103
Trd, 431722.350, 109
Trd, 431723.117, 115
Trd, 431724.567, 95
Trd, 431724.833, 84
Trd, 431725.333, 81
Trd, 431725.467, 104
Trd, 431727.117, 108
Trd, 431730.250, 108
Trd, 431730.733, 118
Trd, 431731.983, 95
Trd, 431732.183, 101
Trd, 431734.567, 113
Trd, 431734.583, 119
Trd, 431734.783, 110
Trd, 431736.650, 94
Trd, 431736.717, 92
Trd, 431737.633, 103
Trd, 431739.183, 91
Trd, 431739.667, 100
Trd, 431741.883, 82
Trd, 431741.900, 102
Trd, 431742.850, 110
Trd, 431743.350, 108
Trd, 431743.700, 101
Trd, 431744.583, 120
Trd, 431745.317, 94
Trd, 431746.500, 104
Trd, 431746.867, 91
Trd, 431748.017, 109
Trd, 431748.817, 92
Trd, 431750.300, 88
Trd, 431751.450, 101
Trd, 431751.500, 111
Trd, 431753.683, 123
Trd, 431753.833, 99
Trd, 431754.750, 99
Trd, 431755.033, 96
Trd, 431756.150, 95
Trd, 431756.400, 106
Trd, 431758.650, 130
Trd, 431759.150, 121
Trd, 431760.683, 111
Trd, 431760.867, 100
Trd, 431761.183, 100
Trd, 431761.733, 105
Trd, 431762.333, 107
Trd, 431763.483, 91
Trd, 431763.667, 86
Trd, 431764.000, 105
Trd, 431764.133, 114
Trd, 431765.783, 102
Trd, 431765.867, 90
Trd, 431765.917, 88
Trd, 431766.733, 105
Trd, 431768.550, 117
Trd, 431768.900, 121
Trd, 431769.067, 103
Trd, 431769.800, 111
Trd, 431772.533, 92
Trd, 431773.350, 98
Trd, 431773.617, 110
Trd, 431774.083, 111
Trd, 431775.200, 98
Trd, 431775.450, 98
Trd, 431776.683, 113
Trd, 431778.117, 100
Trd, 431780.417, 97
Trd, 431781.000, 101
Trd, 431781.500, 89
Trd, 431781.533, 84
Trd, 431782.250, 97
Trd, 431783.600, 90
Trd, 431784.633, 109
Trd, 431785.733, 109
Trd, 431790.433, 112
Trd, 431791.267, 104
Trd, 431791.500, 105
Trd, 431792.267, 110
Trd, 431794.617, 106
Trd, 431794.850, 105
Trd, 431795.667, 104
Trd, 431795.850, 93
Trd, 431796.067, 91
Trd, 431797.833, 87
Trd, 431798.533, 100
Trd, 431799.750, 108
Trd, 431802.833, 109
Trd, 431803.900, 103
Trd, 431804.283, 99
Trd, 431805.167, 106
Trd, 431806.983, 88
Trd, 431807.067, 100
Trd, 431808.383, 104
Trd, 431808.683, 107
Trd, 431810.167, 96
Trd, 431811.217, 102
Trd, 431811.283, 119
Trd, 431811.617, 108
Trd, 431813.283, 99
Trd, 431813.833, 111
Trd, 431814.467, 119
Trd, 431814.667, 113
Trd, 431815.250, 99
Trd, 431815.433, 95
Trd, 431817.117, 109
Trd, 431818.933, 106
Trd, 431819.100, 114
Trd, 431819.517, 91
Trd, 431819.867, 88
Trd, 431822.167, 104
Trd, 431822.200, 100
Trd, 431823.767, 122
Trd, 431825.850, 112
Trd, 431826.017, 122
Trd, 431826.433, 104
Trd, 431826.783, 102
Trd, 431828.217, 110
Trd, 431829.417, 113
Trd, 431829.450, 110
Trd, 431830.533, 121
Trd, 431831.267, 90
Trd, 431833.483, 98
Trd, 431836.333, 93
Trd, 431836.467, 82
Trd, 431836.733, 75
Trd, 431838.167, 103
Trd, 431838.750, 104
Trd, 431840.517, 92
Trd, 431840.783, 101
Trd, 431841.800, 93
Trd, 431841.983, 95
Trd, 431842.200, 88
Trd, 431843.117, 104
Trd, 431845.017, 99
Trd, 431845.150, 126
Trd, 431845.433, 101
Trd, 431846.850, 88
Trd, 431847.517, 117
Trd, 431848.067, 92
Trd, 431848.150, 91
Trd, 431848.667, 109
Trd, 431849.967, 118
Trd, 431851.983, 106
Trd, 431852.000, 103
Trd, 431853.383, 96
Trd, 431854.433, 97
Trd, 431855.000, 93
Trd, 431857.033, 86
Trd, 431858.550, 95
Trd, 431858.867, 77
Trd, 431860.133, 108
Trd, 431861.750, 108
Trd, 431863.733, 101
Trd, 431864.567, 93
Trd, 431864.733, 106
Trd, 431864.800, 110
Trd, 431864.817, 91
Trd, 431866.917, 99
Trd, 431868.233, 99
Trd, 431868.717, 108
Trd, 431871.767, 86
Trd, 431872.050, 114
Trd, 431872.300, 122
Trd, 431872.417, 101
Trd, 431872.600, 88
Trd, 431873.250, 123
Trd, 431873.333, 109
Trd, 431875.017, 85
Trd, 431875.267, 95
Trd, 431875.967, 100
Trd, 431876.917, 90
Trd, 431877.300, 121
Trd, 431879.867, 107
Trd, 431883.600, 119
Trd, 431884.133, 114
Trd, 431884.283, 108
Trd, 431884.500, 113
Trd, 431885.650, 98
Trd, 431886.083, 98
Trd, 431886.283, 100
Trd, 431886.617, 107
Trd, 431886.650, 103
Trd, 431887.167, 97
Trd, 431888.800, 82
Trd, 431889.250, 108
Trd, 431890.583, 109
Trd, 431891.033, 105
Trd, 431891.783, 102
Trd, 431892.850, 113
Trd, 431895.150, 117
Trd, 431895.667, 108
Trd, 431896.917, 115
Trd, 431897.950, 118
Trd, 431898.350, 96
Trd, 431899.133, 102
Trd, 431900.117, 116
Trd, 431900.800, 116
Trd, 431900.983, 116
Trd, 431902.000, 117
Trd, 431903.083, 112
Trd, 431903.183, 108
Trd, 431903.933, 109
Trd, 431905.633, 99
Trd, 431906.667, 117
Trd, 431907.417, 93
Trd, 431909.200, 110
Trd, 431910.100, 87
Trd, 431910.617, 98
Trd, 431910.800, 99
Trd, 431913.333, 81
Trd, 431913.350, 95
Trd, 431913.717, 99
Trd, 431913.900, 105
Trd, 431914.467, 101
Trd, 431915.700, 110
Trd, 431915.983, 98
Trd, 431916.283, 104
Trd, 431917.667, 90
Trd, 431918.633, 88
Trd, 431919.150, 105
Trd, 431922.133, 104
Trd, 431922.250, 102
Trd, 431925.083, 100
Trd, 431925.267, 94
Trd, 431925.333, 92
Trd, 431925.417, 102
Trd, 431926.683, 95
Trd, 431926.817, 96
Trd, 431927.433, 101
Trd, 431927.850, 120
Trd, 431928.267, 118
Trd, 431928.983, 115
Trd, 431933.500, 101
Trd, 431934.050, 105
Trd, 431934.733, 98
Trd, 431935.583, 93
Trd, 431935.850, 91
Trd, 431936.000, 103
Trd, 431937.700, 103
Trd, 431938.500, 86
Trd, 431939.200, 100
Trd, 431940.267, 104
Trd, 431940.450, 105
Trd, 431942.017, 119
Trd, 431942.300, 125
Trd, 431943.117, 112
Trd, 431943.350, 117
Trd, 431945.050, 104
Trd, 431945.350, 124
Trd, 431945.400, 101
Trd, 431946.217, 109
Trd, 431947.200, 100
Trd, 431947.817, 88
Trd, 431948.450, 93
Trd, 431950.650, 98
Trd, 431951.583, 118
Trd, 431951.967, 89
Trd, 431952.367, 82
Trd, 431956.050, 91
Trd, 431956.400, 108
Trd, 431957.450, 89
Trd, 431958.800, 105
Trd, 431958.817, 96
Trd, 431959.683, 111
Trd, 431961.400, 104
Trd, 431961.633, 102
Trd, 431963.750, 116
Trd, 431964.183, 111
Trd, 431965.183, 117
Trd, 431965.600, 92
Trd, 431966.867, 108
Trd, 431967.883, 117
Trd, 431968.533, 106
Trd, 431969.083, 110
Trd, 431969.267, 92
Trd, 431969.767, 113
Trd, 431970.383, 96
Trd, 431970.533, 99
Trd, 431971.467, 98
Trd, 431974.117, 82
Trd, 431976.583, 109
Trd, 431978.167, 98
Trd, 431979.100, 98
Trd, 431980.817, 107
Trd, 431981.233, 106
Trd, 431981.400, 103
Trd, 431983.867, 106
Trd, 431984.383, 91
Trd, 431986.267, 112
Trd, 431986.517, 120
Trd, 431987.250, 103
Trd, 431987.483, 90
Trd, 431989.550, 90
Trd, 431989.733, 103
Trd, 431990.883, 108
Trd, 431991.683, 102
Trd, 431992.200, 110
Trd, 431992.933, 92
Trd, 431993.367, 90
Trd, 431993.867, 85
Trd, 431994.483, 96
Trd, 431996.300, 102
Trd, 431996.517, 110
Trd, 431996.533, 123
Trd, 431997.617, 98
Trd, 431998.833, 80
Trd, 431999.433, 102
Trd, 431999.467, 98
