Trd, 430593.483, 94
Trd, 430593.983, 93
Trd, 430595.133, 93
Trd, 430597.500, 80
Trd, 430598.133, 107
Trd, 430598.967, 106
Trd, 430599.400, 110
Trd, 430599.817, 96
Trd, 430599.850, 95
Trd, 430600.750, 106
Trd, 430601.300, 91
Trd, 430602.233, 103
Trd, 430602.367, 92
Trd, 430602.650, 91
Trd, 430604.550, 90
Trd, 430606.333, 96
Trd, 430607.367, 100
Trd, 430607.617, 101
Trd, 430608.817, 98
Trd, 430611.417, 91
Trd, 430612.150, 100
Trd, 430613.583, 102
Trd, 430613.600, 91
Trd, 430615.100, 90
Trd, 430615.300, 96
Trd, 430616.683, 97
Trd, 430617.367, 99
Trd, 430619.500, 112
Trd, 430619.583, 96
Trd, 430619.817, 96
Trd, 430620.400, 109
Trd, 430621.267, 97
Trd, 430621.600, 93
Trd, 430624.350, 100
Trd, 430625.017, 104
Trd, 430626.583, 105
Trd, 430627.033, 103
Trd, 430627.733, 117
Trd, 430628.250, 109
Trd, 430628.917, 111
Trd, 430629.783, 93
Trd, 430630.150, 109
Trd, 430633.667, 95
Trd, 430635.533, 102
Trd, 430636.633, 95
Trd, 430637.167, 90
Trd, 430638.567, 95
Trd, 430639.017, 95
Trd, 430639.117, 103
Trd, 430640.167, 99
Trd, 430641.200, 115
Trd, 430642.450, 113
Trd, 430642.683, 107
Trd, 430643.867, 94
Trd, 430644.050, 88
Trd, 430644.500, 87
Trd, 430645.217, 95
Trd, 430645.817, 109
Trd, 430646.800, 120
Trd, 430646.950, 94
Trd, 430647.900, 93
Trd, 430651.267, 92
Trd, 430652.000, 84
Trd, 430652.333, 104
Trd, 430652.733, 104
Trd, 430654.167, 111
Trd, 430656.700, 108
Trd, 430657.300, 90
Trd, 430657.533, 90
Trd, 430659.050, 101
Trd, 430659.617, 106
Trd, 430660.317, 107
Trd, 430660.717, 106
Trd, 430660.917, 102
Trd, 430661.383, 112
Trd, 430661.617, 98
Trd, 430664.167, 97
Trd, 430664.267, 94
Trd, 430665.150, 112
Trd, 430666.317, 91
Trd, 430666.700, 90
Trd, 430667.883, 97
Trd, 430668.333, 97
Trd, 430668.533, 101
Trd, 430668.883, 118
Trd, 430669.583, 88
Trd, 430669.933, 88
Trd, 430671.817, 108
Trd, 430671.900, 96
Trd, 430674.367, 97
Trd, 430675.917, 103
Trd, 430677.050, 117
Trd, 430677.283, 110
Trd, 430680.233, 95
Trd, 430680.767, 91
Trd, 430680.900, 94
Trd, 430682.100, 92
Trd, 430682.367, 90
Trd, 430683.383, 90
Trd, 430683.917, 100
Trd, 430683.933, 94
Trd, 430686.717, 105
Trd, 430688.267, 93
Trd, 430688.700, 102
Trd, 430688.850, 92
Trd, 430691.383, 102
Trd, 430692.250, 107
Trd, 430692.767, 93
Trd, 430692.917, 90
Trd, 430693.317, 90
Trd, 430693.517, 83
Trd, 430693.750, 98
Trd, 430694.233, 103
Trd, 430695.217, 104
Trd, 430695.417, 106
Trd, 430696.283, 81
Trd, 430697.200, 80
Trd, 430697.967, 93
Trd, 430699.117, 93
Trd, 430699.217, 95
Trd, 430700.167, 99
Trd, 430700.433, 98
Trd, 430701.200, 105
Trd, 430703.550, 92
Trd, 430703.800, 102
Trd, 430705.983, 107
Trd, 430706.133, 90
Trd, 430706.533, 87
Trd, 430707.300, 112
Trd, 430707.933, 109
Trd, 430708.150, 103
Trd, 430709.200, 95
Trd, 430709.867, 112
Trd, 430710.800, 101
Trd, 430711.983, 101
Trd, 430712.283, 95
Trd, 430713.750, 94
Trd, 430714.150, 93
Trd, 430715.133, 95
Trd, 430715.550, 95
Trd, 430715.917, 99
Trd, 430716.167, 93
Trd, 430717.633, 102
Trd, 430718.417, 111
Trd, 430719.467, 113
Trd, 430719.683, 101
Trd, 430721.050, 104
Trd, 430721.933, 95
Trd, 430722.250, 97
Trd, 430722.267, 92
Trd, 430723.633, 90
Trd, 430725.167, 87
Trd, 430725.783, 86
Trd, 430725.917, 81
Trd, 430726.100, 93
Trd, 430727.767, 92
Trd, 430730.983, 95
Trd, 430732.117, 102
Trd, 430732.167, 90
Trd, 430732.350, 88
Trd, 430733.950, 117
Trd, 430734.367, 85
Trd, 430734.450, 112
Trd, 430736.000, 107
Trd, 430736.083, 90
Trd, 430739.267, 105
Trd, 430739.667, 98
Trd, 430739.800, 104
Trd, 430740.150, 111
Trd, 430740.767, 96
Trd, 430743.350, 90
Trd, 430744.050, 103
Trd, 430745.333, 103
Trd, 430745.367, 97
Trd, 430746.850, 105
Trd, 430746.933, 95
Trd, 430747.750, 105
Trd, 430747.767, 88
Trd, 430748.700, 84
Trd, 430749.000, 85
Trd, 430749.600, 95
Trd, 430750.417, 117
Trd, 430753.167, 95
Trd, 430754.600, 114
Trd, 430754.833, 116
Trd, 430755.017, 110
Trd, 430755.650, 109
Trd, 430756.467, 90
Trd, 430758.550, 96
Trd, 430759.250, 118
Trd, 430760.767, 98
Trd, 430761.000, 89
Trd, 430761.650, 88
Trd, 430762.550, 99
Trd, 430763.883, 109
Trd, 430764.833, 114
Trd, 430767.517, 90
Trd, 430767.567, 89
Trd, 430767.750, 84
Trd, 430767.850, 93
Trd, 430768.233, 109
Trd, 430770.000, 108
Trd, 430770.500, 93
Trd, 430771.717, 97
Trd, 430773.550, 83
Trd, 430775.017, 77
Trd, 430776.383, 104
Trd, 430777.350, 106
Trd, 430777.567, 105
Trd, 430778.017, 101
Trd, 430780.583, 94
Trd, 430782.100, 94
Trd, 430782.217, 92
Trd, 430782.867, 95
Trd, 430782.933, 117
Trd, 430783.283, 99
Trd, 430783.350, 90
Trd, 430784.383, 95
Trd, 430785.350, 105
Trd, 430786.783, 100
Trd, 430788.533, 101
Trd, 430788.883, 96
Trd, 430789.217, 110
Trd, 430789.667, 95
Trd, 430790.800, 101
Trd, 430791.583, 93
Trd, 430792.050, 97
Trd, 430792.433, 92
Trd, 430793.233, 99
Trd, 430794.133, 114
Trd, 430795.317, 116
Trd, 430795.933, 88
Trd, 430796.633, 117
Trd, 430797.117, 104
Trd, 430799.083, 108
Trd, 430800.333, 101
Trd, 430801.417, 84
Trd, 430801.567, 82
Trd, 430802.317, 89
Trd, 430802.733, 88
Trd, 430802.767, 92
Trd, 430804.467, 96
Trd, 430804.700, 105
Trd, 430805.567, 110
Trd, 430805.783, 93
Trd, 430806.650, 95
Trd, 430808.367, 96
Trd, 430809.550, 120
Trd, 430813.917, 94
Trd, 430813.983, 96
Trd, 430814.117, 91
Trd, 430814.133, 90
Trd, 430815.050, 100
Trd, 430815.817, 92
Trd, 430816.883, 104
Trd, 430817.350, 90
Trd, 430818.333, 100
Trd, 430818.567, 91
Trd, 430818.800, 96
Trd, 430820.733, 93
Trd, 430823.017, 94
Trd, 430823.050, 97
Trd, 430824.017, 89
Trd, 430826.150, 102
Trd, 430827.500, 109
Trd, 430828.383, 92
Trd, 430829.200, 101
Trd, 430830.083, 95
Trd, 430830.617, 112
Trd, 430832.000, 100
Trd, 430832.117, 97
Trd, 430833.333, 105
Trd, 430833.517, 92
Trd, 430833.533, 90
Trd, 430834.083, 84
Trd, 430834.567, 105
Trd, 430835.750, 90
Trd, 430836.183, 91
Trd, 430838.300, 100
Trd, 430839.900, 100
Trd, 430839.933, 109
Trd, 430840.517, 93
Trd, 430841.567, 89
Trd, 430842.117, 95
Trd, 430842.700, 85
Trd, 430843.717, 87
Trd, 430845.200, 93
Trd, 430845.883, 102
Trd, 430846.767, 98
Trd, 430848.417, 91
Trd, 430849.733, 94
Trd, 430849.883, 98
Trd, 430850.000, 93
Trd, 430850.983, 103
Trd, 430851.783, 100
Trd, 430852.233, 90
Trd, 430853.817, 95
Trd, 430855.050, 98
Trd, 430855.767, 95
Trd, 430857.233, 100
Trd, 430858.700, 96
Trd, 430858.833, 97
Trd, 430860.550, 92
Trd, 430860.783, 90
Trd, 430861.333, 90
Trd, 430861.417, 93
Trd, 430861.600, 95
Trd, 430861.900, 115
Trd, 430863.767, 104
Trd, 430863.883, 99
Trd, 430864.767, 96
Trd, 430865.100, 94
Trd, 430865.750, 110
Trd, 430867.617, 118
Trd, 430869.183, 111
Trd, 430870.033, 105
Trd, 430871.700, 98
Trd, 430873.217, 106
Trd, 430873.350, 96
Trd, 430875.100, 101
Trd, 430876.467, 92
Trd, 430876.500, 95
Trd, 430876.600, 104
Trd, 430877.283, 105
Trd, 430878.983, 88
Trd, 430879.117, 85
Trd, 430879.917, 106
Trd, 430881.567, 91
Trd, 430884.533, 115
Trd, 430885.317, 104
Trd, 430885.983, 101
Trd, 430886.050, 90
Trd, 430886.733, 97
Trd, 430886.833, 95
Trd, 430887.983, 111
Trd, 430888.000, 105
Trd, 430888.500, 93
Trd, 430889.850, 93
Trd, 430890.783, 91
Trd, 430891.283, 93
Trd, 430893.617, 95
Trd, 430893.983, 92
Trd, 430894.217, 103
Trd, 430897.550, 106
Trd, 430897.900, 95
Trd, 430899.483, 101
Trd, 430900.000, 97
Trd, 430900.383, 95
Trd, 430902.317, 95
Trd, 430902.350, 93
Trd, 430902.450, 95
Trd, 430903.983, 105
Trd, 430904.083, 90
Trd, 430904.100, 106
Trd, 430904.967, 97
Trd, 430905.583, 117
Trd, 430905.633, 89
Trd, 430910.183, 93
Trd, 430910.567, 91
Trd, 430911.050, 87
Trd, 430911.483, 105
Trd, 430913.050, 101
Trd, 430913.433, 98
Trd, 430913.667, 96
Trd, 430913.750, 94
Trd, 430914.000, 94
Trd, 430915.100, 94
Trd, 430915.300, 90
Trd, 430916.600, 92
Trd, 430916.933, 93
Trd, 430917.267, 98
Trd, 430919.417, 101
Trd, 430919.750, 92
Trd, 430920.133, 106
Trd, 430920.517, 93
Trd, 430921.450, 86
Trd, 430923.233, 98
Trd, 430923.250, 90
Trd, 430926.517, 107
Trd, 430926.633, 95
Trd, 430927.233, 92
Trd, 430929.567, 101
Trd, 430929.967, 77
Trd, 430930.633, 79
Trd, 430931.867, 74
Trd, 430933.683, 100
Trd, 430934.417, 100
Trd, 430934.583, 95
Trd, 430935.533, 118
Trd, 430937.333, 108
Trd, 430937.850, 95
Trd, 430938.633, 95
Trd, 430939.317, 104
Trd, 430939.933, 89
Trd, 430940.533, 113
Trd, 430941.367, 104
Trd, 430943.683, 105
Trd, 430944.600, 107
Trd, 430945.167, 91
Trd, 430945.583, 106
Trd, 430946.267, 98
Trd, 430947.700, 101
Trd, 430948.583, 94
Trd, 430948.983, 93
Trd, 430950.283, 94
Trd, 430950.650, 81
Trd, 430952.683, 90
Trd, 430953.050, 96
Trd, 430953.267, 93
Trd, 430954.233, 97
Trd, 430956.100, 97
Trd, 430956.333, 92
Trd, 430958.917, 96
Trd, 430959.000, 97
Trd, 430960.517, 108
Trd, 430960.883, 93
Trd, 430961.233, 90
Trd, 430963.283, 100
Trd, 430963.717, 106
Trd, 430964.400, 95
Trd, 430964.833, 96
Trd, 430965.850, 105
Trd, 430966.817, 96
Trd, 430967.283, 94
Trd, 430967.333, 92
Trd, 430967.633, 99
Trd, 430968.383, 95
Trd, 430970.417, 97
Trd, 430970.850, 101
Trd, 430971.367, 93
Trd, 430974.183, 90
Trd, 430974.783, 97
Trd, 430975.900, 99
Trd, 430976.617, 94
Trd, 430976.867, 100
Trd, 430976.967, 92
Trd, 430979.083, 105
Trd, 430980.133, 93
Trd, 430980.917, 98
Trd, 430984.433, 108
Trd, 430985.083, 107
Trd, 430985.483, 103
Trd, 430987.067, 94
Trd, 430988.700, 90
Trd, 430989.317, 111
Trd, 430989.517, 110
Trd, 430989.817, 95
Trd, 430990.667, 94
Trd, 430991.667, 98
Trd, 430992.783, 96
Trd, 430995.417, 93
Trd, 430996.617, 93
Trd, 430997.733, 90
Trd, 430999.367, 89
Trd, 430999.950, 91
Trd, 431002.100, 92
Trd, 431002.650, 104
Trd, 431003.000, 95
Trd, 431003.833, 91
Trd, 431004.500, 103
Trd, 431004.933, 108
Trd, 431004.950, 101
Trd, 431006.433, 102
Trd, 431006.617, 101
Trd, 431006.767, 100
Trd, 431007.717, 111
Trd, 431007.967, 105
Trd, 431008.867, 95
Trd, 431010.067, 93
Trd, 431011.650, 114
Trd, 431013.250, 108
Trd, 431013.567, 113
Trd, 431013.667, 108
Trd, 431014.417, 105
Trd, 431015.483, 110
Trd, 431018.350, 99
Trd, 431019.800, 99
Trd, 431020.417, 100
Trd, 431020.500, 98
Trd, 431022.917, 109
Trd, 431023.683, 107
Trd, 431025.500, 96
Trd, 431026.317, 109
Trd, 431026.483, 112
Trd, 431026.967, 97
Trd, 431027.350, 99
Trd, 431029.233, 92
Trd, 431029.967, 91
Trd, 431030.167, 111
Trd, 431030.833, 91
Trd, 431031.583, 92
Trd, 431032.650, 98
Trd, 431033.933, 91
Trd, 431034.117, 98
Trd, 431036.617, 95
Trd, 431036.850, 100
Trd, 431037.033, 110
Trd, 431037.667, 84
Trd, 431038.383, 101
Trd, 431040.867, 109
Trd, 431041.167, 93
Trd, 431043.100, 92
Trd, 431044.650, 98
Trd, 431045.067, 90
Trd, 431045.317, 106
Trd, 431046.783, 95
Trd, 431047.150, 93
Trd, 431047.633, 100
Trd, 431048.850, 98
Trd, 431049.533, 91
Trd, 431049.550, 106
Trd, 431050.383, 98
Trd, 431051.250, 87
Trd, 431052.000, 82
Trd, 431053.417, 98
Trd, 431053.833, 97
Trd, 431054.267, 93
Trd, 431054.617, 108
Trd, 431055.317, 80
Trd, 431056.017, 88
Trd, 431056.883, 89
Trd, 431057.067, 98
Trd, 431061.317, 97
Trd, 431062.717, 101
Trd, 431062.933, 110
Trd, 431063.100, 97
Trd, 431063.300, 91
Trd, 431063.700, 104
Trd, 431064.233, 112
Trd, 431064.333, 93
Trd, 431065.800, 107
Trd, 431066.050, 93
Trd, 431067.117, 108
Trd, 431069.050, 113
Trd, 431069.067, 96
Trd, 431070.200, 111
Trd, 431070.233, 110
Trd, 431070.433, 117
Trd, 431071.967, 105
Trd, 431073.400, 105
Trd, 431074.350, 90
Trd, 431075.350, 100
Trd, 431076.600, 89
Trd, 431076.767, 106
Trd, 431078.750, 92
Trd, 431079.350, 88
Trd, 431079.700, 96
Trd, 431079.983, 85
Trd, 431082.450, 106
Trd, 431082.683, 91
Trd, 431085.300, 94
Trd, 431085.600, 90
Trd, 431086.600, 94
Trd, 431087.367, 113
Trd, 431088.017, 95
Trd, 431088.117, 95
Trd, 431088.900, 118
Trd, 431090.000, 90
Trd, 431092.433, 97
Trd, 431092.633, 90
Trd, 431093.633, 87
Trd, 431094.033, 92
Trd, 431095.233, 90
Trd, 431095.433, 95
Trd, 431095.917, 94
Trd, 431097.083, 103
Trd, 431097.367, 89
Trd, 431099.083, 97
Trd, 431100.017, 95
Trd, 431100.767, 96
Trd, 431100.783, 97
Trd, 431100.817, 106
Trd, 431101.683, 105
Trd, 431103.533, 93
Trd, 431103.917, 101
Trd, 431105.183, 98
Trd, 431106.217, 101
Trd, 431106.750, 102
Trd, 431109.150, 92
Trd, 431109.567, 105
Trd, 431110.083, 97
Trd, 431111.583, 86
Trd, 431111.617, 82
Trd, 431113.317, 104
Trd, 431113.467, 81
Trd, 431113.767, 105
Trd, 431114.133, 96
Trd, 431115.533, 88
Trd, 431117.833, 93
Trd, 431118.233, 94
Trd, 431118.533, 96
Trd, 431120.000, 107
Trd, 431120.500, 104
Trd, 431121.067, 93
Trd, 431121.333, 95
Trd, 431124.150, 99
Trd, 431124.467, 108
Trd, 431124.550, 113
Trd, 431125.800, 93
Trd, 431127.317, 99
Trd, 431129.317, 103
Trd, 431129.750, 95
Trd, 431130.450, 95
Trd, 431132.233, 91
Trd, 431132.600, 120
Trd, 431133.633, 90
Trd, 431134.317, 98
Trd, 431135.150, 104
Trd, 431135.317, 97
Trd, 431135.400, 96
Trd, 431136.267, 105
Trd, 431138.267, 100
Trd, 431138.517, 100
Trd, 431138.850, 99
Trd, 431140.483, 119
Trd, 431140.550, 119
Trd, 431141.417, 90
Trd, 431142.150, 92
Trd, 431142.500, 92
Trd, 431142.800, 91
Trd, 431142.900, 90
Trd, 431143.417, 93
Trd, 431145.150, 93
Trd, 431145.567, 102
Trd, 431147.400, 89
Trd, 431147.667, 102
Trd, 431149.017, 95
Trd, 431149.200, 85
Trd, 431150.067, 106
Trd, 431151.000, 90
Trd, 431152.100, 91
Trd, 431153.067, 100
Trd, 431153.417, 98
Trd, 431153.917, 116
Trd, 431154.017, 85
Trd, 431155.050, 87
Trd, 431155.133, 106
Trd, 431155.800, 96
Trd, 431157.900, 108
Trd, 431158.800, 90
Trd, 431159.700, 89
Trd, 431160.433, 82
Trd, 431160.650, 90
Trd, 431162.167, 103
Trd, 431164.200, 111
Trd, 431165.200, 110
Trd, 431165.517, 95
Trd, 431168.217, 99
Trd, 431168.667, 95
Trd, 431170.467, 98
Trd, 431170.850, 93
Trd, 431171.583, 90
Trd, 431172.100, 90
Trd, 431172.517, 90
Trd, 431172.767, 95
Trd, 431172.983, 95
Trd, 431173.100, 91
Trd, 431174.717, 108
Trd, 431175.800, 102
Trd, 431175.950, 114
Trd, 431177.567, 98
Trd, 431177.950, 99
Trd, 431179.450, 101
Trd, 431180.017, 86
Trd, 431180.383, 103
Trd, 431180.917, 90
Trd, 431182.650, 99
Trd, 431184.133, 113
Trd, 431184.200, 89
Trd, 431184.383, 88
Trd, 431185.667, 108
Trd, 431185.967, 107
Trd, 431187.817, 102
Trd, 431188.283, 96
Trd, 431189.267, 102
Trd, 431189.433, 101
Trd, 431190.050, 105
Trd, 431190.267, 95
Trd, 431192.400, 99
Trd, 431192.717, 89
Trd, 431193.617, 87
Trd, 431194.200, 88
Trd, 431195.067, 107
Trd, 431195.617, 108
Trd, 431195.650, 110
Trd, 431196.050, 94
Trd, 431198.767, 107
Trd, 431198.800, 97
Trd, 431198.933, 105
Trd, 431199.417, 89
Trd, 431200.267, 92
Trd, 431202.233, 101
Trd, 431202.617, 95
Trd, 431202.783, 95
Trd, 431203.017, 88
Trd, 431203.050, 87
Trd, 431206.200, 88
Trd, 431207.333, 81
Trd, 431208.400, 97
Trd, 431209.317, 98
Trd, 431209.517, 95
Trd, 431209.850, 95
Trd, 431210.983, 90
Trd, 431211.183, 84
Trd, 431211.867, 86
Trd, 431213.033, 87
Trd, 431213.233, 104
Trd, 431214.633, 91
Trd, 431215.067, 101
Trd, 431217.217, 103
Trd, 431218.783, 110
Trd, 431218.983, 104
Trd, 431220.083, 117
Trd, 431220.967, 90
Trd, 431222.367, 92
Trd, 431222.783, 117
Trd, 431223.650, 92
Trd, 431223.683, 90
Trd, 431223.717, 89
Trd, 431224.233, 100
Trd, 431226.250, 110
Trd, 431226.600, 111
Trd, 431227.150, 108
Trd, 431227.333, 95
Trd, 431228.433, 95
Trd, 431230.900, 93
Trd, 431231.367, 89
Trd, 431232.533, 102
Trd, 431233.433, 104
Trd, 431233.850, 95
Trd, 431234.583, 106
Trd, 431235.400, 99
Trd, 431235.700, 90
Trd, 431236.967, 91
Trd, 431238.233, 87
Trd, 431238.250, 89
Trd, 431239.383, 88
Trd, 431240.200, 93
Trd, 431242.150, 104
Trd, 431243.350, 112
Trd, 431243.617, 104
Trd, 431244.033, 100
Trd, 431244.383, 94
Trd, 431245.383, 90
Trd, 431246.250, 119
Trd, 431246.300, 117
Trd, 431247.933, 98
Trd, 431249.883, 90
Trd, 431250.617, 102
Trd, 431251.417, 103
Trd, 431251.683, 113
Trd, 431251.817, 97
Trd, 431252.300, 97
Trd, 431253.133, 102
Trd, 431255.833, 105
Trd, 431256.517, 101
Trd, 431260.017, 100
Trd, 431260.217, 99
Trd, 431260.700, 96
Trd, 431260.783, 103
Trd, 431261.300, 102
Trd, 431262.483, 97
Trd, 431262.800, 94
Trd, 431263.183, 90
Trd, 431263.850, 91
Trd, 431264.983, 105
Trd, 431265.583, 89
Trd, 431266.233, 103
Trd, 431267.233, 92
Trd, 431268.300, 107
Trd, 431270.700, 81
Trd, 431270.850, 80
Trd, 431272.167, 80
Trd, 431272.650, 81
Trd, 431273.550, 77
Trd, 431274.517, 95
Trd, 431276.017, 100
Trd, 431276.250, 92
Trd, 431276.283, 108
Trd, 431277.000, 117
Trd, 431277.233, 102
Trd, 431277.400, 99
Trd, 431279.517, 110
Trd, 431279.767, 91
Trd, 431279.933, 115
Trd, 431280.917, 95
Trd, 431281.200, 100
Trd, 431283.550, 100
Trd, 431284.717, 97
Trd, 431286.317, 114
Trd, 431286.700, 96
Trd, 431289.150, 95
Trd, 431289.200, 117
Trd, 431290.033, 92
Trd, 431290.217, 87
Trd, 431290.983, 95
Trd, 431291.967, 88
Trd, 431291.983, 87
Trd, 431292.700, 89
Trd, 431293.883, 91
Trd, 431294.250, 93
Trd, 431294.300, 90
Trd, 431294.917, 116
Trd, 431296.700, 83
Trd, 431300.383, 91
Trd, 431301.500, 92
Trd, 431301.717, 93
Trd, 431301.783, 94
Trd, 431303.100, 90
Trd, 431304.233, 99
Trd, 431305.333, 99
Trd, 431305.600, 98
Trd, 431306.617, 90
Trd, 431306.983, 85
Trd, 431308.333, 100
Trd, 431308.850, 101
Trd, 431309.417, 96
Trd, 431311.067, 115
Trd, 431312.500, 91
Trd, 431312.800, 93
Trd, 431314.600, 95
Trd, 431314.733, 95
Trd, 431314.750, 92
Trd, 431315.183, 90
Trd, 431315.417, 100
Trd, 431316.783, 93
Trd, 431317.667, 107
Trd, 431318.450, 114
Trd, 431320.267, 104
Trd, 431320.400, 99
Trd, 431322.867, 97
Trd, 431323.133, 98
Trd, 431323.567, 93
Trd, 431324.600, 100
Trd, 431325.083, 99
Trd, 431325.350, 108
Trd, 431327.000, 120
Trd, 431328.583, 112
Trd, 431328.867, 107
Trd, 431330.067, 108
Trd, 431330.150, 103
Trd, 431330.417, 107
Trd, 431330.933, 109
Trd, 431331.483, 103
Trd, 431331.850, 90
Trd, 431332.533, 98
Trd, 431333.400, 87
Trd, 431334.750, 93
Trd, 431335.250, 92
Trd, 431337.917, 102
Trd, 431338.483, 99
Trd, 431339.333, 100
Trd, 431340.167, 91
Trd, 431342.017, 93
Trd, 431342.783, 96
Trd, 431343.133, 94
Trd, 431344.233, 92
Trd, 431344.317, 88
Trd, 431345.900, 107
Trd, 431346.083, 111
Trd, 431346.450, 93
Trd, 431346.933, 82
Trd, 431349.267, 105
Trd, 431351.583, 111
Trd, 431351.933, 101
Trd, 431353.050, 97
Trd, 431353.517, 103
Trd, 431353.817, 104
Trd, 431354.250, 100
Trd, 431354.717, 93
Trd, 431355.900, 94
Trd, 431357.633, 94
Trd, 431358.117, 90
Trd, 431360.000, 97
Trd, 431360.917, 95
Trd, 431363.250, 107
Trd, 431364.017, 97
Trd, 431364.400, 118
Trd, 431364.467, 97
Trd, 431365.550, 119
Trd, 431366.650, 99
Trd, 431367.167, 101
Trd, 431371.250, 98
Trd, 431372.983, 96
Trd, 431373.067, 94
Trd, 431374.117, 96
Trd, 431374.883, 95
Trd, 431374.900, 89
Trd, 431375.317, 96
Trd, 431375.833, 112
Trd, 431377.417, 106
Trd, 431377.883, 115
Trd, 431378.167, 115
Trd, 431378.567, 92
Trd, 431379.450, 100
Trd, 431380.633, 98
Trd, 431380.800, 94
Trd, 431381.467, 115
Trd, 431382.033, 90
Trd, 431383.333, 104
Trd, 431383.433, 104
Trd, 431383.650, 106
Trd, 431384.433, 106
Trd, 431386.083, 108
Trd, 431386.200, 101
Trd, 431388.033, 96
Trd, 431388.283, 95
Trd, 431388.633, 104
Trd, 431388.733, 91
Trd, 431388.983, 89
Trd, 431389.017, 84
Trd, 431389.650, 115
Trd, 431390.067, 110
Trd, 431393.917, 89
Trd, 431394.133, 90
Trd, 431394.450, 90
Trd, 431396.500, 83
Trd, 431397.083, 103
Trd, 431400.233, 106
Trd, 431400.350, 94
Trd, 431401.317, 86
Trd, 431402.567, 85
Trd, 431402.867, 89
Trd, 431403.133, 82
Trd, 431403.633, 102
Trd, 431405.233, 87
Trd, 431405.967, 97
Trd, 431408.167, 95
Trd, 431409.433, 92
Trd, 431410.000, 91
Trd, 431410.050, 90
Trd, 431410.383, 94
Trd, 431410.400, 95
Trd, 431410.867, 118
Trd, 431410.900, 88
Trd, 431411.683, 86
Trd, 431411.967, 86
Trd, 431413.167, 93
Trd, 431415.600, 110
Trd, 431415.817, 100
Trd, 431416.900, 109
Trd, 431417.867, 109
Trd, 431420.017, 110
Trd, 431420.100, 111
Trd, 431420.500, 102
Trd, 431422.967, 95
Trd, 431423.200, 96
Trd, 431424.067, 93
Trd, 431424.833, 99
Trd, 431427.033, 93
Trd, 431427.300, 90
Trd, 431427.450, 94
Trd, 431427.517, 89
Trd, 431428.217, 93
Trd, 431429.367, 88
Trd, 431429.817, 96
Trd, 431430.467, 94
Trd, 431431.650, 96
Trd, 431435.400, 92
Trd, 431435.867, 93
Trd, 431438.267, 99
Trd, 431438.767, 113
Trd, 431439.950, 103
Trd, 431440.100, 102
Trd, 431440.567, 106
Trd, 431440.733, 96
Trd, 431441.217, 92
Trd, 431444.083, 117
Trd, 431444.633, 111
Trd, 431445.600, 100
Trd, 431445.750, 104
Trd, 431447.600, 111
Trd, 431448.750, 120
Trd, 431450.783, 96
Trd, 431450.800, 92
Trd, 431450.917, 91
Trd, 431451.183, 111
Trd, 431452.233, 95
Trd, 431452.783, 94
Trd, 431453.450, 110
Trd, 431454.550, 90
Trd, 431455.483, 102
Trd, 431456.100, 104
Trd, 431456.300, 106
Trd, 431456.833, 98
Trd, 431456.883, 102
Trd, 431457.300, 93
Trd, 431459.250, 98
Trd, 431459.333, 100
Trd, 431459.850, 92
Trd, 431461.317, 101
Trd, 431461.983, 117
Trd, 431462.433, 93
Trd, 431463.250, 110
Trd, 431463.600, 94
Trd, 431464.150, 90
Trd, 431469.750, 95
Trd, 431470.367, 92
Trd, 431470.500, 98
Trd, 431470.717, 91
Trd, 431472.200, 106
Trd, 431472.283, 95
Trd, 431473.133, 90
Trd, 431474.583, 100
Trd, 431475.850, 112
Trd, 431475.867, 110
Trd, 431476.083, 102
Trd, 431476.600, 117
Trd, 431478.017, 92
Trd, 431481.517, 105
Trd, 431482.000, 93
Trd, 431482.800, 102
Trd, 431484.917, 95
Trd, 431485.567, 100
Trd, 431486.817, 92
Trd, 431487.183, 92
Trd, 431487.550, 91
Trd, 431488.117, 105
Trd, 431488.300, 94
Trd, 431488.783, 100
Trd, 431489.233, 98
Trd, 431489.400, 101
Trd, 431491.283, 105
Trd, 431495.067, 105
Trd, 431495.417, 101
Trd, 431495.900, 98
Trd, 431496.700, 89
Trd, 431498.067, 95
Trd, 431498.850, 94
Trd, 431499.917, 90
Trd, 431500.200, 93
Trd, 431500.400, 82
Trd, 431501.150, 104
Trd, 431502.700, 91
Trd, 431503.500, 103
Trd, 431505.050, 91
Trd, 431506.017, 96
Trd, 431507.017, 94
Trd, 431507.233, 95
Trd, 431509.100, 100
Trd, 431509.700, 92
Trd, 431510.017, 91
Trd, 431512.250, 96
Trd, 431513.417, 100
Trd, 431513.750, 96
Trd, 431516.683, 91
Trd, 431517.067, 92
Trd, 431517.617, 89
Trd, 431517.800, 99
Trd, 431518.683, 100
Trd, 431519.700, 120
Trd, 431520.067, 110
Trd, 431520.333, 94
Trd, 431520.733, 92
Trd, 431521.450, 91
Trd, 431521.817, 88
Trd, 431522.033, 96
Trd, 431522.717, 95
Trd, 431524.333, 101
Trd, 431524.633, 108
Trd, 431525.200, 110
Trd, 431525.617, 91
Trd, 431526.500, 94
Trd, 431530.100, 91
Trd, 431531.900, 111
Trd, 431532.300, 100
Trd, 431532.417, 108
Trd, 431532.567, 93
Trd, 431534.633, 91
Trd, 431535.850, 90
Trd, 431536.083, 93
Trd, 431537.133, 90
Trd, 431537.250, 96
Trd, 431537.867, 92
Trd, 431538.933, 101
Trd, 431540.400, 88
Trd, 431540.967, 117
Trd, 431541.467, 114
Trd, 431542.000, 100
Trd, 431543.950, 108
Trd, 431543.983, 103
Trd, 431544.683, 89
Trd, 431545.767, 97
Trd, 431546.683, 92
Trd, 431547.033, 91
Trd, 431547.500, 81
Trd, 431547.817, 85
Trd, 431548.733, 94
Trd, 431549.383, 85
Trd, 431551.817, 91
Trd, 431552.733, 93
Trd, 431553.200, 97
Trd, 431553.367, 91
Trd, 431555.050, 102
Trd, 431556.717, 105
Trd, 431557.700, 103
Trd, 431557.900, 101
Trd, 431559.883, 92
Trd, 431561.433, 97
Trd, 431563.100, 88
Trd, 431563.133, 85
Trd, 431563.250, 108
Trd, 431564.867, 89
Trd, 431565.150, 96
Trd, 431565.933, 91
Trd, 431566.267, 107
Trd, 431566.900, 104
Trd, 431567.183, 91
Trd, 431569.733, 115
Trd, 431569.783, 96
Trd, 431570.567, 93
Trd, 431570.667, 97
Trd, 431571.267, 93
Trd, 431572.000, 89
Trd, 431572.600, 119
Trd, 431573.283, 110
Trd, 431573.433, 84
Trd, 431574.700, 100
Trd, 431575.567, 113
Trd, 431576.317, 91
Trd, 431580.100, 106
Trd, 431580.267, 109
Trd, 431580.283, 111
Trd, 431582.167, 93
Trd, 431582.433, 95
Trd, 431583.217, 90
Trd, 431584.350, 95
Trd, 431584.917, 100
Trd, 431586.000, 95
Trd, 431586.533, 99
Trd, 431586.717, 86
Trd, 431587.350, 91
Trd, 431589.000, 118
Trd, 431590.050, 99
Trd, 431591.367, 104
Trd, 431592.850, 89
Trd, 431593.950, 108
Trd, 431596.283, 90
Trd, 431596.717, 88
Trd, 431596.733, 105
Trd, 431597.717, 97
Trd, 431599.383, 85
Trd, 431599.400, 86
Trd, 431599.950, 88
Trd, 431602.383, 114
Trd, 431603.550, 114
Trd, 431604.083, 107
Trd, 431604.833, 98
Trd, 431605.433, 100
Trd, 431605.500, 114
Trd, 431606.650, 94
Trd, 431607.700, 102
Trd, 431608.933, 101
Trd, 431609.700, 92
Trd, 431610.333, 100
Trd, 431611.583, 89
Trd, 431612.600, 105
Trd, 431613.067, 94
Trd, 431615.567, 105
Trd, 431616.800, 92
Trd, 431617.283, 100
Trd, 431617.317, 91
Trd, 431617.350, 86
Trd, 431617.767, 105
Trd, 431621.800, 109
Trd, 431622.133, 111
Trd, 431624.150, 96
Trd, 431624.500, 96
Trd, 431624.550, 93
Trd, 431627.067, 82
Trd, 431627.867, 103
Trd, 431630.100, 99
Trd, 431630.300, 109
Trd, 431630.467, 94
Trd, 431631.617, 88
Trd, 431632.450, 86
Trd, 431632.800, 97
Trd, 431634.767, 112
Trd, 431634.950, 100
Trd, 431635.100, 94
Trd, 431635.317, 89
Trd, 431637.100, 108
Trd, 431638.550, 105
Trd, 431640.117, 90
Trd, 431640.483, 110
Trd, 431641.333, 106
Trd, 431641.717, 96
Trd, 431642.533, 113
Trd, 431643.667, 89
Trd, 431645.550, 88
Trd, 431646.650, 94
Trd, 431647.383, 95
Trd, 431647.867, 107
Trd, 431648.883, 117
Trd, 431649.633, 106
Trd, 431651.233, 91
Trd, 431653.533, 91
Trd, 431653.900, 89
Trd, 431655.417, 95
Trd, 431655.850, 105
Trd, 431657.150, 95
Trd, 431659.100, 102
Trd, 431659.117, 89
Trd, 431660.167, 101
Trd, 431661.217, 97
Trd, 431661.600, 99
Trd, 431662.283, 104
Trd, 431662.383, 90
Trd, 431664.350, 102
Trd, 431666.450, 95
Trd, 431666.800, 108
Trd, 431666.867, 107
Trd, 431668.383, 91
Trd, 431669.217, 116
Trd, 431670.017, 77
Trd, 431670.550, 95
Trd, 431671.050, 94
Trd, 431674.617, 109
Trd, 431675.617, 105
Trd, 431677.283, 99
Trd, 431677.617, 96
Trd, 431679.150, 115
Trd, 431679.300, 90
Trd, 431680.467, 104
Trd, 431680.750, 89
Trd, 431681.233, 97
Trd, 431682.000, 90
Trd, 431683.817, 90
Trd, 431685.083, 104
Trd, 431686.167, 82
Trd, 431686.583, 104
Trd, 431687.633, 104
Trd, 431687.750, 83
Trd, 431689.867, 114
Trd, 431690.800, 106
Trd, 431691.583, 120
Trd, 431692.733, 120
Trd, 431693.033, 99
Trd, 431694.833, 107
Trd, 431695.633, 84
Trd, 431696.383, 101
Trd, 431696.617, 96
Trd, 431696.683, 86
Trd, 431696.917, 89
Trd, 431697.583, 89
Trd, 431697.833, 83
Trd, 431698.250, 81
Trd, 431698.567, 84
Trd, 431700.833, 106
Trd, 431702.450, 100
Trd, 431706.267, 102
Trd, 431707.217, 103
Trd, 431708.017, 113
Trd, 431709.100, 101
Trd, 431710.800, 85
Trd, 431711.833, 99
Trd, 431712.167, 94
Trd, 431712.517, 92
Trd, 431713.583, 100
Trd, 431714.933, 90
Trd, 431716.750, 87
Trd, 431717.083, 92
Trd, 431717.400, 87
Trd, 431718.917, 86
Trd, 431719.050, 89
Trd, 431719.233, 90
Trd, 431720.483, 96
Trd, 431722.550, 93
Trd, 431723.150, 97
Trd, 431724.550, 94
Trd, 431725.733, 105
Trd, 431726.350, 104
Trd, 431727.250, 111
Trd, 431727.833, 96
Trd, 431727.850, 95
Trd, 431729.500, 90
Trd, 431729.567, 94
Trd, 431729.700, 88
Trd, 431731.067, 100
Trd, 431731.133, 108
Trd, 431731.767, 109
Trd, 431734.717, 105
Trd, 431734.983, 111
Trd, 431736.767, 103
Trd, 431737.800, 92
Trd, 431739.783, 98
Trd, 431740.450, 113
Trd, 431740.950, 95
Trd, 431741.117, 97
Trd, 431742.767, 117
Trd, 431744.500, 103
Trd, 431744.683, 93
Trd, 431744.950, 93
Trd, 431745.100, 92
Trd, 431746.983, 98
Trd, 431748.067, 105
Trd, 431749.467, 115
Trd, 431750.933, 119
Trd, 431751.200, 120
Trd, 431751.617, 109
Trd, 431752.617, 111
Trd, 431753.983, 93
Trd, 431754.450, 108
Trd, 431755.550, 103
Trd, 431755.700, 90
Trd, 431755.900, 87
Trd, 431757.167, 90
Trd, 431757.717, 88
Trd, 431758.367, 91
Trd, 431758.667, 94
Trd, 431759.283, 94
Trd, 431759.767, 96
Trd, 431760.483, 90
Trd, 431760.950, 86
Trd, 431763.400, 90
Trd, 431763.467, 96
Trd, 431764.650, 103
Trd, 431765.083, 104
Trd, 431765.833, 111
Trd, 431766.483, 111
Trd, 431768.867, 100
Trd, 431771.033, 97
Trd, 431772.017, 92
Trd, 431772.233, 93
Trd, 431773.150, 91
Trd, 431773.683, 96
Trd, 431774.783, 95
Trd, 431775.583, 100
Trd, 431776.850, 100
Trd, 431777.067, 97
Trd, 431778.050, 91
Trd, 431778.583, 105
Trd, 431781.467, 97
Trd, 431782.150, 98
Trd, 431783.867, 110
Trd, 431784.133, 109
Trd, 431785.667, 108
Trd, 431786.000, 99
Trd, 431787.150, 86
Trd, 431787.300, 83
Trd, 431787.333, 83
Trd, 431787.617, 104
Trd, 431788.000, 96
Trd, 431789.433, 102
Trd, 431790.250, 94
Trd, 431791.283, 111
Trd, 431791.850, 91
Trd, 431793.417, 96
Trd, 431793.567, 95
Trd, 431796.100, 91
Trd, 431796.583, 92
Trd, 431797.383, 94
Trd, 431797.450, 96
Trd, 431798.850, 107
Trd, 431800.550, 111
Trd, 431800.650, 109
Trd, 431802.400, 113
Trd, 431802.633, 114
Trd, 431803.733, 95
Trd, 431804.250, 99
Trd, 431805.133, 101
Trd, 431805.500, 107
Trd, 431806.017, 93
Trd, 431806.583, 89
Trd, 431807.100, 81
Trd, 431808.583, 89
Trd, 431810.050, 90
Trd, 431810.367, 91
Trd, 431810.483, 92
Trd, 431811.100, 84
Trd, 431812.967, 91
Trd, 431813.033, 90
Trd, 431813.667, 95
Trd, 431814.733, 94
Trd, 431816.917, 97
Trd, 431817.500, 104
Trd, 431817.517, 91
Trd, 431818.367, 88
Trd, 431819.750, 85
Trd, 431820.383, 102
Trd, 431821.583, 107
Trd, 431822.667, 108
Trd, 431822.900, 113
Trd, 431822.933, 106
Trd, 431823.667, 113
Trd, 431823.733, 98
Trd, 431824.933, 114
Trd, 431826.267, 96
Trd, 431827.300, 92
Trd, 431827.533, 92
Trd, 431827.817, 92
Trd, 431830.050, 97
Trd, 431830.117, 97
Trd, 431832.517, 99
Trd, 431832.650, 90
Trd, 431833.250, 119
Trd, 431834.433, 113
Trd, 431835.567, 93
Trd, 431835.817, 95
Trd, 431837.700, 94
Trd, 431840.333, 94
Trd, 431841.517, 96
Trd, 431842.583, 102
Trd, 431842.933, 92
Trd, 431842.950, 90
Trd, 431845.633, 89
Trd, 431845.700, 99
Trd, 431846.167, 89
Trd, 431846.433, 87
Trd, 431846.633, 81
Trd, 431849.183, 100
Trd, 431849.867, 96
Trd, 431849.883, 109
Trd, 431849.950, 91
Trd, 431850.250, 112
Trd, 431850.300, 90
Trd, 431850.383, 80
Trd, 431852.483, 88
Trd, 431854.600, 104
Trd, 431855.517, 95
Trd, 431856.017, 120
Trd, 431856.033, 92
Trd, 431857.850, 116
Trd, 431858.350, 115
Trd, 431858.617, 106
Trd, 431859.300, 99
Trd, 431860.600, 113
Trd, 431864.083, 97
Trd, 431864.867, 93
Trd, 431865.833, 89
Trd, 431866.950, 89
Trd, 431867.067, 95
Trd, 431867.900, 94
Trd, 431868.017, 81
Trd, 431868.167, 77
Trd, 431868.417, 79
Trd, 431868.600, 79
Trd, 431868.700, 73
Trd, 431869.117, 95
Trd, 431871.750, 85
Trd, 431873.333, 107
Trd, 431875.050, 91
Trd, 431875.067, 88
Trd, 431875.450, 98
Trd, 431877.517, 110
Trd, 431877.700, 114
Trd, 431878.283, 114
Trd, 431878.683, 101
Trd, 431880.283, 94
Trd, 431880.733, 113
Trd, 431882.067, 92
Trd, 431883.133, 90
Trd, 431884.400, 94
Trd, 431885.717, 95
Trd, 431886.450, 96
Trd, 431886.883, 111
Trd, 431888.900, 93
Trd, 431889.350, 90
Trd, 431889.833, 87
Trd, 431891.600, 92
Trd, 431892.433, 96
Trd, 431892.933, 95
Trd, 431893.100, 88
Trd, 431893.250, 101
Trd, 431896.200, 91
Trd, 431897.100, 104
Trd, 431897.567, 97
Trd, 431897.583, 105
Trd, 431899.717, 99
Trd, 431900.533, 96
Trd, 431900.700, 93
Trd, 431900.833, 110
Trd, 431901.733, 107
Trd, 431903.683, 95
Trd, 431903.783, 94
Trd, 431904.150, 94
Trd, 431904.700, 90
Trd, 431904.750, 95
Trd, 431904.983, 99
Trd, 431906.033, 95
Trd, 431907.317, 89
Trd, 431908.783, 89
Trd, 431909.400, 82
Trd, 431910.417, 90
Trd, 431911.683, 95
Trd, 431913.150, 89
Trd, 431913.500, 97
Trd, 431914.133, 120
Trd, 431914.400, 110
Trd, 431914.583, 102
Trd, 431915.050, 91
Trd, 431917.150, 104
Trd, 431917.450, 100
Trd, 431921.450, 89
Trd, 431921.750, 100
Trd, 431921.800, 89
Trd, 431923.067, 96
Trd, 431923.650, 98
Trd, 431926.183, 98
Trd, 431926.483, 107
Trd, 431927.650, 99
Trd, 431927.750, 92
Trd, 431928.217, 90
Trd, 431930.967, 84
Trd, 431932.100, 97
Trd, 431932.467, 99
Trd, 431932.883, 95
Trd, 431933.550, 91
Trd, 431934.700, 98
Trd, 431935.417, 113
Trd, 431935.800, 118
Trd, 431936.100, 111
Trd, 431937.583, 105
Trd, 431939.000, 110
Trd, 431939.783, 111
Trd, 431940.650, 113
Trd, 431942.283, 106
Trd, 431942.450, 103
Trd, 431942.917, 94
Trd, 431943.100, 92
Trd, 431944.633, 92
Trd, 431944.667, 110
Trd, 431945.433, 105
Trd, 431945.517, 89
Trd, 431948.067, 95
Trd, 431950.283, 90
Trd, 431950.300, 91
Trd, 431950.533, 94
Trd, 431950.767, 87
Trd, 431951.717, 98
Trd, 431951.933, 87
Trd, 431952.117, 120
Trd, 431955.683, 89
Trd, 431956.817, 95
Trd, 431957.767, 116
Trd, 431959.300, 90
Trd, 431959.867, 101
Trd, 431960.900, 86
Trd, 431961.967, 114
Trd, 431962.983, 103
Trd, 431963.517, 81
Trd, 431963.583, 84
Trd, 431965.033, 92
Trd, 431965.133, 94
Trd, 431965.833, 99
Trd, 431966.867, 95
Trd, 431966.950, 98
Trd, 431969.867, 101
Trd, 431971.117, 103
Trd, 431973.433, 91
Trd, 431973.483, 102
Trd, 431974.017, 90
Trd, 431974.317, 94
Trd, 431974.467, 89
Trd, 431974.917, 98
Trd, 431976.083, 113
Trd, 431976.750, 110
Trd, 431978.067, 114
Trd, 431980.117, 94
Trd, 431980.467, 89
Trd, 431980.850, 90
Trd, 431980.950, 85
Trd, 431981.517, 90
Trd, 431981.717, 92
Trd, 431983.850, 109
Trd, 431985.150, 93
Trd, 431985.633, 97
Trd, 431985.867, 120
Trd, 431986.350, 83
Trd, 431987.167, 95
Trd, 431987.267, 89
Trd, 431987.417, 90
Trd, 431990.300, 115
Trd, 431991.167, 110
Trd, 431991.550, 87
Trd, 431992.400, 119
Trd, 431992.467, 127
Trd, 431992.533, 114
Trd, 431995.617, 109
Trd, 431996.500, 110
Trd, 431997.100, 109
Trd, 431997.617, 111
Trd, 431997.917, 108
Trd, 431998.283, 93
Trd, 431999.250, 90
