Trd, 430680.583, 109
Trd, 430681.300, 105
Trd, 430681.583, 106
Trd, 430681.617, 104
Trd, 430681.633, 103
Trd, 430683.933, 100
Trd, 430684.067, 101
Trd, 430684.283, 103
Trd, 430684.400, 106
Trd, 430684.417, 99
Trd, 430685.967, 108
Trd, 430686.250, 107
Trd, 430687.633, 105
Trd, 430688.183, 104
Trd, 430689.167, 98
Trd, 430689.550, 102
Trd, 430691.017, 99
Trd, 430691.433, 98
Trd, 430692.100, 101
Trd, 430692.150, 95
Trd, 430692.667, 104
Trd, 430693.833, 94
Trd, 430694.167, 97
Trd, 430694.500, 93
Trd, 430694.700, 90
Trd, 430695.683, 96
Trd, 430695.800, 97
Trd, 430696.133, 89
Trd, 430697.617, 90
Trd, 430698.733, 96
Trd, 430699.400, 98
Trd, 430699.450, 95
Trd, 430699.700, 95
Trd, 430701.667, 98
Trd, 430701.683, 92
Trd, 430702.883, 95
Trd, 430703.250, 96
Trd, 430703.417, 101
Trd, 430703.983, 96
Trd, 430704.633, 106
Trd, 430705.000, 96
Trd, 430706.217, 105
Trd, 430706.800, 95
Trd, 430708.317, 102
Trd, 430708.700, 101
Trd, 430709.450, 96
Trd, 430709.517, 101
Trd, 430711.583, 106
Trd, 430711.833, 97
Trd, 430712.400, 105
Trd, 430712.550, 106
Trd, 430713.683, 97
Trd, 430714.100, 96
Trd, 430714.400, 95
Trd, 430714.700, 94
Trd, 430715.467, 93
Trd, 430716.133, 90
Trd, 430716.917, 91
Trd, 430717.183, 94
Trd, 430717.283, 98
Trd, 430717.867, 92
Trd, 430718.533, 104
Trd, 430720.600, 95
Trd, 430721.333, 102
Trd, 430721.950, 99
Trd, 430722.667, 100
Trd, 430722.933, 100
Trd, 430723.433, 103
Trd, 430723.450, 106
Trd, 430723.500, 99
Trd, 430723.550, 98
Trd, 430723.600, 111
Trd, 430724.567, 114
Trd, 430725.417, 114
Trd, 430725.600, 112
Trd, 430726.700, 112
Trd, 430727.717, 110
Trd, 430728.100, 112
Trd, 430729.083, 114
Trd, 430729.317, 111
Trd, 430729.550, 116
Trd, 430731.083, 109
Trd, 430731.933, 106
Trd, 430731.967, 98
Trd, 430733.583, 114
Trd, 430734.833, 98
Trd, 430737.250, 106
Trd, 430738.283, 100
Trd, 430738.717, 104
Trd, 430738.950, 106
Trd, 430739.317, 104
Trd, 430739.417, 101
Trd, 430740.933, 103
Trd, 430741.183, 104
Trd, 430741.383, 102
Trd, 430742.300, 103
Trd, 430742.367, 105
Trd, 430742.900, 102
Trd, 430743.417, 98
Trd, 430744.100, 106
Trd, 430744.250, 104
Trd, 430744.950, 93
Trd, 430745.367, 90
Trd, 430746.783, 89
Trd, 430746.833, 94
Trd, 430746.967, 96
Trd, 430747.833, 96
Trd, 430748.933, 92
Trd, 430749.967, 98
Trd, 430751.467, 108
Trd, 430752.233, 104
Trd, 430753.033, 109
Trd, 430753.250, 107
Trd, 430753.450, 107
Trd, 430753.517, 103
Trd, 430754.700, 106
Trd, 430756.233, 106
Trd, 430756.250, 104
Trd, 430757.350, 107
Trd, 430757.567, 109
Trd, 430758.617, 106
Trd, 430758.833, 105
Trd, 430759.750, 108
Trd, 430760.817, 108
Trd, 430760.883, 107
Trd, 430761.583, 107
Trd, 430762.833, 107
Trd, 430763.133, 106
Trd, 430763.567, 108
Trd, 430764.233, 111
Trd, 430764.467, 111
Trd, 430765.150, 116
Trd, 430766.333, 107
Trd, 430766.350, 106
Trd, 430767.550, 98
Trd, 430768.067, 111
Trd, 430768.417, 99
Trd, 430768.983, 96
Trd, 430771.467, 104
Trd, 430771.633, 98
Trd, 430772.250, 97
Trd, 430772.400, 96
Trd, 430772.667, 100
Trd, 430773.567, 99
Trd, 430773.633, 97
Trd, 430773.983, 99
Trd, 430775.250, 95
Trd, 430775.317, 93
Trd, 430775.817, 98
Trd, 430777.733, 106
Trd, 430778.100, 109
Trd, 430778.300, 94
Trd, 430778.567, 94
Trd, 430779.350, 94
Trd, 430779.683, 94
Trd, 430780.283, 96
Trd, 430780.450, 105
Trd, 430781.450, 95
Trd, 430781.650, 93
Trd, 430781.867, 101
Trd, 430782.133, 92
Trd, 430782.550, 101
Trd, 430782.633, 106
Trd, 430785.033, 97
Trd, 430785.450, 102
Trd, 430785.917, 96
Trd, 430786.450, 95
Trd, 430787.633, 100
Trd, 430787.750, 104
Trd, 430788.567, 102
Trd, 430789.467, 98
Trd, 430790.467, 97
Trd, 430790.550, 95
Trd, 430790.667, 100
Trd, 430790.733, 94
Trd, 430791.250, 99
Trd, 430791.267, 101
Trd, 430792.267, 93
Trd, 430792.717, 106
Trd, 430794.567, 107
Trd, 430794.617, 106
Trd, 430795.683, 109
Trd, 430795.850, 109
Trd, 430797.133, 106
Trd, 430798.533, 103
Trd, 430799.217, 103
Trd, 430799.450, 104
Trd, 430799.467, 102
Trd, 430799.517, 106
Trd, 430799.900, 102
Trd, 430800.300, 99
Trd, 430801.200, 115
Trd, 430801.383, 98
Trd, 430802.433, 95
Trd, 430803.267, 110
Trd, 430804.133, 96
Trd, 430804.517, 93
Trd, 430804.583, 90
Trd, 430805.167, 105
Trd, 430805.200, 105
Trd, 430806.167, 87
Trd, 430806.667, 106
Trd, 430806.867, 87
Trd, 430807.000, 85
Trd, 430807.683, 104
Trd, 430808.383, 105
Trd, 430809.217, 106
Trd, 430809.250, 105
Trd, 430809.283, 88
Trd, 430809.883, 87
Trd, 430811.267, 90
Trd, 430812.517, 95
Trd, 430815.467, 105
Trd, 430815.533, 102
Trd, 430815.617, 106
Trd, 430816.667, 106
Trd, 430816.683, 106
Trd, 430816.933, 105
Trd, 430817.100, 106
Trd, 430817.217, 112
Trd, 430819.650, 111
Trd, 430819.683, 110
Trd, 430819.933, 98
Trd, 430820.500, 93
Trd, 430820.867, 91
Trd, 430823.517, 98
Trd, 430823.767, 101
Trd, 430824.000, 102
Trd, 430824.400, 105
Trd, 430825.700, 101
Trd, 430828.283, 104
Trd, 430828.550, 105
Trd, 430828.750, 98
Trd, 430828.800, 95
Trd, 430831.217, 107
Trd, 430832.100, 98
Trd, 430832.367, 101
Trd, 430832.850, 106
Trd, 430833.583, 106
Trd, 430833.650, 98
Trd, 430833.800, 97
Trd, 430833.900, 96
Trd, 430834.200, 106
Trd, 430834.333, 93
Trd, 430834.833, 105
Trd, 430835.300, 110
Trd, 430835.517, 88
Trd, 430835.817, 87
Trd, 430839.633, 108
Trd, 430840.050, 108
Trd, 430841.067, 105
Trd, 430841.117, 104
Trd, 430841.983, 103
Trd, 430842.100, 102
Trd, 430842.283, 101
Trd, 430842.733, 98
Trd, 430843.383, 95
Trd, 430843.417, 99
Trd, 430843.450, 100
Trd, 430843.550, 93
Trd, 430845.067, 95
Trd, 430845.350, 93
Trd, 430845.483, 90
Trd, 430846.517, 95
Trd, 430847.117, 106
Trd, 430847.483, 111
Trd, 430847.967, 95
Trd, 430848.633, 96
Trd, 430848.783, 95
Trd, 430849.017, 91
Trd, 430849.833, 101
Trd, 430850.850, 97
Trd, 430851.267, 106
Trd, 430852.033, 91
Trd, 430852.067, 105
Trd, 430854.950, 99
Trd, 430854.983, 100
Trd, 430855.233, 100
Trd, 430855.700, 98
Trd, 430856.500, 100
Trd, 430856.850, 100
Trd, 430857.583, 100
Trd, 430857.733, 101
Trd, 430857.967, 106
Trd, 430859.083, 113
Trd, 430859.317, 113
Trd, 430859.867, 112
Trd, 430860.167, 108
Trd, 430860.400, 101
Trd, 430860.467, 95
Trd, 430861.350, 100
Trd, 430864.117, 92
Trd, 430864.217, 94
Trd, 430864.417, 91
Trd, 430864.817, 100
Trd, 430865.217, 93
Trd, 430868.050, 97
Trd, 430868.800, 101
Trd, 430869.233, 100
Trd, 430869.417, 106
Trd, 430870.167, 107
Trd, 430870.200, 106
Trd, 430870.733, 113
Trd, 430870.883, 100
Trd, 430871.233, 117
Trd, 430871.300, 93
Trd, 430872.800, 97
Trd, 430873.217, 97
Trd, 430874.150, 108
Trd, 430875.017, 105
Trd, 430875.033, 104
Trd, 430875.467, 104
Trd, 430875.850, 102
Trd, 430876.750, 96
Trd, 430877.150, 96
Trd, 430877.550, 95
Trd, 430877.767, 98
Trd, 430879.267, 91
Trd, 430879.617, 90
Trd, 430879.900, 84
Trd, 430880.200, 90
Trd, 430880.267, 91
Trd, 430881.350, 106
Trd, 430883.517, 97
Trd, 430883.567, 97
Trd, 430883.650, 96
Trd, 430883.683, 95
Trd, 430884.667, 98
Trd, 430885.133, 110
Trd, 430885.533, 110
Trd, 430885.900, 100
Trd, 430885.933, 99
Trd, 430886.950, 122
Trd, 430887.217, 96
Trd, 430887.650, 106
Trd, 430888.317, 115
Trd, 430889.317, 98
Trd, 430889.500, 97
Trd, 430890.833, 97
Trd, 430893.350, 97
Trd, 430893.750, 97
Trd, 430894.167, 95
Trd, 430894.350, 97
Trd, 430894.500, 97
Trd, 430894.550, 98
Trd, 430896.000, 96
Trd, 430896.633, 95
Trd, 430897.900, 102
Trd, 430898.917, 100
Trd, 430899.083, 101
Trd, 430899.667, 98
Trd, 430900.200, 101
Trd, 430901.750, 104
Trd, 430901.883, 102
Trd, 430903.100, 101
Trd, 430903.150, 107
Trd, 430904.267, 102
Trd, 430904.533, 103
Trd, 430904.700, 102
Trd, 430905.067, 113
Trd, 430905.200, 117
Trd, 430906.983, 106
Trd, 430908.567, 106
Trd, 430909.050, 107
Trd, 430909.267, 100
Trd, 430910.717, 106
Trd, 430911.633, 98
Trd, 430911.667, 95
Trd, 430911.850, 93
Trd, 430912.517, 94
Trd, 430913.917, 93
Trd, 430914.100, 106
Trd, 430914.633, 104
Trd, 430914.683, 105
Trd, 430914.950, 98
Trd, 430915.117, 93
Trd, 430915.900, 95
Trd, 430916.850, 93
Trd, 430918.333, 94
Trd, 430919.050, 101
Trd, 430919.167, 104
Trd, 430919.533, 104
Trd, 430920.283, 105
Trd, 430920.667, 104
Trd, 430920.767, 105
Trd, 430921.267, 101
Trd, 430922.983, 98
Trd, 430924.283, 102
Trd, 430925.017, 104
Trd, 430926.383, 104
Trd, 430926.583, 102
Trd, 430926.600, 104
Trd, 430927.517, 98
Trd, 430927.633, 104
Trd, 430927.817, 94
Trd, 430928.133, 106
Trd, 430928.550, 96
Trd, 430929.683, 111
Trd, 430930.083, 112
Trd, 430930.950, 97
Trd, 430932.500, 99
Trd, 430934.250, 101
Trd, 430934.383, 102
Trd, 430934.400, 100
Trd, 430935.183, 96
Trd, 430935.583, 95
Trd, 430935.750, 96
Trd, 430935.867, 93
Trd, 430936.150, 106
Trd, 430937.333, 90
Trd, 430938.867, 108
Trd, 430940.217, 110
Trd, 430940.500, 110
Trd, 430941.050, 113
Trd, 430941.217, 114
Trd, 430941.483, 106
Trd, 430942.033, 108
Trd, 430942.150, 99
Trd, 430943.617, 93
Trd, 430943.750, 104
Trd, 430945.050, 93
Trd, 430946.800, 97
Trd, 430947.700, 99
Trd, 430948.333, 98
Trd, 430949.167, 97
Trd, 430949.317, 102
Trd, 430950.550, 105
Trd, 430951.083, 106
Trd, 430952.717, 110
Trd, 430952.767, 110
Trd, 430952.800, 113
Trd, 430952.867, 109
Trd, 430953.483, 108
Trd, 430954.083, 108
Trd, 430954.233, 105
Trd, 430954.433, 109
Trd, 430956.000, 102
Trd, 430956.133, 98
Trd, 430956.533, 95
Trd, 430957.483, 100
Trd, 430957.933, 97
Trd, 430959.017, 100
Trd, 430959.033, 99
Trd, 430959.450, 96
Trd, 430960.900, 99
Trd, 430961.517, 98
Trd, 430962.017, 98
Trd, 430962.983, 100
Trd, 430963.217, 96
Trd, 430963.667, 97
Trd, 430963.750, 105
Trd, 430965.133, 105
Trd, 430967.200, 106
Trd, 430967.567, 110
Trd, 430967.600, 95
Trd, 430967.667, 94
Trd, 430968.400, 108
Trd, 430968.700, 101
Trd, 430969.567, 100
Trd, 430969.900, 102
Trd, 430969.950, 98
Trd, 430970.433, 97
Trd, 430971.950, 99
Trd, 430972.600, 93
Trd, 430973.817, 99
Trd, 430973.850, 100
Trd, 430974.333, 102
Trd, 430974.900, 106
Trd, 430975.200, 100
Trd, 430975.950, 103
Trd, 430976.300, 105
Trd, 430976.650, 106
Trd, 430977.583, 109
Trd, 430978.067, 105
Trd, 430979.133, 111
Trd, 430979.350, 101
Trd, 430979.900, 106
Trd, 430980.567, 98
Trd, 430981.167, 108
Trd, 430981.233, 107
Trd, 430983.283, 102
Trd, 430984.550, 104
Trd, 430984.733, 105
Trd, 430984.850, 104
Trd, 430985.500, 105
Trd, 430985.617, 98
Trd, 430986.150, 95
Trd, 430987.117, 102
Trd, 430988.483, 94
Trd, 430989.867, 93
Trd, 430990.167, 93
Trd, 430990.667, 93
Trd, 430991.300, 94
Trd, 430991.667, 106
Trd, 430992.167, 117
Trd, 430992.767, 116
Trd, 430993.717, 96
Trd, 430994.250, 95
Trd, 430994.317, 95
Trd, 430994.533, 95
Trd, 430994.617, 94
Trd, 430995.050, 97
Trd, 430995.100, 98
Trd, 430995.150, 91
Trd, 430997.733, 99
Trd, 430997.917, 98
Trd, 430998.517, 102
Trd, 430999.017, 96
Trd, 430999.567, 102
Trd, 431000.217, 95
Trd, 431001.367, 99
Trd, 431002.117, 100
Trd, 431003.833, 106
Trd, 431004.850, 106
Trd, 431005.233, 109
Trd, 431006.017, 100
Trd, 431006.217, 99
Trd, 431006.800, 115
Trd, 431007.417, 109
Trd, 431008.917, 107
Trd, 431009.667, 106
Trd, 431010.533, 104
Trd, 431011.833, 104
Trd, 431011.950, 106
Trd, 431011.983, 98
Trd, 431012.867, 96
Trd, 431013.317, 95
Trd, 431013.967, 95
Trd, 431014.833, 97
Trd, 431015.417, 102
Trd, 431015.633, 103
Trd, 431016.083, 107
Trd, 431016.350, 95
Trd, 431017.100, 98
Trd, 431017.883, 99
Trd, 431018.083, 97
Trd, 431018.617, 98
Trd, 431018.633, 95
Trd, 431019.517, 93
Trd, 431019.883, 94
Trd, 431020.067, 106
Trd, 431021.183, 92
Trd, 431022.700, 110
Trd, 431022.767, 109
Trd, 431023.483, 109
Trd, 431024.233, 98
Trd, 431024.450, 105
Trd, 431025.183, 103
Trd, 431026.067, 103
Trd, 431026.233, 98
Trd, 431026.933, 95
Trd, 431027.417, 93
Trd, 431027.467, 90
Trd, 431028.883, 104
Trd, 431029.233, 106
Trd, 431030.267, 104
Trd, 431031.183, 108
Trd, 431031.933, 104
Trd, 431032.167, 108
Trd, 431033.067, 109
Trd, 431033.367, 109
Trd, 431034.533, 108
Trd, 431034.833, 107
Trd, 431035.533, 98
Trd, 431036.450, 103
Trd, 431037.083, 103
Trd, 431037.667, 96
Trd, 431037.917, 103
Trd, 431038.500, 100
Trd, 431038.883, 105
Trd, 431038.950, 98
Trd, 431040.983, 100
Trd, 431041.850, 98
Trd, 431042.117, 101
Trd, 431042.717, 106
Trd, 431043.567, 108
Trd, 431044.000, 110
Trd, 431044.267, 111
Trd, 431044.533, 111
Trd, 431045.017, 111
Trd, 431045.933, 111
Trd, 431046.133, 115
Trd, 431047.217, 114
Trd, 431047.717, 118
Trd, 431047.833, 109
Trd, 431048.883, 109
Trd, 431049.767, 108
Trd, 431050.017, 106
Trd, 431050.550, 98
Trd, 431051.083, 106
Trd, 431051.583, 96
Trd, 431051.983, 104
Trd, 431054.050, 98
Trd, 431054.417, 99
Trd, 431054.650, 99
Trd, 431055.933, 96
Trd, 431056.417, 95
Trd, 431056.717, 96
Trd, 431056.933, 98
Trd, 431057.250, 91
Trd, 431057.667, 99
Trd, 431057.867, 106
Trd, 431057.883, 110
Trd, 431058.033, 92
Trd, 431060.367, 109
Trd, 431061.417, 92
Trd, 431061.917, 90
Trd, 431063.017, 103
Trd, 431063.250, 96
Trd, 431063.600, 96
Trd, 431064.583, 96
Trd, 431064.817, 96
Trd, 431065.017, 97
Trd, 431065.133, 97
Trd, 431065.933, 98
Trd, 431066.167, 97
Trd, 431066.650, 97
Trd, 431068.483, 95
Trd, 431068.833, 104
Trd, 431070.883, 103
Trd, 431071.033, 98
Trd, 431071.350, 94
Trd, 431071.700, 93
Trd, 431072.250, 95
Trd, 431072.833, 91
Trd, 431072.867, 105
Trd, 431075.233, 90
Trd, 431075.733, 104
Trd, 431077.133, 104
Trd, 431077.283, 106
Trd, 431077.333, 108
Trd, 431077.633, 103
Trd, 431078.333, 105
Trd, 431078.450, 99
Trd, 431078.550, 87
Trd, 431079.117, 109
Trd, 431080.133, 92
Trd, 431080.217, 91
Trd, 431081.850, 97
Trd, 431081.917, 99
Trd, 431082.717, 95
Trd, 431083.317, 94
Trd, 431083.400, 95
Trd, 431084.700, 95
Trd, 431085.183, 94
Trd, 431085.317, 93
Trd, 431085.483, 104
Trd, 431086.017, 106
Trd, 431086.050, 97
Trd, 431086.083, 115
Trd, 431088.467, 90
Trd, 431088.800, 101
Trd, 431090.167, 98
Trd, 431090.883, 97
Trd, 431091.333, 97
Trd, 431091.450, 97
Trd, 431092.000, 97
Trd, 431092.283, 95
Trd, 431093.233, 97
Trd, 431093.467, 98
Trd, 431093.817, 106
Trd, 431094.050, 99
Trd, 431095.267, 102
Trd, 431096.900, 110
Trd, 431097.217, 111
Trd, 431098.017, 111
Trd, 431099.000, 113
Trd, 431099.167, 113
Trd, 431100.617, 112
Trd, 431100.833, 111
Trd, 431100.883, 109
Trd, 431101.133, 99
Trd, 431101.533, 101
Trd, 431102.150, 112
Trd, 431104.450, 106
Trd, 431104.667, 105
Trd, 431104.817, 101
Trd, 431105.383, 98
Trd, 431105.850, 106
Trd, 431106.500, 95
Trd, 431107.083, 94
Trd, 431107.167, 93
Trd, 431107.583, 93
Trd, 431108.067, 92
Trd, 431108.717, 95
Trd, 431108.867, 92
Trd, 431109.167, 96
Trd, 431109.367, 91
Trd, 431111.100, 104
Trd, 431112.033, 93
Trd, 431112.267, 104
Trd, 431112.533, 106
Trd, 431114.650, 107
Trd, 431115.467, 109
Trd, 431116.517, 109
Trd, 431116.633, 112
Trd, 431117.500, 108
Trd, 431118.417, 98
Trd, 431119.267, 105
Trd, 431119.383, 106
Trd, 431119.517, 97
Trd, 431120.183, 104
Trd, 431120.850, 103
Trd, 431122.683, 99
Trd, 431123.400, 98
Trd, 431123.600, 101
Trd, 431123.633, 106
Trd, 431124.867, 98
Trd, 431125.383, 98
Trd, 431126.067, 96
Trd, 431126.217, 97
Trd, 431126.567, 96
Trd, 431126.633, 96
Trd, 431127.167, 97
Trd, 431127.817, 95
Trd, 431128.500, 95
Trd, 431129.450, 98
Trd, 431130.500, 98
Trd, 431131.133, 94
Trd, 431132.050, 95
Trd, 431132.067, 96
Trd, 431132.150, 90
Trd, 431132.867, 98
Trd, 431133.083, 98
Trd, 431133.850, 106
Trd, 431134.533, 105
Trd, 431135.183, 95
Trd, 431135.783, 88
Trd, 431137.400, 88
Trd, 431138.000, 106
Trd, 431138.350, 92
Trd, 431139.017, 106
Trd, 431139.583, 91
Trd, 431139.817, 112
Trd, 431140.400, 88
Trd, 431142.033, 103
Trd, 431142.483, 109
Trd, 431142.767, 108
Trd, 431143.317, 108
Trd, 431143.417, 107
Trd, 431143.983, 109
Trd, 431144.883, 106
Trd, 431145.550, 104
Trd, 431145.750, 96
Trd, 431146.583, 95
Trd, 431146.733, 95
Trd, 431147.283, 95
Trd, 431148.067, 107
Trd, 431148.500, 110
Trd, 431148.967, 97
Trd, 431149.733, 101
Trd, 431150.550, 106
Trd, 431150.867, 104
Trd, 431152.050, 106
Trd, 431152.150, 106
Trd, 431152.333, 107
Trd, 431152.517, 98
Trd, 431153.550, 108
Trd, 431153.850, 94
Trd, 431155.900, 108
Trd, 431156.750, 110
Trd, 431157.967, 98
Trd, 431158.417, 100
Trd, 431158.783, 99
Trd, 431159.500, 103
Trd, 431160.917, 102
Trd, 431162.033, 102
Trd, 431162.050, 101
Trd, 431162.133, 105
Trd, 431162.833, 99
Trd, 431163.050, 98
Trd, 431163.700, 97
Trd, 431163.767, 105
Trd, 431165.667, 99
Trd, 431165.833, 99
Trd, 431166.717, 97
Trd, 431166.867, 95
Trd, 431166.983, 98
Trd, 431167.650, 97
Trd, 431167.850, 97
Trd, 431168.450, 106
Trd, 431168.650, 95
Trd, 431169.050, 94
Trd, 431169.900, 93
Trd, 431170.033, 111
Trd, 431170.433, 90
Trd, 431171.717, 103
Trd, 431173.333, 98
Trd, 431175.033, 104
Trd, 431175.717, 104
Trd, 431175.767, 107
Trd, 431176.433, 101
Trd, 431176.750, 95
Trd, 431177.300, 95
Trd, 431177.450, 106
Trd, 431177.617, 107
Trd, 431178.150, 95
Trd, 431179.200, 117
Trd, 431179.733, 99
Trd, 431180.383, 94
Trd, 431181.083, 98
Trd, 431181.317, 98
Trd, 431182.500, 99
Trd, 431183.267, 99
Trd, 431183.967, 99
Trd, 431185.050, 105
Trd, 431186.367, 101
Trd, 431188.083, 98
Trd, 431188.667, 95
Trd, 431189.217, 94
Trd, 431189.417, 98
Trd, 431189.450, 93
Trd, 431189.567, 99
Trd, 431190.567, 91
Trd, 431191.400, 96
Trd, 431192.217, 98
Trd, 431192.300, 99
Trd, 431193.950, 100
Trd, 431194.567, 98
Trd, 431194.950, 98
Trd, 431195.283, 99
Trd, 431195.783, 99
Trd, 431196.267, 92
Trd, 431196.350, 90
Trd, 431197.467, 85
Trd, 431198.417, 83
Trd, 431198.833, 85
Trd, 431199.250, 89
Trd, 431199.383, 89
Trd, 431200.183, 95
Trd, 431201.650, 95
Trd, 431201.850, 96
Trd, 431202.083, 98
Trd, 431202.333, 106
Trd, 431203.500, 109
Trd, 431203.917, 109
Trd, 431204.417, 110
Trd, 431204.633, 111
Trd, 431206.133, 98
Trd, 431206.450, 96
Trd, 431206.500, 95
Trd, 431206.650, 100
Trd, 431206.717, 93
Trd, 431207.867, 90
Trd, 431208.083, 98
Trd, 431209.083, 93
Trd, 431209.517, 105
Trd, 431210.483, 106
Trd, 431211.400, 109
Trd, 431212.250, 109
Trd, 431212.850, 97
Trd, 431213.833, 107
Trd, 431213.950, 106
Trd, 431214.800, 107
Trd, 431215.083, 107
Trd, 431216.217, 109
Trd, 431216.667, 108
Trd, 431216.883, 94
Trd, 431217.300, 93
Trd, 431217.450, 90
Trd, 431219.650, 101
Trd, 431221.133, 98
Trd, 431221.333, 100
Trd, 431221.583, 100
Trd, 431222.150, 102
Trd, 431222.400, 97
Trd, 431222.417, 106
Trd, 431222.483, 108
Trd, 431222.750, 97
Trd, 431223.233, 111
Trd, 431224.000, 95
Trd, 431226.150, 113
Trd, 431226.767, 110
Trd, 431226.900, 108
Trd, 431227.450, 114
Trd, 431229.733, 113
Trd, 431230.850, 111
Trd, 431231.933, 111
Trd, 431232.350, 112
Trd, 431232.733, 111
Trd, 431233.033, 109
Trd, 431234.033, 111
Trd, 431234.233, 113
Trd, 431234.417, 111
Trd, 431234.617, 109
Trd, 431235.383, 107
Trd, 431235.483, 100
Trd, 431236.867, 106
Trd, 431238.017, 106
Trd, 431238.133, 106
Trd, 431238.300, 99
Trd, 431239.300, 99
Trd, 431239.700, 98
Trd, 431241.100, 97
Trd, 431241.617, 96
Trd, 431242.150, 95
Trd, 431243.117, 97
Trd, 431243.600, 98
Trd, 431244.733, 108
Trd, 431244.900, 95
Trd, 431246.633, 99
Trd, 431246.800, 98
Trd, 431246.917, 95
Trd, 431247.133, 95
Trd, 431247.433, 95
Trd, 431248.600, 105
Trd, 431249.417, 99
Trd, 431249.733, 96
Trd, 431249.900, 106
Trd, 431250.783, 106
Trd, 431251.367, 106
Trd, 431251.433, 105
Trd, 431251.950, 110
Trd, 431253.100, 113
Trd, 431253.267, 113
Trd, 431253.683, 93
Trd, 431254.750, 109
Trd, 431255.400, 91
Trd, 431257.250, 106
Trd, 431257.383, 105
Trd, 431257.417, 90
Trd, 431258.967, 105
Trd, 431260.467, 98
Trd, 431260.583, 105
Trd, 431260.600, 97
Trd, 431261.050, 106
Trd, 431261.183, 98
Trd, 431262.517, 111
Trd, 431262.800, 117
Trd, 431262.933, 99
Trd, 431265.533, 101
Trd, 431266.733, 103
Trd, 431267.683, 105
Trd, 431267.883, 104
Trd, 431268.233, 105
Trd, 431269.800, 103
Trd, 431269.933, 104
Trd, 431270.233, 107
Trd, 431270.900, 111
Trd, 431270.967, 101
Trd, 431271.150, 100
Trd, 431271.483, 117
Trd, 431272.383, 99
Trd, 431272.567, 114
Trd, 431273.083, 98
Trd, 431273.883, 95
Trd, 431274.667, 98
Trd, 431274.883, 93
Trd, 431275.050, 104
Trd, 431275.533, 85
Trd, 431277.783, 108
Trd, 431277.983, 107
Trd, 431278.317, 107
Trd, 431278.483, 106
Trd, 431281.183, 106
Trd, 431281.467, 106
Trd, 431281.567, 101
Trd, 431282.617, 98
Trd, 431282.800, 95
Trd, 431283.850, 92
Trd, 431283.883, 90
Trd, 431284.383, 90
Trd, 431284.717, 90
Trd, 431285.033, 92
Trd, 431285.167, 91
Trd, 431285.583, 95
Trd, 431286.033, 103
Trd, 431288.567, 98
Trd, 431288.867, 98
Trd, 431289.183, 98
Trd, 431289.233, 97
Trd, 431289.333, 96
Trd, 431289.517, 101
Trd, 431289.583, 95
Trd, 431290.750, 106
Trd, 431290.817, 110
Trd, 431291.650, 92
Trd, 431291.683, 110
Trd, 431291.783, 90
Trd, 431293.083, 97
Trd, 431293.633, 108
Trd, 431293.983, 92
Trd, 431294.783, 93
Trd, 431296.317, 106
Trd, 431296.950, 95
Trd, 431297.433, 106
Trd, 431297.733, 105
Trd, 431297.817, 104
Trd, 431299.133, 105
Trd, 431299.167, 107
Trd, 431299.433, 110
Trd, 431300.433, 98
Trd, 431300.950, 99
Trd, 431301.533, 100
Trd, 431302.517, 106
Trd, 431303.383, 102
Trd, 431303.650, 103
Trd, 431305.383, 105
Trd, 431306.267, 104
Trd, 431306.350, 100
Trd, 431308.217, 102
Trd, 431308.450, 100
Trd, 431308.967, 98
Trd, 431309.567, 93
Trd, 431310.050, 104
Trd, 431310.383, 91
Trd, 431310.717, 90
Trd, 431312.833, 93
Trd, 431312.933, 94
Trd, 431313.183, 92
Trd, 431313.200, 95
Trd, 431314.033, 100
Trd, 431314.050, 102
Trd, 431314.233, 94
Trd, 431314.867, 106
Trd, 431316.133, 99
Trd, 431316.983, 102
Trd, 431317.650, 101
Trd, 431318.633, 92
Trd, 431318.900, 93
Trd, 431319.300, 92
Trd, 431319.550, 96
Trd, 431320.700, 95
Trd, 431321.367, 101
Trd, 431321.833, 105
Trd, 431322.683, 104
Trd, 431322.867, 94
Trd, 431324.800, 106
Trd, 431324.950, 105
Trd, 431324.967, 94
Trd, 431325.050, 110
Trd, 431325.067, 116
Trd, 431326.833, 96
Trd, 431328.333, 95
Trd, 431328.917, 104
Trd, 431329.300, 105
Trd, 431329.933, 107
Trd, 431330.733, 106
Trd, 431331.000, 104
Trd, 431332.417, 96
Trd, 431333.367, 103
Trd, 431333.450, 104
Trd, 431333.483, 105
Trd, 431334.217, 95
Trd, 431334.750, 94
Trd, 431334.767, 93
Trd, 431335.050, 90
Trd, 431335.250, 110
Trd, 431335.783, 87
Trd, 431337.367, 94
Trd, 431337.383, 107
Trd, 431338.067, 85
Trd, 431338.333, 110
Trd, 431338.867, 110
Trd, 431339.050, 109
Trd, 431340.333, 95
Trd, 431344.283, 100
Trd, 431344.367, 97
Trd, 431344.400, 102
Trd, 431344.700, 106
Trd, 431344.883, 107
Trd, 431345.600, 113
Trd, 431346.550, 110
Trd, 431346.583, 109
Trd, 431347.833, 109
Trd, 431349.017, 108
Trd, 431349.133, 106
Trd, 431349.700, 109
Trd, 431350.917, 110
Trd, 431351.517, 101
Trd, 431352.100, 115
Trd, 431352.500, 109
Trd, 431352.717, 104
Trd, 431354.267, 109
Trd, 431354.433, 109
Trd, 431355.100, 108
Trd, 431355.633, 107
Trd, 431355.767, 107
Trd, 431356.533, 98
Trd, 431356.917, 98
Trd, 431357.550, 106
Trd, 431357.667, 107
Trd, 431359.050, 101
Trd, 431360.267, 103
Trd, 431360.750, 103
Trd, 431361.183, 102
Trd, 431361.450, 104
Trd, 431362.617, 97
Trd, 431362.783, 112
Trd, 431363.617, 102
Trd, 431363.683, 101
Trd, 431364.400, 105
Trd, 431365.050, 96
Trd, 431365.350, 95
Trd, 431365.850, 101
Trd, 431368.000, 95
Trd, 431368.133, 97
Trd, 431368.250, 86
Trd, 431368.783, 90
Trd, 431370.100, 96
Trd, 431370.117, 95
Trd, 431371.117, 94
Trd, 431371.967, 94
Trd, 431372.383, 95
Trd, 431372.650, 97
Trd, 431373.767, 95
Trd, 431373.783, 98
Trd, 431374.367, 95
Trd, 431376.033, 102
Trd, 431376.183, 94
Trd, 431377.333, 99
Trd, 431378.633, 101
Trd, 431378.767, 105
Trd, 431378.900, 101
Trd, 431379.433, 102
Trd, 431380.450, 103
Trd, 431380.633, 102
Trd, 431381.117, 101
Trd, 431382.017, 98
Trd, 431382.800, 97
Trd, 431383.533, 97
Trd, 431384.450, 97
Trd, 431385.167, 106
Trd, 431385.233, 91
Trd, 431385.850, 92
Trd, 431386.067, 91
Trd, 431386.167, 87
Trd, 431386.267, 109
Trd, 431387.183, 110
Trd, 431387.767, 111
Trd, 431388.850, 109
Trd, 431389.833, 99
Trd, 431390.433, 115
Trd, 431391.000, 115
Trd, 431391.117, 98
Trd, 431391.450, 94
Trd, 431392.433, 95
Trd, 431392.550, 93
Trd, 431393.150, 95
Trd, 431394.233, 95
Trd, 431394.783, 97
Trd, 431396.167, 97
Trd, 431396.533, 97
Trd, 431396.817, 96
Trd, 431397.100, 98
Trd, 431397.150, 97
Trd, 431398.200, 106
Trd, 431398.433, 115
Trd, 431398.850, 97
Trd, 431399.083, 96
Trd, 431399.717, 97
Trd, 431400.133, 103
Trd, 431400.417, 108
Trd, 431401.717, 93
Trd, 431402.450, 93
Trd, 431403.233, 93
Trd, 431403.517, 95
Trd, 431403.767, 98
Trd, 431404.783, 96
Trd, 431405.500, 98
Trd, 431406.700, 87
Trd, 431407.167, 97
Trd, 431407.367, 106
Trd, 431407.950, 87
Trd, 431410.233, 107
Trd, 431410.250, 87
Trd, 431412.167, 110
Trd, 431412.933, 106
Trd, 431413.200, 106
Trd, 431413.633, 109
Trd, 431413.767, 108
Trd, 431413.950, 105
Trd, 431414.117, 110
Trd, 431415.100, 107
Trd, 431415.133, 101
Trd, 431415.233, 98
Trd, 431415.333, 95
Trd, 431415.450, 108
Trd, 431416.217, 90
Trd, 431417.533, 91
Trd, 431417.800, 94
Trd, 431418.017, 95
Trd, 431418.250, 106
Trd, 431418.417, 90
Trd, 431419.467, 105
Trd, 431419.733, 106
Trd, 431420.267, 103
Trd, 431422.283, 97
Trd, 431423.583, 107
Trd, 431424.283, 106
Trd, 431424.650, 107
Trd, 431425.367, 101
Trd, 431425.800, 100
Trd, 431427.867, 103
Trd, 431428.383, 102
Trd, 431428.717, 103
Trd, 431429.083, 103
Trd, 431429.100, 102
Trd, 431429.833, 117
Trd, 431431.317, 99
Trd, 431432.167, 98
Trd, 431432.317, 106
Trd, 431433.133, 101
Trd, 431433.500, 102
Trd, 431434.533, 95
Trd, 431434.700, 100
Trd, 431435.517, 93
Trd, 431435.533, 94
Trd, 431435.867, 91
Trd, 431435.983, 94
Trd, 431437.000, 95
Trd, 431437.950, 92
Trd, 431438.633, 90
Trd, 431439.350, 94
Trd, 431439.933, 95
Trd, 431440.217, 97
Trd, 431440.900, 95
Trd, 431441.633, 91
Trd, 431442.050, 97
Trd, 431443.167, 94
Trd, 431445.033, 97
Trd, 431445.133, 98
Trd, 431445.483, 98
Trd, 431446.983, 105
Trd, 431447.100, 106
Trd, 431447.517, 105
Trd, 431448.183, 105
Trd, 431448.783, 97
Trd, 431450.150, 103
Trd, 431451.167, 107
Trd, 431451.333, 111
Trd, 431453.050, 116
Trd, 431453.233, 116
Trd, 431453.333, 115
Trd, 431453.500, 111
Trd, 431453.767, 109
Trd, 431453.817, 116
Trd, 431454.550, 102
Trd, 431455.050, 104
Trd, 431455.517, 104
Trd, 431455.583, 103
Trd, 431456.733, 108
Trd, 431456.900, 109
Trd, 431458.933, 97
Trd, 431460.933, 96
Trd, 431460.950, 97
Trd, 431461.350, 97
Trd, 431461.450, 96
Trd, 431462.000, 95
Trd, 431463.133, 93
Trd, 431463.317, 95
Trd, 431463.683, 105
Trd, 431464.350, 105
Trd, 431465.383, 97
Trd, 431465.883, 105
Trd, 431465.900, 106
Trd, 431466.233, 98
Trd, 431466.567, 97
Trd, 431468.083, 98
Trd, 431468.867, 104
Trd, 431469.933, 117
Trd, 431470.083, 116
Trd, 431470.433, 115
Trd, 431472.267, 98
Trd, 431472.400, 99
Trd, 431472.733, 103
Trd, 431473.617, 104
Trd, 431474.150, 102
Trd, 431474.267, 105
Trd, 431474.500, 99
Trd, 431475.100, 98
Trd, 431476.000, 104
Trd, 431477.267, 102
Trd, 431477.417, 101
Trd, 431477.567, 101
Trd, 431477.733, 95
Trd, 431478.567, 102
Trd, 431480.017, 93
Trd, 431480.733, 90
Trd, 431481.733, 87
Trd, 431482.383, 90
Trd, 431482.667, 91
Trd, 431483.050, 98
Trd, 431483.117, 87
Trd, 431484.467, 110
Trd, 431485.250, 112
Trd, 431485.367, 111
Trd, 431485.383, 116
Trd, 431486.017, 113
Trd, 431486.617, 115
Trd, 431486.633, 114
Trd, 431486.867, 104
Trd, 431487.583, 113
Trd, 431487.967, 113
Trd, 431488.483, 102
Trd, 431489.100, 100
Trd, 431489.667, 98
Trd, 431490.433, 97
Trd, 431490.800, 98
Trd, 431491.450, 97
Trd, 431491.867, 96
Trd, 431492.133, 95
Trd, 431494.517, 94
Trd, 431494.600, 106
Trd, 431495.417, 106
Trd, 431495.600, 111
Trd, 431495.817, 106
Trd, 431496.650, 91
Trd, 431499.583, 115
Trd, 431499.733, 115
Trd, 431500.083, 113
Trd, 431500.100, 112
Trd, 431500.950, 109
Trd, 431501.117, 112
Trd, 431502.183, 109
Trd, 431502.817, 95
Trd, 431502.883, 93
Trd, 431503.300, 108
Trd, 431504.850, 103
Trd, 431505.450, 92
Trd, 431505.500, 90
Trd, 431505.567, 87
Trd, 431505.600, 114
Trd, 431506.050, 115
Trd, 431506.800, 117
Trd, 431507.700, 114
Trd, 431508.383, 115
Trd, 431510.483, 107
Trd, 431510.883, 107
Trd, 431511.667, 106
Trd, 431511.733, 108
Trd, 431512.183, 98
Trd, 431513.200, 106
Trd, 431514.167, 97
Trd, 431514.300, 95
Trd, 431514.683, 93
Trd, 431515.250, 104
Trd, 431515.500, 93
Trd, 431516.050, 93
Trd, 431516.467, 105
Trd, 431516.500, 106
Trd, 431516.967, 95
Trd, 431517.083, 94
Trd, 431519.683, 93
Trd, 431521.433, 100
Trd, 431521.617, 98
Trd, 431522.350, 101
Trd, 431522.433, 98
Trd, 431522.617, 100
Trd, 431523.617, 100
Trd, 431523.900, 100
Trd, 431523.933, 106
Trd, 431524.850, 106
Trd, 431524.967, 101
Trd, 431525.067, 96
Trd, 431525.183, 95
Trd, 431526.250, 113
Trd, 431528.683, 100
Trd, 431528.817, 97
Trd, 431529.100, 104
Trd, 431530.300, 103
Trd, 431530.583, 102
Trd, 431531.233, 95
Trd, 431532.000, 94
Trd, 431532.383, 93
Trd, 431532.800, 98
Trd, 431533.783, 93
Trd, 431533.867, 94
Trd, 431535.400, 95
Trd, 431535.733, 94
Trd, 431536.033, 92
Trd, 431537.250, 91
Trd, 431537.467, 91
Trd, 431538.250, 94
Trd, 431539.000, 95
Trd, 431539.433, 98
Trd, 431539.900, 106
Trd, 431541.333, 103
Trd, 431541.450, 97
Trd, 431542.683, 99
Trd, 431542.867, 99
Trd, 431543.800, 97
Trd, 431544.333, 98
Trd, 431544.483, 95
Trd, 431544.750, 98
Trd, 431544.767, 94
Trd, 431545.450, 99
Trd, 431546.550, 96
Trd, 431547.633, 100
Trd, 431548.033, 93
Trd, 431548.667, 101
Trd, 431549.767, 99
Trd, 431550.250, 105
Trd, 431550.650, 92
Trd, 431551.300, 103
Trd, 431551.917, 104
Trd, 431552.483, 92
Trd, 431553.917, 102
Trd, 431553.967, 105
Trd, 431553.983, 108
Trd, 431555.867, 103
Trd, 431555.900, 102
Trd, 431555.950, 101
Trd, 431556.800, 100
Trd, 431558.217, 103
Trd, 431559.617, 104
Trd, 431560.200, 106
Trd, 431560.317, 105
Trd, 431560.900, 98
Trd, 431561.217, 109
Trd, 431561.833, 105
Trd, 431562.850, 104
Trd, 431563.500, 103
Trd, 431564.383, 95
Trd, 431564.500, 108
Trd, 431564.583, 93
Trd, 431564.733, 90
Trd, 431565.117, 87
Trd, 431565.333, 112
Trd, 431565.433, 113
Trd, 431565.450, 115
Trd, 431566.500, 88
Trd, 431566.583, 87
Trd, 431568.067, 109
Trd, 431569.050, 105
Trd, 431569.133, 95
Trd, 431571.300, 95
Trd, 431571.567, 99
Trd, 431571.767, 100
Trd, 431571.817, 96
Trd, 431574.517, 99
Trd, 431574.617, 99
Trd, 431575.067, 103
Trd, 431575.900, 104
Trd, 431576.050, 100
Trd, 431576.217, 100
Trd, 431576.967, 98
Trd, 431577.283, 95
Trd, 431577.433, 106
Trd, 431579.900, 98
Trd, 431580.217, 95
Trd, 431580.650, 93
Trd, 431580.867, 101
Trd, 431580.900, 102
Trd, 431582.400, 91
Trd, 431583.033, 103
Trd, 431583.083, 105
Trd, 431584.017, 105
Trd, 431584.317, 106
Trd, 431584.467, 110
Trd, 431584.583, 92
Trd, 431585.017, 93
Trd, 431585.867, 95
Trd, 431587.683, 105
Trd, 431587.817, 104
Trd, 431588.450, 103
Trd, 431588.967, 102
Trd, 431590.500, 101
Trd, 431590.783, 98
Trd, 431591.667, 101
Trd, 431591.817, 102
Trd, 431592.033, 105
Trd, 431592.067, 109
Trd, 431592.867, 105
Trd, 431593.200, 108
Trd, 431594.000, 101
Trd, 431594.283, 112
Trd, 431595.833, 103
Trd, 431596.550, 106
Trd, 431596.783, 106
Trd, 431597.200, 107
Trd, 431597.417, 105
Trd, 431598.583, 111
Trd, 431600.100, 100
Trd, 431600.883, 98
Trd, 431601.233, 106
Trd, 431601.250, 105
Trd, 431601.417, 107
Trd, 431601.483, 108
Trd, 431602.233, 106
Trd, 431602.783, 108
Trd, 431604.550, 104
Trd, 431605.350, 107
Trd, 431605.933, 99
Trd, 431606.400, 98
Trd, 431606.900, 96
Trd, 431607.617, 96
Trd, 431607.850, 103
Trd, 431607.867, 111
Trd, 431608.483, 95
Trd, 431609.800, 96
Trd, 431611.567, 96
Trd, 431612.217, 95
Trd, 431612.383, 95
Trd, 431612.850, 103
Trd, 431613.583, 94
Trd, 431614.367, 99
Trd, 431615.017, 101
Trd, 431615.667, 105
Trd, 431615.967, 106
Trd, 431616.867, 98
Trd, 431617.800, 94
Trd, 431618.433, 108
Trd, 431618.483, 109
Trd, 431619.100, 109
Trd, 431619.183, 90
Trd, 431620.633, 94
Trd, 431621.600, 96
Trd, 431621.650, 97
Trd, 431622.100, 106
Trd, 431622.550, 102
Trd, 431625.300, 105
Trd, 431625.367, 104
Trd, 431625.600, 105
Trd, 431626.300, 106
Trd, 431626.450, 101
Trd, 431626.467, 100
Trd, 431626.950, 98
Trd, 431627.517, 95
Trd, 431627.983, 111
Trd, 431628.217, 90
Trd, 431630.283, 109
Trd, 431630.367, 105
Trd, 431630.850, 112
Trd, 431632.550, 96
Trd, 431633.050, 94
Trd, 431633.317, 93
Trd, 431633.333, 107
Trd, 431635.067, 101
Trd, 431635.383, 102
Trd, 431635.967, 96
Trd, 431636.333, 96
Trd, 431636.650, 99
Trd, 431637.300, 98
Trd, 431637.667, 96
Trd, 431637.700, 96
Trd, 431637.850, 95
Trd, 431638.300, 96
Trd, 431638.350, 99
Trd, 431638.417, 94
Trd, 431639.000, 90
Trd, 431639.617, 104
Trd, 431639.867, 89
Trd, 431641.933, 94
Trd, 431642.433, 94
Trd, 431642.650, 88
Trd, 431642.800, 95
Trd, 431644.283, 105
Trd, 431645.467, 95
Trd, 431646.550, 106
Trd, 431647.233, 98
Trd, 431648.533, 102
Trd, 431649.617, 102
Trd, 431649.667, 103
Trd, 431650.083, 102
Trd, 431650.617, 101
Trd, 431651.183, 98
Trd, 431651.650, 106
Trd, 431652.650, 113
Trd, 431652.700, 102
Trd, 431652.733, 95
Trd, 431654.367, 93
Trd, 431654.450, 105
Trd, 431655.567, 105
Trd, 431655.650, 106
Trd, 431657.750, 106
Trd, 431658.333, 109
Trd, 431658.500, 110
Trd, 431660.200, 107
Trd, 431661.517, 106
Trd, 431661.783, 106
Trd, 431661.850, 105
Trd, 431663.533, 101
Trd, 431663.767, 99
Trd, 431663.867, 104
Trd, 431664.033, 98
Trd, 431664.633, 105
Trd, 431666.033, 103
Trd, 431666.083, 102
Trd, 431666.433, 106
Trd, 431666.717, 107
Trd, 431667.017, 109
Trd, 431667.217, 100
Trd, 431667.250, 110
Trd, 431668.133, 96
Trd, 431668.233, 99
Trd, 431670.017, 98
Trd, 431670.533, 106
Trd, 431670.883, 95
Trd, 431671.233, 106
Trd, 431671.850, 98
Trd, 431671.917, 102
Trd, 431673.167, 99
Trd, 431673.850, 97
Trd, 431674.917, 95
Trd, 431676.100, 95
Trd, 431676.817, 93
Trd, 431676.867, 93
Trd, 431676.950, 95
Trd, 431677.133, 97
Trd, 431678.433, 95
Trd, 431679.450, 96
Trd, 431679.650, 95
Trd, 431679.983, 94
Trd, 431680.617, 94
Trd, 431682.300, 109
Trd, 431683.367, 111
Trd, 431684.217, 115
Trd, 431684.367, 97
Trd, 431684.667, 103
Trd, 431685.183, 109
Trd, 431686.633, 106
Trd, 431686.683, 107
Trd, 431686.783, 108
Trd, 431688.967, 101
Trd, 431689.567, 102
Trd, 431690.583, 99
Trd, 431690.633, 98
Trd, 431690.917, 101
Trd, 431691.867, 111
Trd, 431692.717, 100
Trd, 431693.133, 99
Trd, 431694.200, 114
Trd, 431694.533, 99
Trd, 431695.283, 109
Trd, 431695.800, 98
Trd, 431696.083, 95
Trd, 431696.900, 93
Trd, 431697.033, 106
Trd, 431697.600, 94
Trd, 431698.117, 102
Trd, 431698.667, 106
Trd, 431698.917, 94
Trd, 431699.117, 93
Trd, 431699.533, 94
Trd, 431699.550, 90
Trd, 431699.850, 95
Trd, 431700.967, 116
Trd, 431702.233, 112
Trd, 431702.650, 105
Trd, 431703.417, 105
Trd, 431704.283, 106
Trd, 431704.867, 105
Trd, 431706.150, 100
Trd, 431706.533, 100
Trd, 431706.783, 98
Trd, 431707.733, 99
Trd, 431708.917, 101
Trd, 431709.200, 105
Trd, 431710.250, 91
Trd, 431711.217, 90
Trd, 431711.800, 87
Trd, 431713.750, 90
Trd, 431713.883, 91
Trd, 431714.017, 92
Trd, 431715.050, 92
Trd, 431715.200, 93
Trd, 431715.283, 99
Trd, 431716.083, 106
Trd, 431716.500, 106
Trd, 431716.567, 100
Trd, 431716.983, 96
Trd, 431718.433, 100
Trd, 431718.733, 104
Trd, 431718.967, 100
Trd, 431719.817, 102
Trd, 431720.050, 103
Trd, 431721.167, 102
Trd, 431722.067, 103
Trd, 431722.400, 102
Trd, 431722.683, 98
Trd, 431724.983, 109
Trd, 431725.567, 113
Trd, 431725.750, 108
Trd, 431726.783, 108
Trd, 431727.267, 107
Trd, 431727.767, 99
Trd, 431728.383, 105
Trd, 431729.700, 99
Trd, 431729.883, 98
Trd, 431730.950, 96
Trd, 431731.400, 97
Trd, 431731.533, 98
Trd, 431733.217, 101
Trd, 431733.967, 101
Trd, 431734.367, 100
Trd, 431734.700, 101
Trd, 431735.117, 99
Trd, 431735.133, 95
Trd, 431737.000, 98
Trd, 431737.467, 95
Trd, 431737.517, 98
Trd, 431737.733, 106
Trd, 431737.750, 94
Trd, 431737.867, 93
Trd, 431738.417, 109
Trd, 431742.217, 98
Trd, 431742.400, 100
Trd, 431742.500, 99
Trd, 431742.583, 101
Trd, 431744.017, 96
Trd, 431744.517, 95
Trd, 431744.533, 87
Trd, 431744.683, 87
Trd, 431745.767, 95
Trd, 431745.900, 97
Trd, 431746.150, 100
Trd, 431746.383, 106
Trd, 431747.633, 104
Trd, 431747.783, 93
Trd, 431748.717, 96
Trd, 431750.183, 100
Trd, 431751.233, 106
Trd, 431751.817, 109
Trd, 431752.050, 121
Trd, 431752.417, 106
Trd, 431754.267, 117
Trd, 431755.133, 115
Trd, 431755.267, 108
Trd, 431755.650, 115
Trd, 431755.733, 107
Trd, 431756.233, 109
Trd, 431756.500, 95
Trd, 431756.850, 94
Trd, 431757.250, 99
Trd, 431757.933, 99
Trd, 431760.000, 105
Trd, 431760.417, 105
Trd, 431760.717, 101
Trd, 431760.967, 101
Trd, 431761.500, 100
Trd, 431762.283, 99
Trd, 431762.967, 99
Trd, 431763.700, 98
Trd, 431763.800, 100
Trd, 431764.200, 100
Trd, 431765.050, 103
Trd, 431765.117, 96
Trd, 431766.367, 103
Trd, 431766.417, 95
Trd, 431766.567, 105
Trd, 431767.483, 90
Trd, 431767.867, 97
Trd, 431768.100, 89
Trd, 431768.533, 104
Trd, 431770.400, 90
Trd, 431771.633, 91
Trd, 431771.983, 90
Trd, 431772.333, 89
Trd, 431773.567, 88
Trd, 431773.650, 87
Trd, 431774.417, 92
Trd, 431774.567, 93
Trd, 431774.583, 98
Trd, 431775.467, 106
Trd, 431775.483, 106
Trd, 431775.817, 105
Trd, 431776.383, 107
Trd, 431776.633, 112
Trd, 431777.700, 103
Trd, 431778.333, 95
Trd, 431779.033, 94
Trd, 431779.367, 94
Trd, 431780.433, 95
Trd, 431781.283, 96
Trd, 431781.817, 94
Trd, 431782.133, 93
Trd, 431782.150, 95
Trd, 431783.933, 98
Trd, 431784.400, 97
Trd, 431784.783, 106
Trd, 431785.483, 106
Trd, 431785.600, 107
Trd, 431786.733, 100
Trd, 431786.950, 114
Trd, 431787.617, 100
Trd, 431788.217, 109
Trd, 431789.367, 105
Trd, 431789.917, 99
Trd, 431790.383, 102
Trd, 431791.017, 98
Trd, 431791.267, 90
Trd, 431791.883, 97
Trd, 431792.417, 106
Trd, 431792.567, 109
Trd, 431793.933, 109
Trd, 431795.350, 100
Trd, 431796.017, 108
Trd, 431796.617, 105
Trd, 431797.750, 105
Trd, 431797.917, 105
Trd, 431798.550, 105
Trd, 431798.800, 104
Trd, 431799.367, 95
Trd, 431799.667, 94
Trd, 431800.933, 94
Trd, 431801.167, 93
Trd, 431801.783, 90
Trd, 431802.433, 93
Trd, 431803.200, 90
Trd, 431803.300, 88
Trd, 431804.917, 94
Trd, 431805.683, 95
Trd, 431805.917, 101
Trd, 431806.183, 106
Trd, 431806.400, 109
Trd, 431807.317, 116
Trd, 431808.383, 115
Trd, 431809.000, 116
Trd, 431810.167, 115
Trd, 431810.750, 116
Trd, 431810.800, 115
Trd, 431811.300, 93
Trd, 431813.133, 113
Trd, 431813.567, 103
Trd, 431813.783, 102
Trd, 431813.883, 92
Trd, 431814.217, 87
Trd, 431814.583, 112
Trd, 431815.250, 86
Trd, 431815.567, 108
Trd, 431816.567, 107
Trd, 431817.717, 109
Trd, 431818.233, 108
Trd, 431819.317, 106
Trd, 431819.450, 98
Trd, 431820.017, 105
Trd, 431820.250, 99
Trd, 431820.733, 98
Trd, 431820.767, 100
Trd, 431820.967, 105
Trd, 431821.433, 95
Trd, 431821.867, 94
Trd, 431821.917, 106
Trd, 431822.750, 106
Trd, 431823.033, 110
Trd, 431823.717, 111
Trd, 431825.317, 110
Trd, 431826.650, 109
Trd, 431827.267, 101
Trd, 431828.050, 104
Trd, 431829.633, 114
Trd, 431830.033, 112
Trd, 431830.717, 114
Trd, 431831.967, 108
Trd, 431832.633, 112
Trd, 431833.117, 108
Trd, 431833.317, 106
Trd, 431833.333, 110
Trd, 431834.100, 98
Trd, 431834.450, 107
Trd, 431835.083, 107
Trd, 431837.167, 98
Trd, 431837.217, 95
Trd, 431837.750, 96
Trd, 431838.017, 95
Trd, 431838.117, 94
Trd, 431838.783, 101
Trd, 431839.700, 101
Trd, 431840.067, 101
Trd, 431840.167, 97
Trd, 431841.083, 100
Trd, 431841.433, 107
Trd, 431844.300, 109
Trd, 431844.417, 108
Trd, 431844.533, 109
Trd, 431845.317, 106
Trd, 431845.817, 110
Trd, 431846.750, 107
Trd, 431846.950, 109
Trd, 431848.467, 105
Trd, 431849.867, 101
Trd, 431850.767, 102
Trd, 431851.217, 102
Trd, 431852.217, 101
Trd, 431852.250, 100
Trd, 431852.750, 98
Trd, 431852.850, 98
Trd, 431852.883, 100
Trd, 431853.300, 93
Trd, 431853.767, 90
Trd, 431856.133, 90
Trd, 431856.683, 90
Trd, 431856.733, 89
Trd, 431857.783, 85
Trd, 431857.800, 98
Trd, 431858.617, 105
Trd, 431858.817, 106
Trd, 431860.133, 110
Trd, 431860.250, 109
Trd, 431860.567, 108
Trd, 431860.900, 98
Trd, 431861.217, 93
Trd, 431861.283, 107
Trd, 431863.017, 103
Trd, 431864.100, 108
Trd, 431864.333, 103
Trd, 431864.467, 103
Trd, 431864.867, 106
Trd, 431865.417, 106
Trd, 431867.117, 104
Trd, 431867.867, 103
Trd, 431868.383, 102
Trd, 431868.400, 100
Trd, 431868.450, 95
Trd, 431869.900, 89
Trd, 431870.800, 103
Trd, 431873.067, 91
Trd, 431873.217, 91
Trd, 431873.650, 92
Trd, 431873.983, 93
Trd, 431874.250, 95
Trd, 431874.817, 105
Trd, 431874.833, 105
Trd, 431875.317, 100
Trd, 431876.167, 93
Trd, 431876.217, 106
Trd, 431877.150, 109
Trd, 431878.117, 91
Trd, 431878.417, 87
Trd, 431879.417, 102
Trd, 431880.333, 91
Trd, 431880.433, 90
Trd, 431881.517, 94
Trd, 431881.867, 95
Trd, 431882.633, 98
Trd, 431883.933, 104
Trd, 431884.100, 106
Trd, 431884.317, 102
Trd, 431885.000, 107
Trd, 431886.500, 106
Trd, 431886.533, 105
Trd, 431886.800, 104
Trd, 431886.967, 106
Trd, 431887.250, 107
Trd, 431888.200, 109
Trd, 431888.350, 111
Trd, 431889.067, 114
Trd, 431889.100, 117
Trd, 431890.533, 116
Trd, 431890.650, 114
Trd, 431890.767, 110
Trd, 431890.883, 106
Trd, 431891.883, 104
Trd, 431892.517, 105
Trd, 431892.950, 100
Trd, 431893.867, 98
Trd, 431894.617, 98
Trd, 431894.917, 95
Trd, 431895.083, 100
Trd, 431896.000, 96
Trd, 431896.367, 95
Trd, 431896.400, 97
Trd, 431897.317, 105
Trd, 431897.367, 106
Trd, 431897.567, 113
Trd, 431897.933, 94
Trd, 431898.200, 93
Trd, 431898.767, 107
Trd, 431898.817, 106
Trd, 431900.950, 89
Trd, 431901.067, 94
Trd, 431903.333, 93
Trd, 431905.200, 97
Trd, 431905.267, 98
Trd, 431905.483, 99
Trd, 431905.667, 101
Trd, 431905.900, 92
Trd, 431907.117, 99
Trd, 431907.400, 98
Trd, 431907.783, 98
Trd, 431909.900, 97
Trd, 431909.967, 104
Trd, 431910.117, 91
Trd, 431912.183, 100
Trd, 431912.400, 93
Trd, 431913.200, 91
Trd, 431913.517, 90
Trd, 431914.100, 90
Trd, 431915.533, 90
Trd, 431915.683, 91
Trd, 431915.783, 98
Trd, 431916.000, 106
Trd, 431916.367, 110
Trd, 431916.633, 92
Trd, 431917.200, 91
Trd, 431917.833, 91
Trd, 431918.283, 107
Trd, 431918.500, 90
Trd, 431919.083, 101
Trd, 431920.050, 96
Trd, 431920.650, 95
Trd, 431921.117, 97
Trd, 431921.250, 106
Trd, 431921.283, 93
Trd, 431921.950, 110
Trd, 431924.100, 110
Trd, 431924.350, 109
Trd, 431924.500, 111
Trd, 431925.483, 98
Trd, 431925.767, 98
Trd, 431926.600, 107
Trd, 431926.650, 97
Trd, 431928.133, 106
Trd, 431928.517, 102
Trd, 431928.867, 105
Trd, 431929.283, 100
Trd, 431930.900, 104
Trd, 431932.717, 95
Trd, 431932.750, 94
Trd, 431933.650, 95
Trd, 431934.150, 95
Trd, 431934.367, 96
Trd, 431934.450, 93
Trd, 431935.133, 92
Trd, 431935.800, 102
Trd, 431936.817, 101
Trd, 431937.067, 101
Trd, 431937.783, 89
Trd, 431938.233, 101
Trd, 431938.750, 106
Trd, 431938.833, 88
Trd, 431939.617, 114
Trd, 431940.383, 93
Trd, 431940.850, 94
Trd, 431941.067, 95
Trd, 431941.283, 101
Trd, 431942.517, 111
Trd, 431943.217, 98
Trd, 431943.767, 109
Trd, 431945.083, 100
Trd, 431947.300, 100
Trd, 431947.400, 98
Trd, 431947.900, 99
Trd, 431947.933, 100
Trd, 431948.300, 102
Trd, 431948.383, 96
Trd, 431950.167, 96
Trd, 431950.283, 104
Trd, 431950.500, 106
Trd, 431950.833, 96
Trd, 431952.250, 98
Trd, 431952.433, 104
Trd, 431952.517, 108
Trd, 431952.933, 95
Trd, 431953.300, 93
Trd, 431954.417, 105
Trd, 431955.167, 103
Trd, 431955.917, 99
Trd, 431956.267, 103
Trd, 431957.667, 100
Trd, 431958.050, 98
Trd, 431958.233, 89
Trd, 431958.583, 88
Trd, 431958.983, 104
Trd, 431959.050, 105
Trd, 431960.617, 112
Trd, 431961.833, 109
Trd, 431962.267, 97
Trd, 431962.967, 97
Trd, 431963.283, 102
Trd, 431964.233, 101
Trd, 431964.433, 101
Trd, 431965.450, 98
Trd, 431965.633, 98
Trd, 431965.967, 97
Trd, 431966.717, 98
Trd, 431967.933, 97
Trd, 431968.300, 97
Trd, 431968.467, 95
Trd, 431968.533, 98
Trd, 431970.067, 94
Trd, 431971.450, 102
Trd, 431973.250, 106
Trd, 431973.283, 104
Trd, 431973.933, 107
Trd, 431974.000, 106
Trd, 431974.483, 103
Trd, 431976.067, 93
Trd, 431976.467, 94
Trd, 431976.633, 95
Trd, 431977.733, 90
Trd, 431978.233, 93
Trd, 431978.250, 94
Trd, 431978.483, 98
Trd, 431978.500, 106
Trd, 431978.583, 98
Trd, 431978.617, 87
Trd, 431981.467, 103
Trd, 431981.617, 104
Trd, 431981.733, 102
Trd, 431982.283, 104
Trd, 431982.650, 106
Trd, 431983.167, 106
Trd, 431984.467, 112
Trd, 431985.317, 109
Trd, 431986.267, 112
Trd, 431986.850, 112
Trd, 431987.133, 111
Trd, 431987.183, 109
Trd, 431987.717, 112
Trd, 431988.467, 99
Trd, 431988.817, 109
Trd, 431990.183, 110
Trd, 431990.533, 106
Trd, 431990.933, 105
Trd, 431991.017, 104
Trd, 431991.100, 112
Trd, 431993.867, 98
Trd, 431994.533, 95
Trd, 431995.850, 96
Trd, 431996.083, 103
Trd, 431997.283, 98
Trd, 431997.350, 99
Trd, 431997.583, 97
Trd, 431997.967, 101
Trd, 431998.667, 96
Trd, 431998.967, 103
