Trd, 430615.050, 103
Trd, 430615.233, 99
Trd, 430616.100, 96
Trd, 430616.883, 107
Trd, 430618.000, 96
Trd, 430618.083, 112
Trd, 430618.167, 93
Trd, 430620.150, 113
Trd, 430620.517, 82
Trd, 430621.633, 93
Trd, 430622.183, 106
Trd, 430622.300, 108
Trd, 430622.367, 83
Trd, 430623.900, 102
Trd, 430624.350, 106
Trd, 430624.517, 107
Trd, 430625.400, 109
Trd, 430625.767, 114
Trd, 430626.900, 113
Trd, 430627.917, 89
Trd, 430628.967, 96
Trd, 430628.983, 81
Trd, 430630.417, 100
Trd, 430631.233, 118
Trd, 430631.633, 82
Trd, 430632.800, 103
Trd, 430632.883, 106
Trd, 430633.700, 105
Trd, 430634.283, 86
Trd, 430634.667, 87
Trd, 430637.367, 98
Trd, 430638.600, 99
Trd, 430639.117, 90
Trd, 430640.750, 96
Trd, 430640.967, 93
Trd, 430642.133, 101
Trd, 430642.383, 106
Trd, 430643.167, 94
Trd, 430647.267, 97
Trd, 430647.500, 103
Trd, 430648.050, 104
Trd, 430648.167, 105
Trd, 430648.933, 92
Trd, 430649.000, 91
Trd, 430650.500, 101
Trd, 430651.217, 90
Trd, 430651.417, 112
Trd, 430652.033, 98
Trd, 430652.283, 90
Trd, 430652.517, 84
Trd, 430653.667, 123
Trd, 430654.267, 107
Trd, 430654.417, 100
Trd, 430654.650, 109
Trd, 430656.117, 99
Trd, 430656.833, 114
Trd, 430657.917, 124
Trd, 430658.233, 103
Trd, 430659.017, 88
Trd, 430660.700, 84
Trd, 430661.033, 95
Trd, 430661.667, 93
Trd, 430665.067, 99
Trd, 430666.900, 113
Trd, 430667.833, 89
Trd, 430669.050, 108
Trd, 430669.133, 100
Trd, 430669.600, 90
Trd, 430669.650, 108
Trd, 430670.917, 112
Trd, 430671.317, 94
Trd, 430672.333, 110
Trd, 430672.550, 102
Trd, 430673.717, 108
Trd, 430675.167, 96
Trd, 430675.600, 88
Trd, 430676.000, 95
Trd, 430677.233, 103
Trd, 430677.300, 107
Trd, 430678.117, 105
Trd, 430679.600, 97
Trd, 430680.217, 98
Trd, 430681.450, 87
Trd, 430681.517, 101
Trd, 430681.967, 84
Trd, 430682.167, 114
Trd, 430683.017, 109
Trd, 430684.067, 105
Trd, 430684.917, 101
Trd, 430685.633, 95
Trd, 430686.917, 97
Trd, 430687.617, 101
Trd, 430688.483, 84
Trd, 430691.633, 103
Trd, 430692.100, 91
Trd, 430692.967, 95
Trd, 430692.983, 108
Trd, 430694.317, 84
Trd, 430694.717, 80
Trd, 430694.867, 85
Trd, 430695.650, 91
Trd, 430695.683, 93
Trd, 430695.833, 93
Trd, 430696.283, 112
Trd, 430697.983, 115
Trd, 430698.717, 113
Trd, 430698.750, 108
Trd, 430699.633, 117
Trd, 430700.100, 89
Trd, 430702.917, 103
Trd, 430703.000, 87
Trd, 430703.517, 98
Trd, 430704.167, 102
Trd, 430704.600, 101
Trd, 430704.867, 100
Trd, 430705.800, 96
Trd, 430707.517, 95
Trd, 430708.383, 118
Trd, 430708.950, 111
Trd, 430710.333, 114
Trd, 430710.583, 111
Trd, 430711.483, 104
Trd, 430711.833, 102
Trd, 430711.933, 99
Trd, 430712.233, 93
Trd, 430712.917, 95
Trd, 430715.000, 85
Trd, 430716.850, 95
Trd, 430717.617, 98
Trd, 430717.783, 99
Trd, 430719.817, 98
Trd, 430719.850, 105
Trd, 430721.867, 90
Trd, 430722.950, 103
Trd, 430723.050, 101
Trd, 430723.683, 102
Trd, 430724.483, 102
Trd, 430725.000, 96
Trd, 430726.500, 118
Trd, 430728.350, 106
Trd, 430728.650, 100
Trd, 430728.950, 98
Trd, 430729.650, 102
Trd, 430730.383, 98
Trd, 430731.300, 106
Trd, 430732.000, 99
Trd, 430732.717, 94
Trd, 430733.483, 93
Trd, 430734.450, 118
Trd, 430734.533, 109
Trd, 430735.450, 99
Trd, 430735.800, 104
Trd, 430736.483, 91
Trd, 430738.417, 115
Trd, 430739.367, 106
Trd, 430740.633, 110
Trd, 430741.833, 98
Trd, 430742.167, 111
Trd, 430743.267, 101
Trd, 430746.567, 103
Trd, 430746.900, 93
Trd, 430747.383, 103
Trd, 430747.617, 96
Trd, 430748.783, 112
Trd, 430749.567, 99
Trd, 430751.750, 95
Trd, 430751.950, 106
Trd, 430753.100, 108
Trd, 430753.883, 118
Trd, 430753.950, 111
Trd, 430754.183, 99
Trd, 430754.633, 119
Trd, 430756.167, 104
Trd, 430756.200, 106
Trd, 430757.600, 95
Trd, 430758.083, 94
Trd, 430759.167, 88
Trd, 430759.450, 109
Trd, 430760.950, 80
Trd, 430761.000, 82
Trd, 430762.083, 99
Trd, 430762.317, 97
Trd, 430762.867, 93
Trd, 430763.167, 86
Trd, 430763.650, 98
Trd, 430764.200, 101
Trd, 430766.433, 100
Trd, 430766.750, 101
Trd, 430767.183, 108
Trd, 430767.767, 101
Trd, 430768.433, 96
Trd, 430769.350, 113
Trd, 430769.633, 106
Trd, 430771.317, 89
Trd, 430771.650, 103
Trd, 430773.000, 102
Trd, 430773.117, 101
Trd, 430773.783, 108
Trd, 430773.867, 95
Trd, 430775.267, 111
Trd, 430775.783, 114
Trd, 430777.367, 93
Trd, 430777.667, 99
Trd, 430778.933, 93
Trd, 430779.017, 98
Trd, 430781.400, 98
Trd, 430781.467, 84
Trd, 430783.000, 95
Trd, 430783.183, 114
Trd, 430783.417, 112
Trd, 430783.667, 108
Trd, 430784.250, 80
Trd, 430784.583, 83
Trd, 430785.250, 88
Trd, 430785.733, 106
Trd, 430785.917, 99
Trd, 430787.417, 87
Trd, 430788.967, 79
Trd, 430789.133, 77
Trd, 430789.600, 84
Trd, 430791.833, 102
Trd, 430792.217, 104
Trd, 430793.133, 107
Trd, 430793.967, 101
Trd, 430794.367, 100
Trd, 430794.517, 106
Trd, 430795.817, 93
Trd, 430796.733, 98
Trd, 430796.883, 103
Trd, 430797.367, 86
Trd, 430797.517, 81
Trd, 430798.067, 103
Trd, 430800.183, 113
Trd, 430801.817, 125
Trd, 430802.367, 95
Trd, 430802.567, 104
Trd, 430803.083, 86
Trd, 430804.267, 120
Trd, 430805.200, 88
Trd, 430806.000, 109
Trd, 430806.367, 119
Trd, 430806.450, 80
Trd, 430807.817, 118
Trd, 430808.250, 111
Trd, 430809.433, 107
Trd, 430810.250, 109
Trd, 430810.667, 107
Trd, 430810.933, 106
Trd, 430811.683, 101
Trd, 430814.283, 109
Trd, 430815.150, 94
Trd, 430815.783, 109
Trd, 430816.383, 110
Trd, 430817.433, 103
Trd, 430817.450, 91
Trd, 430818.000, 110
Trd, 430818.983, 88
Trd, 430819.950, 86
Trd, 430821.067, 101
Trd, 430821.333, 102
Trd, 430822.083, 106
Trd, 430822.200, 100
Trd, 430822.500, 102
Trd, 430823.517, 91
Trd, 430825.900, 111
Trd, 430826.383, 116
Trd, 430827.333, 117
Trd, 430829.733, 94
Trd, 430829.917, 79
Trd, 430830.183, 105
Trd, 430830.850, 99
Trd, 430832.000, 112
Trd, 430832.117, 107
Trd, 430833.383, 94
Trd, 430834.300, 100
Trd, 430834.800, 109
Trd, 430835.167, 99
Trd, 430835.450, 94
Trd, 430835.783, 87
Trd, 430836.450, 85
Trd, 430838.333, 96
Trd, 430838.617, 93
Trd, 430839.467, 117
Trd, 430840.067, 103
Trd, 430841.683, 115
Trd, 430842.400, 109
Trd, 430842.517, 89
Trd, 430844.083, 111
Trd, 430844.983, 97
Trd, 430846.883, 118
Trd, 430847.867, 117
Trd, 430849.017, 80
Trd, 430849.833, 103
Trd, 430849.900, 105
Trd, 430849.950, 80
Trd, 430850.683, 102
Trd, 430852.367, 102
Trd, 430852.683, 106
Trd, 430852.817, 96
Trd, 430854.867, 102
Trd, 430855.050, 101
Trd, 430856.817, 92
Trd, 430858.883, 100
Trd, 430859.033, 100
Trd, 430859.450, 102
Trd, 430859.483, 89
Trd, 430860.500, 112
Trd, 430861.183, 112
Trd, 430861.850, 113
Trd, 430864.000, 107
Trd, 430864.683, 98
Trd, 430865.517, 92
Trd, 430866.317, 86
Trd, 430867.283, 102
Trd, 430868.283, 97
Trd, 430868.733, 113
Trd, 430870.217, 80
Trd, 430870.317, 81
Trd, 430870.650, 100
Trd, 430870.733, 109
Trd, 430871.000, 97
Trd, 430873.667, 95
Trd, 430874.217, 97
Trd, 430874.983, 95
Trd, 430875.417, 101
Trd, 430876.133, 118
Trd, 430876.850, 98
Trd, 430877.350, 102
Trd, 430878.400, 106
Trd, 430879.483, 98
Trd, 430880.400, 108
Trd, 430881.983, 113
Trd, 430882.750, 109
Trd, 430884.333, 94
Trd, 430884.417, 104
Trd, 430884.667, 106
Trd, 430884.917, 93
Trd, 430885.500, 105
Trd, 430885.767, 82
Trd, 430885.967, 118
Trd, 430886.667, 115
Trd, 430886.733, 100
Trd, 430888.517, 126
Trd, 430889.283, 119
Trd, 430890.767, 93
Trd, 430893.083, 98
Trd, 430893.183, 105
Trd, 430893.900, 107
Trd, 430895.267, 91
Trd, 430895.567, 97
Trd, 430896.533, 92
Trd, 430896.850, 88
Trd, 430896.917, 98
Trd, 430897.283, 87
Trd, 430898.200, 99
Trd, 430900.250, 89
Trd, 430900.383, 93
Trd, 430900.483, 102
Trd, 430901.383, 89
Trd, 430902.083, 108
Trd, 430902.367, 118
Trd, 430902.933, 99
Trd, 430903.917, 117
Trd, 430904.600, 107
Trd, 430905.033, 101
Trd, 430905.900, 102
Trd, 430906.067, 92
Trd, 430906.933, 117
Trd, 430909.400, 99
Trd, 430909.767, 95
Trd, 430910.300, 100
Trd, 430910.900, 92
Trd, 430911.867, 104
Trd, 430916.083, 101
Trd, 430916.450, 83
Trd, 430916.983, 94
Trd, 430917.733, 88
Trd, 430918.250, 94
Trd, 430918.800, 95
Trd, 430919.583, 105
Trd, 430919.983, 99
Trd, 430920.400, 116
Trd, 430920.800, 98
Trd, 430921.450, 103
Trd, 430921.750, 88
Trd, 430923.417, 81
Trd, 430923.950, 101
Trd, 430924.917, 95
Trd, 430925.000, 94
Trd, 430925.900, 92
Trd, 430926.283, 97
Trd, 430926.383, 96
Trd, 430926.883, 118
Trd, 430927.083, 85
Trd, 430928.483, 89
Trd, 430929.317, 110
Trd, 430929.650, 109
Trd, 430932.850, 110
Trd, 430933.917, 95
Trd, 430933.983, 96
Trd, 430934.800, 90
Trd, 430935.333, 92
Trd, 430935.433, 86
Trd, 430935.617, 93
Trd, 430936.983, 101
Trd, 430937.517, 103
Trd, 430938.417, 92
Trd, 430938.733, 101
Trd, 430939.000, 104
Trd, 430939.383, 118
Trd, 430940.450, 108
Trd, 430942.983, 111
Trd, 430943.617, 93
Trd, 430944.300, 97
Trd, 430944.483, 97
Trd, 430945.333, 116
Trd, 430948.700, 110
Trd, 430949.817, 118
Trd, 430949.867, 94
Trd, 430950.967, 88
Trd, 430952.883, 97
Trd, 430953.500, 104
Trd, 430953.550, 115
Trd, 430954.033, 106
Trd, 430954.217, 99
Trd, 430954.367, 98
Trd, 430954.833, 87
Trd, 430956.617, 96
Trd, 430956.717, 101
Trd, 430957.033, 95
Trd, 430957.300, 91
Trd, 430960.733, 93
Trd, 430962.150, 95
Trd, 430962.367, 95
Trd, 430962.567, 100
Trd, 430962.983, 98
Trd, 430964.050, 113
Trd, 430964.150, 94
Trd, 430964.433, 93
Trd, 430966.367, 114
Trd, 430966.833, 105
Trd, 430967.200, 97
Trd, 430967.483, 87
Trd, 430967.683, 100
Trd, 430968.033, 108
Trd, 430968.950, 112
Trd, 430971.383, 108
Trd, 430971.400, 107
Trd, 430971.483, 106
Trd, 430971.850, 111
Trd, 430972.050, 118
Trd, 430973.267, 107
Trd, 430974.667, 110
Trd, 430975.050, 111
Trd, 430975.483, 106
Trd, 430975.700, 89
Trd, 430976.567, 83
Trd, 430979.933, 113
Trd, 430980.100, 91
Trd, 430981.183, 80
Trd, 430981.900, 92
Trd, 430982.217, 100
Trd, 430982.900, 92
Trd, 430983.050, 89
Trd, 430983.250, 87
Trd, 430983.967, 102
Trd, 430984.717, 95
Trd, 430984.983, 101
Trd, 430985.800, 103
Trd, 430985.850, 90
Trd, 430986.900, 95
Trd, 430987.683, 101
Trd, 430990.167, 105
Trd, 430990.250, 111
Trd, 430992.233, 91
Trd, 430992.300, 95
Trd, 430993.550, 103
Trd, 430994.667, 104
Trd, 430994.683, 85
Trd, 430996.200, 110
Trd, 430997.017, 99
Trd, 430997.567, 108
Trd, 430998.383, 97
Trd, 430998.867, 96
Trd, 430999.583, 95
Trd, 430999.650, 118
Trd, 431001.650, 120
Trd, 431003.150, 99
Trd, 431003.783, 96
Trd, 431003.817, 105
Trd, 431003.967, 86
Trd, 431004.883, 96
Trd, 431005.300, 100
Trd, 431007.217, 111
Trd, 431008.533, 94
Trd, 431008.950, 99
Trd, 431010.850, 105
Trd, 431011.800, 105
Trd, 431011.983, 94
Trd, 431013.333, 110
Trd, 431013.883, 102
Trd, 431015.617, 116
Trd, 431015.717, 119
Trd, 431015.950, 97
Trd, 431016.850, 96
Trd, 431017.500, 101
Trd, 431017.783, 104
Trd, 431018.600, 95
Trd, 431019.200, 118
Trd, 431019.517, 117
Trd, 431020.050, 107
Trd, 431020.267, 93
Trd, 431022.083, 91
Trd, 431022.133, 83
Trd, 431024.267, 99
Trd, 431025.233, 105
Trd, 431025.633, 90
Trd, 431026.817, 100
Trd, 431028.600, 94
Trd, 431028.733, 92
Trd, 431029.033, 81
Trd, 431030.967, 99
Trd, 431031.633, 113
Trd, 431031.883, 106
Trd, 431033.917, 87
Trd, 431034.883, 104
Trd, 431035.100, 90
Trd, 431036.300, 102
Trd, 431038.467, 99
Trd, 431038.483, 94
Trd, 431039.633, 100
Trd, 431039.733, 102
Trd, 431041.300, 89
Trd, 431041.867, 99
Trd, 431042.567, 87
Trd, 431043.567, 93
Trd, 431045.567, 92
Trd, 431047.700, 103
Trd, 431047.800, 104
Trd, 431049.350, 85
Trd, 431049.767, 94
Trd, 431051.617, 91
Trd, 431052.083, 103
Trd, 431052.167, 105
Trd, 431053.233, 106
Trd, 431054.050, 110
Trd, 431054.817, 118
Trd, 431056.183, 103
Trd, 431057.650, 93
Trd, 431059.050, 122
Trd, 431059.167, 109
Trd, 431059.433, 94
Trd, 431059.817, 116
Trd, 431061.633, 86
Trd, 431063.083, 109
Trd, 431064.117, 107
Trd, 431064.233, 93
Trd, 431064.367, 86
Trd, 431066.133, 97
Trd, 431067.400, 88
Trd, 431067.483, 108
Trd, 431067.650, 92
Trd, 431069.050, 84
Trd, 431069.200, 118
Trd, 431070.667, 112
Trd, 431070.817, 118
Trd, 431071.050, 103
Trd, 431071.133, 95
Trd, 431073.483, 100
Trd, 431075.317, 101
Trd, 431075.950, 83
Trd, 431076.017, 93
Trd, 431076.950, 91
Trd, 431077.967, 102
Trd, 431078.167, 105
Trd, 431078.983, 94
Trd, 431080.850, 102
Trd, 431081.000, 91
Trd, 431081.733, 103
Trd, 431081.833, 104
Trd, 431082.183, 98
Trd, 431084.500, 113
Trd, 431084.800, 101
Trd, 431086.833, 111
Trd, 431087.283, 106
Trd, 431088.867, 111
Trd, 431089.100, 104
Trd, 431091.067, 103
Trd, 431091.500, 95
Trd, 431092.633, 103
Trd, 431093.550, 89
Trd, 431093.850, 109
Trd, 431094.950, 107
Trd, 431095.517, 113
Trd, 431096.317, 110
Trd, 431097.117, 99
Trd, 431097.333, 107
Trd, 431098.100, 81
Trd, 431098.850, 97
Trd, 431098.950, 84
Trd, 431099.817, 76
Trd, 431100.333, 96
Trd, 431103.133, 92
Trd, 431104.233, 112
Trd, 431105.867, 100
Trd, 431107.933, 108
Trd, 431108.133, 100
Trd, 431108.267, 100
Trd, 431108.667, 97
Trd, 431109.433, 102
Trd, 431109.983, 96
Trd, 431110.133, 100
Trd, 431110.533, 95
Trd, 431110.650, 118
Trd, 431111.967, 85
Trd, 431112.550, 117
Trd, 431112.667, 118
Trd, 431113.133, 105
Trd, 431113.467, 115
Trd, 431115.400, 96
Trd, 431117.367, 108
Trd, 431118.433, 97
Trd, 431118.967, 104
Trd, 431119.650, 106
Trd, 431120.833, 100
Trd, 431121.617, 113
Trd, 431123.100, 102
Trd, 431123.850, 103
Trd, 431123.883, 98
Trd, 431124.733, 111
Trd, 431124.867, 95
Trd, 431125.283, 101
Trd, 431125.667, 95
Trd, 431127.883, 95
Trd, 431129.567, 108
Trd, 431129.967, 91
Trd, 431130.100, 113
Trd, 431130.550, 99
Trd, 431130.817, 105
Trd, 431131.417, 113
Trd, 431131.667, 97
Trd, 431133.183, 107
Trd, 431134.133, 83
Trd, 431135.283, 106
Trd, 431136.683, 85
Trd, 431136.733, 109
Trd, 431137.967, 100
Trd, 431139.617, 99
Trd, 431139.817, 121
Trd, 431140.083, 91
Trd, 431142.067, 116
Trd, 431143.333, 120
Trd, 431144.933, 107
Trd, 431145.050, 98
Trd, 431145.450, 97
Trd, 431146.367, 96
Trd, 431146.633, 94
Trd, 431148.283, 92
Trd, 431149.267, 92
Trd, 431150.400, 112
Trd, 431150.533, 110
Trd, 431151.417, 99
Trd, 431151.617, 106
Trd, 431153.567, 103
Trd, 431153.883, 94
Trd, 431154.867, 97
Trd, 431155.267, 93
Trd, 431155.300, 96
Trd, 431156.033, 94
Trd, 431157.917, 112
Trd, 431158.567, 93
Trd, 431159.683, 87
Trd, 431159.867, 91
Trd, 431160.133, 102
Trd, 431160.533, 111
Trd, 431160.667, 109
Trd, 431161.800, 95
Trd, 431162.850, 97
Trd, 431163.417, 101
Trd, 431164.867, 116
Trd, 431165.083, 111
Trd, 431166.200, 106
Trd, 431166.917, 104
Trd, 431167.400, 98
Trd, 431167.817, 95
Trd, 431168.167, 98
Trd, 431168.300, 105
Trd, 431169.533, 99
Trd, 431170.517, 104
Trd, 431173.067, 101
Trd, 431175.333, 99
Trd, 431175.517, 95
Trd, 431176.500, 92
Trd, 431176.517, 92
Trd, 431176.633, 106
Trd, 431176.733, 87
Trd, 431177.767, 109
Trd, 431177.883, 104
Trd, 431177.900, 114
Trd, 431180.350, 108
Trd, 431180.917, 107
Trd, 431181.083, 109
Trd, 431182.583, 90
Trd, 431182.883, 106
Trd, 431184.183, 90
Trd, 431184.850, 101
Trd, 431185.067, 88
Trd, 431186.867, 103
Trd, 431187.900, 95
Trd, 431188.367, 118
Trd, 431188.717, 106
Trd, 431189.983, 94
Trd, 431190.233, 108
Trd, 431192.650, 108
Trd, 431193.067, 121
Trd, 431193.367, 103
Trd, 431194.417, 110
Trd, 431194.733, 98
Trd, 431194.850, 99
Trd, 431195.650, 98
Trd, 431196.167, 89
Trd, 431196.367, 90
Trd, 431197.300, 98
Trd, 431197.717, 106
Trd, 431197.833, 100
Trd, 431198.533, 80
Trd, 431199.100, 88
Trd, 431200.150, 115
Trd, 431200.683, 118
Trd, 431203.233, 93
Trd, 431203.633, 109
Trd, 431204.350, 112
Trd, 431204.600, 94
Trd, 431206.117, 92
Trd, 431206.317, 86
Trd, 431207.017, 104
Trd, 431207.833, 91
Trd, 431208.083, 106
Trd, 431209.417, 105
Trd, 431210.083, 98
Trd, 431210.700, 114
Trd, 431211.433, 115
Trd, 431211.517, 97
Trd, 431212.283, 107
Trd, 431213.300, 102
Trd, 431213.467, 103
Trd, 431213.567, 88
Trd, 431213.933, 84
Trd, 431215.050, 86
Trd, 431216.417, 108
Trd, 431217.600, 102
Trd, 431217.967, 103
Trd, 431218.433, 84
Trd, 431220.383, 118
Trd, 431221.450, 106
Trd, 431222.100, 107
Trd, 431223.233, 105
Trd, 431225.033, 112
Trd, 431225.333, 85
Trd, 431225.417, 83
Trd, 431225.500, 79
Trd, 431226.533, 105
Trd, 431230.117, 109
Trd, 431230.517, 110
Trd, 431231.167, 102
Trd, 431233.350, 98
Trd, 431233.400, 104
Trd, 431233.983, 93
Trd, 431235.483, 101
Trd, 431235.950, 101
Trd, 431236.250, 100
Trd, 431237.450, 95
Trd, 431237.917, 103
Trd, 431239.183, 115
Trd, 431239.850, 95
Trd, 431240.550, 100
Trd, 431241.067, 116
Trd, 431241.400, 79
Trd, 431242.550, 94
Trd, 431242.633, 91
Trd, 431243.033, 90
Trd, 431244.400, 102
Trd, 431244.617, 87
Trd, 431246.217, 102
Trd, 431247.400, 99
Trd, 431248.267, 92
Trd, 431248.317, 104
Trd, 431249.083, 108
Trd, 431249.833, 101
Trd, 431250.683, 103
Trd, 431253.633, 101
Trd, 431253.667, 103
Trd, 431253.683, 104
Trd, 431254.267, 95
Trd, 431254.850, 101
Trd, 431255.767, 103
Trd, 431256.167, 108
Trd, 431256.183, 110
Trd, 431256.250, 93
Trd, 431258.217, 95
Trd, 431259.300, 99
Trd, 431260.383, 110
Trd, 431261.650, 101
Trd, 431262.483, 114
Trd, 431263.533, 99
Trd, 431264.367, 107
Trd, 431264.400, 99
Trd, 431264.800, 113
Trd, 431264.867, 100
Trd, 431266.100, 92
Trd, 431267.400, 96
Trd, 431269.367, 111
Trd, 431269.650, 93
Trd, 431272.617, 105
Trd, 431273.083, 100
Trd, 431273.667, 93
Trd, 431275.267, 93
Trd, 431275.517, 118
Trd, 431277.033, 111
Trd, 431277.267, 106
Trd, 431277.817, 95
Trd, 431277.967, 98
Trd, 431278.150, 88
Trd, 431278.333, 99
Trd, 431281.050, 106
Trd, 431281.267, 101
Trd, 431281.933, 105
Trd, 431282.533, 88
Trd, 431284.150, 99
Trd, 431285.050, 105
Trd, 431287.400, 94
Trd, 431288.017, 93
Trd, 431288.850, 105
Trd, 431289.100, 95
Trd, 431289.817, 96
Trd, 431289.917, 84
Trd, 431292.167, 110
Trd, 431292.817, 95
Trd, 431293.133, 80
Trd, 431294.050, 103
Trd, 431294.433, 108
Trd, 431295.483, 93
Trd, 431295.833, 89
Trd, 431295.917, 88
Trd, 431296.400, 86
Trd, 431296.517, 93
Trd, 431296.983, 93
Trd, 431298.233, 91
Trd, 431299.583, 96
Trd, 431300.917, 96
Trd, 431301.567, 105
Trd, 431301.800, 88
Trd, 431303.000, 101
Trd, 431304.483, 88
Trd, 431304.767, 94
Trd, 431305.050, 109
Trd, 431305.067, 118
Trd, 431305.300, 101
Trd, 431308.233, 111
Trd, 431309.050, 106
Trd, 431309.250, 104
Trd, 431310.267, 99
Trd, 431312.750, 103
Trd, 431313.050, 87
Trd, 431313.250, 104
Trd, 431315.067, 93
Trd, 431315.267, 92
Trd, 431315.700, 114
Trd, 431316.967, 111
Trd, 431317.117, 105
Trd, 431317.500, 93
Trd, 431319.467, 94
Trd, 431321.167, 99
Trd, 431322.533, 85
Trd, 431323.650, 81
Trd, 431323.767, 103
Trd, 431323.967, 108
Trd, 431325.450, 96
Trd, 431325.517, 97
Trd, 431326.283, 103
Trd, 431326.383, 110
Trd, 431327.000, 108
Trd, 431327.583, 92
Trd, 431328.717, 115
Trd, 431329.033, 102
Trd, 431329.233, 91
Trd, 431329.683, 103
Trd, 431330.517, 104
Trd, 431330.933, 115
Trd, 431331.833, 91
Trd, 431333.467, 114
Trd, 431333.883, 107
Trd, 431334.233, 102
Trd, 431335.967, 100
Trd, 431336.817, 118
Trd, 431336.967, 117
Trd, 431338.300, 101
Trd, 431339.300, 86
Trd, 431340.317, 91
Trd, 431341.083, 93
Trd, 431342.867, 94
Trd, 431343.017, 92
Trd, 431343.217, 100
Trd, 431343.750, 102
Trd, 431344.217, 84
Trd, 431344.817, 124
Trd, 431345.867, 96
Trd, 431347.417, 98
Trd, 431348.700, 89
Trd, 431349.233, 79
Trd, 431350.533, 99
Trd, 431350.700, 92
Trd, 431350.817, 108
Trd, 431351.500, 95
Trd, 431351.783, 109
Trd, 431352.800, 100
Trd, 431352.917, 89
Trd, 431353.183, 100
Trd, 431353.200, 114
Trd, 431354.350, 98
Trd, 431355.550, 97
Trd, 431356.883, 97
Trd, 431357.500, 90
Trd, 431358.650, 110
Trd, 431358.817, 97
Trd, 431360.517, 102
Trd, 431360.783, 118
Trd, 431361.183, 95
Trd, 431362.167, 97
Trd, 431363.383, 101
Trd, 431364.133, 92
Trd, 431365.033, 118
Trd, 431365.183, 114
Trd, 431365.500, 88
Trd, 431365.683, 88
Trd, 431368.233, 80
Trd, 431368.350, 88
Trd, 431369.350, 96
Trd, 431372.250, 102
Trd, 431372.317, 89
Trd, 431372.450, 114
Trd, 431373.033, 100
Trd, 431373.417, 95
Trd, 431373.667, 84
Trd, 431374.133, 103
Trd, 431375.417, 95
Trd, 431375.433, 95
Trd, 431375.633, 99
Trd, 431376.800, 103
Trd, 431377.767, 109
Trd, 431379.950, 110
Trd, 431380.800, 110
Trd, 431381.300, 100
Trd, 431381.417, 98
Trd, 431382.067, 101
Trd, 431383.550, 102
Trd, 431383.700, 118
Trd, 431383.817, 97
Trd, 431384.383, 102
Trd, 431384.717, 95
Trd, 431386.033, 107
Trd, 431386.717, 101
Trd, 431386.733, 92
Trd, 431390.100, 98
Trd, 431391.183, 86
Trd, 431391.200, 90
Trd, 431391.283, 92
Trd, 431391.883, 96
Trd, 431392.600, 91
Trd, 431393.333, 106
Trd, 431395.500, 98
Trd, 431395.950, 103
Trd, 431396.867, 95
Trd, 431396.917, 106
Trd, 431397.700, 102
Trd, 431398.183, 86
Trd, 431398.383, 101
Trd, 431399.417, 102
Trd, 431400.533, 94
Trd, 431400.550, 83
Trd, 431401.950, 109
Trd, 431403.550, 106
Trd, 431404.950, 100
Trd, 431405.317, 93
Trd, 431405.833, 107
Trd, 431407.717, 110
Trd, 431408.117, 94
Trd, 431408.367, 115
Trd, 431410.017, 82
Trd, 431410.300, 91
Trd, 431410.500, 94
Trd, 431411.683, 118
Trd, 431411.967, 105
Trd, 431412.483, 116
Trd, 431413.600, 97
Trd, 431415.067, 97
Trd, 431415.300, 106
Trd, 431416.133, 98
Trd, 431417.067, 93
Trd, 431417.917, 90
Trd, 431418.650, 97
Trd, 431418.950, 91
Trd, 431420.367, 94
Trd, 431420.633, 99
Trd, 431420.683, 88
Trd, 431423.317, 94
Trd, 431425.017, 110
Trd, 431425.300, 118
Trd, 431426.533, 99
Trd, 431427.683, 118
Trd, 431429.033, 99
Trd, 431429.133, 109
Trd, 431429.767, 112
Trd, 431429.867, 94
Trd, 431430.150, 93
Trd, 431431.867, 87
Trd, 431432.050, 84
Trd, 431432.117, 108
Trd, 431434.833, 104
Trd, 431434.900, 106
Trd, 431434.983, 109
Trd, 431436.517, 103
Trd, 431437.400, 92
Trd, 431437.517, 94
Trd, 431437.800, 104
Trd, 431438.133, 111
Trd, 431439.550, 103
Trd, 431440.000, 106
Trd, 431441.433, 110
Trd, 431442.233, 112
Trd, 431442.467, 97
Trd, 431442.717, 84
Trd, 431443.400, 118
Trd, 431443.633, 100
Trd, 431447.317, 93
Trd, 431447.583, 93
Trd, 431449.800, 80
Trd, 431450.100, 108
Trd, 431450.733, 104
Trd, 431451.483, 109
Trd, 431452.100, 94
Trd, 431452.600, 117
Trd, 431452.683, 116
Trd, 431453.283, 100
Trd, 431453.767, 103
Trd, 431453.967, 98
Trd, 431455.333, 89
Trd, 431455.983, 103
Trd, 431456.150, 79
Trd, 431457.300, 106
Trd, 431458.000, 97
Trd, 431459.717, 89
Trd, 431459.783, 100
Trd, 431460.233, 87
Trd, 431460.617, 92
Trd, 431461.550, 106
Trd, 431462.900, 93
Trd, 431462.950, 80
Trd, 431463.883, 87
Trd, 431464.200, 106
Trd, 431465.017, 109
Trd, 431465.583, 100
Trd, 431466.000, 95
Trd, 431466.467, 102
Trd, 431466.800, 110
Trd, 431467.300, 93
Trd, 431468.300, 94
Trd, 431468.500, 92
Trd, 431468.783, 79
Trd, 431468.900, 82
Trd, 431470.650, 86
Trd, 431472.017, 118
Trd, 431473.817, 111
Trd, 431474.667, 107
Trd, 431475.700, 94
Trd, 431476.017, 94
Trd, 431476.267, 114
Trd, 431477.083, 100
Trd, 431478.667, 97
Trd, 431479.867, 94
Trd, 431479.883, 104
Trd, 431482.950, 103
Trd, 431483.350, 101
Trd, 431483.600, 105
Trd, 431485.233, 118
Trd, 431485.617, 107
Trd, 431487.517, 116
Trd, 431487.883, 106
Trd, 431489.233, 113
Trd, 431490.350, 93
Trd, 431490.683, 100
Trd, 431491.167, 99
Trd, 431492.750, 113
Trd, 431493.267, 105
Trd, 431493.967, 115
Trd, 431494.317, 96
Trd, 431495.900, 83
Trd, 431497.500, 98
Trd, 431497.667, 94
Trd, 431498.167, 100
Trd, 431498.783, 99
Trd, 431499.500, 107
Trd, 431499.850, 92
Trd, 431501.233, 114
Trd, 431501.483, 102
Trd, 431502.000, 99
Trd, 431503.283, 98
Trd, 431504.717, 113
Trd, 431505.033, 95
Trd, 431505.917, 101
Trd, 431506.317, 105
Trd, 431506.783, 118
Trd, 431507.117, 110
Trd, 431507.483, 113
Trd, 431508.550, 79
Trd, 431509.717, 100
Trd, 431510.600, 85
Trd, 431513.333, 82
Trd, 431513.550, 82
Trd, 431514.083, 85
Trd, 431514.933, 100
Trd, 431515.950, 99
Trd, 431516.983, 96
Trd, 431517.350, 104
Trd, 431517.933, 110
Trd, 431518.700, 92
Trd, 431518.800, 100
Trd, 431519.017, 86
Trd, 431520.267, 105
Trd, 431522.133, 94
Trd, 431523.167, 93
Trd, 431523.283, 90
Trd, 431523.517, 87
Trd, 431523.867, 118
Trd, 431524.950, 112
Trd, 431524.983, 99
Trd, 431525.783, 88
Trd, 431526.017, 111
Trd, 431527.700, 87
Trd, 431527.833, 106
Trd, 431529.183, 89
Trd, 431529.467, 109
Trd, 431530.017, 90
Trd, 431530.617, 94
Trd, 431531.500, 96
Trd, 431531.833, 112
Trd, 431531.983, 104
Trd, 431532.817, 118
Trd, 431534.450, 103
Trd, 431535.200, 107
Trd, 431536.167, 96
Trd, 431537.467, 101
Trd, 431537.800, 87
Trd, 431539.067, 83
Trd, 431539.950, 108
Trd, 431541.800, 107
Trd, 431543.300, 109
Trd, 431544.583, 93
Trd, 431544.650, 92
Trd, 431545.233, 107
Trd, 431545.450, 107
Trd, 431545.950, 94
Trd, 431546.283, 100
Trd, 431546.833, 101
Trd, 431546.950, 80
Trd, 431547.317, 109
Trd, 431551.300, 117
Trd, 431551.500, 95
Trd, 431551.700, 119
Trd, 431552.817, 118
Trd, 431553.500, 109
Trd, 431554.350, 110
Trd, 431555.083, 103
Trd, 431556.517, 102
Trd, 431557.233, 103
Trd, 431557.817, 103
Trd, 431557.833, 106
Trd, 431559.117, 100
Trd, 431559.533, 104
Trd, 431559.850, 100
Trd, 431560.417, 100
Trd, 431561.000, 111
Trd, 431561.217, 99
Trd, 431562.117, 83
Trd, 431562.683, 99
Trd, 431566.733, 98
Trd, 431566.817, 104
Trd, 431568.633, 102
Trd, 431569.800, 106
Trd, 431569.950, 94
Trd, 431571.250, 94
Trd, 431572.017, 105
Trd, 431573.333, 106
Trd, 431573.400, 96
Trd, 431573.767, 108
Trd, 431575.250, 95
Trd, 431577.233, 105
Trd, 431577.900, 106
Trd, 431578.233, 92
Trd, 431578.483, 106
Trd, 431579.000, 118
Trd, 431579.167, 107
Trd, 431580.117, 102
Trd, 431581.917, 106
Trd, 431583.533, 99
Trd, 431583.817, 117
Trd, 431583.967, 95
Trd, 431584.183, 107
Trd, 431585.200, 108
Trd, 431586.817, 116
Trd, 431588.250, 117
Trd, 431588.267, 112
Trd, 431592.400, 119
Trd, 431593.050, 104
Trd, 431594.100, 93
Trd, 431594.783, 98
Trd, 431596.383, 97
Trd, 431597.067, 93
Trd, 431597.250, 101
Trd, 431597.633, 101
Trd, 431597.817, 91
Trd, 431598.083, 85
Trd, 431599.417, 118
Trd, 431600.250, 111
Trd, 431603.300, 84
Trd, 431604.100, 101
Trd, 431605.283, 95
Trd, 431606.450, 104
Trd, 431606.683, 94
Trd, 431607.517, 88
Trd, 431608.050, 102
Trd, 431608.383, 96
Trd, 431608.433, 101
Trd, 431609.250, 106
Trd, 431610.667, 100
Trd, 431610.933, 109
Trd, 431612.117, 103
Trd, 431612.400, 112
Trd, 431613.800, 102
Trd, 431614.283, 117
Trd, 431615.000, 92
Trd, 431615.383, 115
Trd, 431616.083, 92
Trd, 431616.533, 93
Trd, 431617.550, 109
Trd, 431617.950, 93
Trd, 431620.583, 116
Trd, 431621.017, 111
Trd, 431621.667, 104
Trd, 431622.683, 99
Trd, 431623.017, 102
Trd, 431624.117, 118
Trd, 431625.967, 98
Trd, 431626.133, 99
Trd, 431626.850, 101
Trd, 431628.250, 98
Trd, 431630.183, 94
Trd, 431631.017, 111
Trd, 431631.350, 85
Trd, 431631.433, 83
Trd, 431632.450, 91
Trd, 431632.600, 101
Trd, 431633.550, 89
Trd, 431634.600, 75
Trd, 431635.817, 91
Trd, 431638.750, 100
Trd, 431638.950, 106
Trd, 431639.217, 93
Trd, 431640.217, 96
Trd, 431640.350, 108
Trd, 431641.067, 115
Trd, 431641.233, 95
Trd, 431642.217, 94
Trd, 431642.850, 85
Trd, 431643.067, 89
Trd, 431644.283, 108
Trd, 431645.067, 105
Trd, 431646.017, 86
Trd, 431648.350, 87
Trd, 431649.383, 100
Trd, 431649.783, 81
Trd, 431651.833, 98
Trd, 431652.667, 87
Trd, 431654.050, 95
Trd, 431654.283, 109
Trd, 431654.617, 109
Trd, 431655.300, 95
Trd, 431655.417, 80
Trd, 431655.950, 94
Trd, 431656.467, 110
Trd, 431657.900, 97
Trd, 431658.700, 101
Trd, 431659.050, 99
Trd, 431659.183, 93
Trd, 431659.317, 102
Trd, 431659.450, 102
Trd, 431659.733, 111
Trd, 431662.467, 91
Trd, 431662.883, 90
Trd, 431663.367, 86
Trd, 431663.700, 82
Trd, 431663.850, 100
Trd, 431668.017, 101
Trd, 431668.317, 118
Trd, 431668.767, 110
Trd, 431669.633, 110
Trd, 431669.933, 111
Trd, 431669.950, 95
Trd, 431671.017, 95
Trd, 431671.933, 81
Trd, 431673.750, 98
Trd, 431674.350, 106
Trd, 431674.883, 116
Trd, 431676.133, 90
Trd, 431676.817, 116
Trd, 431679.317, 105
Trd, 431679.983, 109
Trd, 431681.233, 100
Trd, 431681.517, 106
Trd, 431681.900, 106
Trd, 431682.950, 96
Trd, 431683.667, 89
Trd, 431683.833, 104
Trd, 431684.017, 101
Trd, 431686.700, 89
Trd, 431687.283, 92
Trd, 431687.550, 89
Trd, 431688.117, 99
Trd, 431689.850, 93
Trd, 431690.267, 96
Trd, 431690.317, 97
Trd, 431690.717, 94
Trd, 431692.867, 101
Trd, 431693.083, 118
Trd, 431696.583, 105
Trd, 431697.317, 99
Trd, 431697.367, 98
Trd, 431697.683, 106
Trd, 431698.733, 114
Trd, 431699.433, 97
Trd, 431701.050, 90
Trd, 431702.550, 112
Trd, 431702.933, 112
Trd, 431704.300, 101
Trd, 431704.517, 97
Trd, 431705.483, 98
Trd, 431706.300, 92
Trd, 431707.617, 86
Trd, 431708.383, 92
Trd, 431708.683, 93
Trd, 431710.000, 90
Trd, 431710.833, 98
Trd, 431710.850, 104
Trd, 431712.017, 98
Trd, 431714.783, 105
Trd, 431714.883, 82
Trd, 431715.567, 101
Trd, 431716.167, 97
Trd, 431717.717, 97
Trd, 431720.500, 83
Trd, 431721.167, 110
Trd, 431721.900, 96
Trd, 431722.900, 107
Trd, 431723.700, 97
Trd, 431723.917, 101
Trd, 431724.317, 95
Trd, 431724.833, 94
Trd, 431725.433, 99
Trd, 431725.933, 95
Trd, 431726.467, 110
Trd, 431727.300, 93
Trd, 431727.517, 93
Trd, 431729.400, 100
Trd, 431730.567, 100
Trd, 431731.150, 92
Trd, 431731.517, 89
Trd, 431732.200, 103
Trd, 431734.733, 118
Trd, 431735.917, 117
Trd, 431736.433, 112
Trd, 431736.750, 111
Trd, 431737.250, 102
Trd, 431738.000, 101
Trd, 431739.750, 96
Trd, 431739.867, 95
Trd, 431740.367, 97
Trd, 431741.850, 109
Trd, 431743.417, 104
Trd, 431744.733, 113
Trd, 431744.900, 100
Trd, 431745.100, 111
Trd, 431745.117, 113
Trd, 431747.083, 90
Trd, 431747.717, 101
Trd, 431748.467, 93
Trd, 431748.717, 91
Trd, 431749.200, 97
Trd, 431750.233, 89
Trd, 431751.567, 111
Trd, 431752.067, 96
Trd, 431753.067, 103
Trd, 431753.400, 104
Trd, 431753.633, 115
Trd, 431754.500, 87
Trd, 431756.583, 103
Trd, 431756.750, 97
Trd, 431757.017, 89
Trd, 431757.050, 94
Trd, 431759.300, 115
Trd, 431760.167, 101
Trd, 431760.750, 95
Trd, 431761.267, 89
Trd, 431762.200, 89
Trd, 431762.800, 84
Trd, 431763.767, 98
Trd, 431764.250, 103
Trd, 431764.467, 105
Trd, 431764.767, 118
Trd, 431766.250, 105
Trd, 431766.550, 110
Trd, 431767.967, 105
Trd, 431768.217, 100
Trd, 431768.350, 112
Trd, 431768.400, 94
Trd, 431771.433, 95
Trd, 431772.233, 99
Trd, 431773.267, 94
Trd, 431773.933, 112
Trd, 431774.250, 111
Trd, 431774.683, 99
Trd, 431775.433, 112
Trd, 431775.933, 101
Trd, 431777.217, 87
Trd, 431777.983, 111
Trd, 431778.600, 95
Trd, 431780.817, 118
Trd, 431781.033, 119
Trd, 431782.000, 100
Trd, 431782.450, 110
Trd, 431782.900, 90
Trd, 431783.200, 114
Trd, 431784.917, 99
Trd, 431786.517, 97
Trd, 431788.050, 123
Trd, 431789.683, 114
Trd, 431790.667, 107
Trd, 431790.700, 99
Trd, 431791.117, 108
Trd, 431791.483, 116
Trd, 431792.167, 104
Trd, 431792.617, 94
Trd, 431792.683, 86
Trd, 431793.050, 90
Trd, 431793.333, 117
Trd, 431794.300, 118
Trd, 431795.400, 91
Trd, 431796.517, 120
Trd, 431797.300, 90
Trd, 431798.833, 88
Trd, 431799.567, 101
Trd, 431800.050, 99
Trd, 431800.450, 91
Trd, 431800.550, 92
Trd, 431801.167, 88
Trd, 431801.333, 106
Trd, 431801.750, 107
Trd, 431805.450, 93
Trd, 431805.933, 105
Trd, 431806.550, 101
Trd, 431808.533, 98
Trd, 431810.667, 96
Trd, 431812.183, 91
Trd, 431812.617, 90
Trd, 431813.083, 88
Trd, 431813.950, 106
Trd, 431814.567, 106
Trd, 431815.500, 101
Trd, 431815.733, 99
Trd, 431816.000, 114
Trd, 431816.017, 94
Trd, 431817.267, 117
Trd, 431817.317, 98
Trd, 431817.983, 91
Trd, 431818.900, 85
Trd, 431819.683, 95
Trd, 431822.033, 91
Trd, 431822.350, 94
Trd, 431822.983, 109
Trd, 431824.850, 110
Trd, 431825.750, 96
Trd, 431825.850, 87
Trd, 431827.283, 94
Trd, 431827.750, 97
Trd, 431829.217, 103
Trd, 431829.367, 107
Trd, 431829.867, 110
Trd, 431830.933, 106
Trd, 431831.117, 99
Trd, 431832.133, 109
Trd, 431832.233, 94
Trd, 431832.717, 104
Trd, 431834.667, 112
Trd, 431835.933, 100
Trd, 431838.000, 117
Trd, 431839.350, 101
Trd, 431839.383, 112
Trd, 431839.517, 115
Trd, 431839.867, 85
Trd, 431840.133, 93
Trd, 431840.467, 105
Trd, 431840.533, 118
Trd, 431842.100, 84
Trd, 431842.133, 85
Trd, 431842.333, 91
Trd, 431843.350, 98
Trd, 431844.183, 89
Trd, 431844.650, 108
Trd, 431844.967, 91
Trd, 431846.483, 86
Trd, 431846.650, 80
Trd, 431847.683, 104
Trd, 431848.783, 103
Trd, 431849.550, 85
Trd, 431850.500, 125
Trd, 431851.017, 108
Trd, 431851.167, 101
Trd, 431852.033, 97
Trd, 431852.550, 94
Trd, 431852.600, 87
Trd, 431853.200, 109
Trd, 431853.533, 101
Trd, 431854.283, 88
Trd, 431855.217, 105
Trd, 431855.717, 118
Trd, 431856.933, 93
Trd, 431856.967, 83
Trd, 431857.333, 114
Trd, 431859.150, 99
Trd, 431860.200, 109
Trd, 431860.783, 103
Trd, 431862.067, 99
Trd, 431863.733, 90
Trd, 431864.150, 105
Trd, 431864.483, 107
Trd, 431864.583, 103
Trd, 431865.717, 104
Trd, 431865.833, 95
Trd, 431868.233, 91
Trd, 431869.250, 93
Trd, 431870.283, 87
Trd, 431870.800, 106
Trd, 431871.367, 101
Trd, 431873.233, 105
Trd, 431873.600, 105
Trd, 431874.017, 83
Trd, 431875.750, 87
Trd, 431875.783, 91
Trd, 431877.550, 103
Trd, 431878.050, 114
Trd, 431879.983, 101
Trd, 431880.033, 98
Trd, 431880.500, 112
Trd, 431880.650, 101
Trd, 431880.867, 91
Trd, 431881.833, 112
Trd, 431882.333, 103
Trd, 431883.000, 105
Trd, 431883.967, 113
Trd, 431885.467, 91
Trd, 431886.083, 96
Trd, 431886.850, 87
Trd, 431886.867, 84
Trd, 431887.017, 95
Trd, 431887.250, 100
Trd, 431887.333, 98
Trd, 431887.817, 99
Trd, 431889.800, 89
Trd, 431891.583, 108
Trd, 431891.650, 100
Trd, 431892.350, 118
Trd, 431892.567, 122
Trd, 431892.967, 103
Trd, 431893.533, 122
Trd, 431894.133, 117
Trd, 431894.600, 109
Trd, 431895.100, 123
Trd, 431896.750, 97
Trd, 431898.833, 93
Trd, 431900.183, 111
Trd, 431902.500, 90
Trd, 431904.000, 99
Trd, 431904.083, 111
Trd, 431905.133, 88
Trd, 431906.383, 103
Trd, 431906.783, 98
Trd, 431907.517, 112
Trd, 431908.100, 105
Trd, 431908.767, 106
Trd, 431909.567, 99
Trd, 431910.133, 99
Trd, 431911.800, 115
Trd, 431912.367, 90
Trd, 431913.183, 106
Trd, 431913.217, 118
Trd, 431913.917, 120
Trd, 431914.333, 117
Trd, 431916.450, 101
Trd, 431917.117, 101
Trd, 431917.800, 114
Trd, 431917.950, 103
Trd, 431918.100, 101
Trd, 431918.600, 85
Trd, 431918.750, 91
Trd, 431919.000, 89
Trd, 431920.783, 94
Trd, 431921.450, 89
Trd, 431922.033, 104
Trd, 431922.333, 90
Trd, 431922.833, 93
Trd, 431923.717, 98
Trd, 431925.067, 97
Trd, 431925.417, 94
Trd, 431926.150, 86
Trd, 431927.450, 99
Trd, 431928.083, 101
Trd, 431928.200, 110
Trd, 431929.050, 111
Trd, 431929.300, 113
Trd, 431930.750, 97
Trd, 431931.650, 108
Trd, 431932.900, 95
Trd, 431934.333, 97
Trd, 431934.717, 96
Trd, 431935.417, 96
Trd, 431936.950, 96
Trd, 431938.000, 98
Trd, 431939.133, 95
Trd, 431940.967, 100
Trd, 431941.300, 94
Trd, 431941.383, 112
Trd, 431942.683, 106
Trd, 431944.817, 101
Trd, 431945.750, 105
Trd, 431946.400, 96
Trd, 431947.933, 113
Trd, 431948.717, 101
Trd, 431950.100, 101
Trd, 431951.500, 119
Trd, 431952.933, 104
Trd, 431953.250, 97
Trd, 431953.800, 93
Trd, 431955.033, 88
Trd, 431955.067, 87
Trd, 431955.183, 99
Trd, 431955.717, 99
Trd, 431956.000, 99
Trd, 431956.067, 89
Trd, 431957.383, 101
Trd, 431958.133, 104
Trd, 431958.200, 98
Trd, 431958.500, 125
Trd, 431960.383, 91
Trd, 431961.767, 79
Trd, 431962.100, 98
Trd, 431962.950, 98
Trd, 431963.150, 110
Trd, 431965.017, 102
Trd, 431966.967, 105
Trd, 431969.617, 102
Trd, 431970.550, 99
Trd, 431971.483, 94
Trd, 431971.533, 110
Trd, 431971.633, 108
Trd, 431971.983, 92
Trd, 431972.700, 100
Trd, 431973.250, 102
Trd, 431974.033, 90
Trd, 431975.483, 94
Trd, 431976.500, 95
Trd, 431977.733, 115
Trd, 431978.717, 95
Trd, 431978.950, 106
Trd, 431979.533, 99
Trd, 431979.867, 102
Trd, 431982.267, 105
Trd, 431982.633, 100
Trd, 431982.750, 92
Trd, 431983.600, 108
Trd, 431983.817, 92
Trd, 431983.850, 100
Trd, 431986.167, 98
Trd, 431986.367, 100
Trd, 431986.983, 97
Trd, 431988.767, 92
Trd, 431989.483, 104
Trd, 431992.233, 80
Trd, 431993.000, 90
Trd, 431993.083, 100
Trd, 431994.900, 115
Trd, 431995.317, 90
Trd, 431996.633, 113
Trd, 431997.500, 94
Trd, 431998.033, 92
Trd, 431998.333, 112
Trd, 431999.450, 100
