Trd, 430636.933, 96
Trd, 430637.033, 99
Trd, 430637.350, 104
Trd, 430638.733, 99
Trd, 430640.617, 103
Trd, 430641.667, 100
Trd, 430642.350, 99
Trd, 430642.500, 106
Trd, 430642.683, 112
Trd, 430643.100, 98
Trd, 430644.250, 104
Trd, 430644.300, 103
Trd, 430645.117, 100
Trd, 430645.933, 111
Trd, 430646.617, 98
Trd, 430646.867, 96
Trd, 430648.033, 97
Trd, 430648.450, 97
Trd, 430650.967, 99
Trd, 430652.083, 103
Trd, 430652.250, 102
Trd, 430652.533, 105
Trd, 430653.983, 109
Trd, 430654.067, 104
Trd, 430654.767, 108
Trd, 430654.867, 99
Trd, 430655.217, 123
Trd, 430656.150, 98
Trd, 430657.317, 112
Trd, 430658.683, 92
Trd, 430660.383, 98
Trd, 430660.700, 97
Trd, 430660.733, 90
Trd, 430661.733, 85
Trd, 430662.717, 84
Trd, 430662.817, 88
Trd, 430662.950, 101
Trd, 430663.400, 94
Trd, 430663.900, 95
Trd, 430664.067, 102
Trd, 430666.350, 89
Trd, 430666.400, 91
Trd, 430668.217, 90
Trd, 430668.567, 104
Trd, 430668.800, 105
Trd, 430670.950, 103
Trd, 430671.283, 106
Trd, 430671.450, 101
Trd, 430672.433, 119
Trd, 430673.500, 105
Trd, 430674.000, 101
Trd, 430676.650, 102
Trd, 430677.867, 104
Trd, 430677.883, 104
Trd, 430678.250, 110
Trd, 430678.533, 98
Trd, 430679.033, 100
Trd, 430679.433, 112
Trd, 430680.117, 102
Trd, 430680.517, 99
Trd, 430681.000, 98
Trd, 430681.117, 115
Trd, 430684.867, 92
Trd, 430685.100, 109
Trd, 430685.133, 95
Trd, 430686.017, 95
Trd, 430687.233, 97
Trd, 430688.483, 101
Trd, 430689.083, 103
Trd, 430689.350, 99
Trd, 430690.867, 90
Trd, 430690.933, 89
Trd, 430691.300, 89
Trd, 430692.867, 101
Trd, 430693.033, 99
Trd, 430693.100, 117
Trd, 430693.217, 98
Trd, 430694.217, 100
Trd, 430694.450, 98
Trd, 430698.133, 103
Trd, 430698.250, 102
Trd, 430698.283, 105
Trd, 430699.283, 111
Trd, 430699.317, 110
Trd, 430700.633, 97
Trd, 430701.550, 98
Trd, 430702.167, 104
Trd, 430702.517, 104
Trd, 430702.717, 91
Trd, 430703.717, 103
Trd, 430704.233, 95
Trd, 430705.500, 97
Trd, 430705.917, 98
Trd, 430707.117, 115
Trd, 430708.400, 98
Trd, 430708.800, 96
Trd, 430709.183, 114
Trd, 430711.333, 87
Trd, 430711.583, 103
Trd, 430711.800, 94
Trd, 430712.417, 99
Trd, 430712.867, 102
Trd, 430713.633, 104
Trd, 430714.483, 99
Trd, 430714.750, 107
Trd, 430715.383, 110
Trd, 430718.283, 102
Trd, 430719.217, 101
Trd, 430719.367, 96
Trd, 430720.233, 100
Trd, 430720.317, 104
Trd, 430720.333, 98
Trd, 430720.617, 106
Trd, 430722.083, 108
Trd, 430722.217, 107
Trd, 430722.717, 101
Trd, 430723.600, 108
Trd, 430724.100, 109
Trd, 430725.233, 109
Trd, 430725.800, 112
Trd, 430726.183, 97
Trd, 430726.350, 102
Trd, 430727.633, 116
Trd, 430729.967, 99
Trd, 430732.100, 104
Trd, 430734.000, 108
Trd, 430734.050, 122
Trd, 430734.117, 101
Trd, 430734.233, 100
Trd, 430735.367, 103
Trd, 430735.717, 103
Trd, 430736.600, 105
Trd, 430737.083, 102
Trd, 430737.733, 123
Trd, 430739.100, 110
Trd, 430740.333, 97
Trd, 430740.383, 114
Trd, 430741.150, 106
Trd, 430741.850, 107
Trd, 430742.283, 104
Trd, 430742.417, 109
Trd, 430742.533, 98
Trd, 430742.583, 93
Trd, 430743.350, 111
Trd, 430744.467, 116
Trd, 430746.000, 103
Trd, 430746.317, 98
Trd, 430748.367, 93
Trd, 430748.500, 97
Trd, 430749.150, 95
Trd, 430750.450, 103
Trd, 430750.767, 105
Trd, 430751.867, 106
Trd, 430753.833, 123
Trd, 430754.150, 113
Trd, 430754.933, 101
Trd, 430755.167, 98
Trd, 430755.450, 120
Trd, 430756.033, 114
Trd, 430758.533, 111
Trd, 430758.567, 106
Trd, 430758.600, 101
Trd, 430758.650, 95
Trd, 430758.767, 88
Trd, 430760.350, 102
Trd, 430761.167, 87
Trd, 430761.350, 103
Trd, 430761.783, 84
Trd, 430761.833, 84
Trd, 430762.450, 107
Trd, 430763.317, 110
Trd, 430763.950, 109
Trd, 430764.117, 108
Trd, 430764.983, 103
Trd, 430765.167, 96
Trd, 430765.467, 91
Trd, 430767.850, 87
Trd, 430769.717, 101
Trd, 430770.717, 90
Trd, 430772.250, 89
Trd, 430772.717, 96
Trd, 430773.233, 88
Trd, 430773.850, 101
Trd, 430775.033, 101
Trd, 430775.850, 103
Trd, 430776.650, 101
Trd, 430776.783, 100
Trd, 430777.850, 105
Trd, 430778.967, 101
Trd, 430781.133, 111
Trd, 430782.850, 101
Trd, 430783.233, 108
Trd, 430783.550, 100
Trd, 430784.667, 98
Trd, 430784.983, 101
Trd, 430785.017, 103
Trd, 430786.117, 91
Trd, 430788.200, 91
Trd, 430789.550, 112
Trd, 430790.800, 97
Trd, 430791.333, 109
Trd, 430791.400, 115
Trd, 430792.050, 105
Trd, 430792.183, 97
Trd, 430792.633, 90
Trd, 430792.783, 120
Trd, 430793.167, 110
Trd, 430793.600, 113
Trd, 430793.667, 105
Trd, 430794.533, 109
Trd, 430795.600, 112
Trd, 430795.950, 100
Trd, 430796.783, 113
Trd, 430797.850, 115
Trd, 430799.150, 101
Trd, 430799.467, 105
Trd, 430799.967, 111
Trd, 430801.083, 102
Trd, 430801.100, 100
Trd, 430801.667, 107
Trd, 430804.083, 99
Trd, 430804.350, 112
Trd, 430804.583, 117
Trd, 430805.850, 101
Trd, 430805.867, 98
Trd, 430806.550, 114
Trd, 430807.333, 96
Trd, 430808.483, 102
Trd, 430808.833, 96
Trd, 430810.817, 98
Trd, 430811.817, 103
Trd, 430812.400, 108
Trd, 430813.817, 103
Trd, 430814.067, 101
Trd, 430814.100, 99
Trd, 430814.750, 98
Trd, 430815.100, 107
Trd, 430815.350, 101
Trd, 430816.850, 90
Trd, 430817.217, 104
Trd, 430819.000, 95
Trd, 430819.100, 91
Trd, 430819.117, 90
Trd, 430820.367, 102
Trd, 430821.450, 99
Trd, 430822.767, 104
Trd, 430823.050, 98
Trd, 430823.383, 99
Trd, 430823.500, 95
Trd, 430823.633, 104
Trd, 430824.383, 94
Trd, 430827.367, 92
Trd, 430827.900, 87
Trd, 430828.117, 94
Trd, 430828.233, 98
Trd, 430828.433, 84
Trd, 430828.650, 105
Trd, 430830.267, 102
Trd, 430831.300, 99
Trd, 430831.900, 97
Trd, 430833.800, 97
Trd, 430834.733, 103
Trd, 430835.017, 111
Trd, 430836.017, 99
Trd, 430836.350, 109
Trd, 430836.367, 98
Trd, 430837.167, 111
Trd, 430837.417, 112
Trd, 430837.867, 108
Trd, 430838.000, 100
Trd, 430840.167, 97
Trd, 430840.583, 120
Trd, 430841.000, 105
Trd, 430842.083, 118
Trd, 430842.550, 104
Trd, 430843.233, 101
Trd, 430843.417, 108
Trd, 430843.967, 91
Trd, 430843.983, 102
Trd, 430845.283, 104
Trd, 430845.883, 92
Trd, 430846.333, 85
Trd, 430846.783, 109
Trd, 430850.167, 104
Trd, 430850.500, 105
Trd, 430850.717, 106
Trd, 430851.033, 100
Trd, 430851.667, 105
Trd, 430853.017, 98
Trd, 430853.567, 95
Trd, 430853.817, 99
Trd, 430854.100, 100
Trd, 430855.317, 122
Trd, 430856.250, 103
Trd, 430856.267, 97
Trd, 430856.450, 123
Trd, 430856.833, 104
Trd, 430857.633, 98
Trd, 430857.733, 103
Trd, 430858.333, 107
Trd, 430859.433, 102
Trd, 430859.450, 90
Trd, 430859.867, 119
Trd, 430860.183, 115
Trd, 430861.650, 96
Trd, 430862.417, 98
Trd, 430863.317, 94
Trd, 430863.483, 103
Trd, 430864.367, 103
Trd, 430865.733, 109
Trd, 430866.633, 98
Trd, 430867.500, 102
Trd, 430868.317, 90
Trd, 430868.333, 109
Trd, 430869.200, 109
Trd, 430869.317, 112
Trd, 430872.833, 104
Trd, 430873.183, 108
Trd, 430873.850, 106
Trd, 430873.983, 101
Trd, 430874.550, 104
Trd, 430874.700, 98
Trd, 430875.783, 102
Trd, 430877.433, 101
Trd, 430878.283, 102
Trd, 430879.033, 105
Trd, 430879.150, 110
Trd, 430879.667, 95
Trd, 430880.233, 102
Trd, 430881.083, 102
Trd, 430881.300, 98
Trd, 430882.783, 99
Trd, 430883.167, 91
Trd, 430884.517, 92
Trd, 430887.750, 99
Trd, 430888.017, 106
Trd, 430888.400, 103
Trd, 430888.417, 102
Trd, 430890.700, 110
Trd, 430892.000, 103
Trd, 430892.517, 101
Trd, 430892.700, 110
Trd, 430893.083, 115
Trd, 430893.683, 114
Trd, 430894.050, 113
Trd, 430894.567, 116
Trd, 430896.417, 97
Trd, 430896.633, 104
Trd, 430896.817, 97
Trd, 430897.083, 108
Trd, 430897.967, 89
Trd, 430900.483, 114
Trd, 430900.850, 117
Trd, 430902.100, 115
Trd, 430903.050, 113
Trd, 430903.717, 111
Trd, 430904.483, 102
Trd, 430905.133, 101
Trd, 430905.633, 93
Trd, 430906.417, 102
Trd, 430906.483, 87
Trd, 430907.233, 88
Trd, 430907.600, 105
Trd, 430908.417, 92
Trd, 430909.017, 107
Trd, 430910.250, 108
Trd, 430911.550, 101
Trd, 430912.550, 121
Trd, 430913.000, 118
Trd, 430913.367, 120
Trd, 430914.017, 112
Trd, 430915.900, 112
Trd, 430916.467, 101
Trd, 430917.017, 112
Trd, 430917.383, 115
Trd, 430918.167, 98
Trd, 430920.050, 101
Trd, 430921.100, 103
Trd, 430921.917, 99
Trd, 430923.083, 101
Trd, 430923.583, 104
Trd, 430923.833, 120
Trd, 430924.450, 98
Trd, 430925.100, 97
Trd, 430926.383, 98
Trd, 430927.900, 110
Trd, 430929.567, 104
Trd, 430929.650, 103
Trd, 430931.667, 100
Trd, 430931.983, 98
Trd, 430932.067, 101
Trd, 430932.183, 93
Trd, 430932.867, 94
Trd, 430933.300, 96
Trd, 430933.450, 109
Trd, 430934.067, 108
Trd, 430934.400, 105
Trd, 430934.717, 116
Trd, 430936.483, 122
Trd, 430938.183, 109
Trd, 430939.567, 111
Trd, 430939.833, 97
Trd, 430940.250, 99
Trd, 430940.500, 109
Trd, 430940.617, 114
Trd, 430942.800, 119
Trd, 430943.917, 88
Trd, 430943.983, 87
Trd, 430944.133, 87
Trd, 430944.150, 106
Trd, 430944.283, 106
Trd, 430945.133, 109
Trd, 430945.783, 101
Trd, 430946.450, 101
Trd, 430946.817, 105
Trd, 430947.950, 112
Trd, 430948.650, 120
Trd, 430950.017, 102
Trd, 430950.183, 104
Trd, 430950.567, 109
Trd, 430951.467, 101
Trd, 430951.983, 104
Trd, 430953.483, 115
Trd, 430955.717, 118
Trd, 430955.883, 109
Trd, 430955.983, 101
Trd, 430956.300, 108
Trd, 430956.467, 100
Trd, 430957.233, 97
Trd, 430957.950, 93
Trd, 430958.200, 100
Trd, 430959.200, 88
Trd, 430960.233, 91
Trd, 430960.317, 101
Trd, 430961.083, 91
Trd, 430963.633, 101
Trd, 430963.800, 101
Trd, 430963.900, 98
Trd, 430964.817, 102
Trd, 430966.167, 96
Trd, 430966.983, 94
Trd, 430967.650, 86
Trd, 430968.000, 102
Trd, 430969.867, 95
Trd, 430970.167, 96
Trd, 430971.567, 91
Trd, 430971.650, 101
Trd, 430972.967, 101
Trd, 430973.467, 102
Trd, 430974.483, 102
Trd, 430974.667, 101
Trd, 430974.833, 104
Trd, 430976.433, 104
Trd, 430977.650, 119
Trd, 430977.917, 98
Trd, 430979.583, 88
Trd, 430979.600, 108
Trd, 430979.683, 103
Trd, 430981.267, 101
Trd, 430982.050, 104
Trd, 430983.833, 107
Trd, 430984.650, 109
Trd, 430984.750, 120
Trd, 430985.317, 104
Trd, 430985.967, 98
Trd, 430987.883, 122
Trd, 430988.050, 103
Trd, 430989.117, 113
Trd, 430990.200, 101
Trd, 430991.467, 112
Trd, 430991.917, 101
Trd, 430993.167, 104
Trd, 430994.333, 98
Trd, 430994.633, 102
Trd, 430995.083, 103
Trd, 430995.433, 110
Trd, 430996.733, 100
Trd, 430997.133, 94
Trd, 430997.500, 90
Trd, 430998.967, 93
Trd, 430999.950, 101
Trd, 431000.117, 105
Trd, 431000.283, 101
Trd, 431002.217, 100
Trd, 431002.283, 98
Trd, 431002.750, 114
Trd, 431002.767, 107
Trd, 431003.333, 107
Trd, 431004.117, 107
Trd, 431004.150, 106
Trd, 431004.450, 103
Trd, 431004.550, 116
Trd, 431004.867, 101
Trd, 431005.050, 87
Trd, 431005.817, 88
Trd, 431006.750, 89
Trd, 431008.850, 112
Trd, 431009.567, 98
Trd, 431011.517, 121
Trd, 431012.067, 110
Trd, 431013.750, 115
Trd, 431013.867, 111
Trd, 431014.000, 101
Trd, 431014.483, 100
Trd, 431015.417, 112
Trd, 431016.133, 116
Trd, 431016.367, 106
Trd, 431016.950, 96
Trd, 431017.417, 95
Trd, 431019.067, 112
Trd, 431021.800, 99
Trd, 431022.150, 103
Trd, 431022.817, 104
Trd, 431023.417, 106
Trd, 431023.433, 102
Trd, 431024.683, 98
Trd, 431025.650, 108
Trd, 431025.900, 100
Trd, 431026.067, 97
Trd, 431026.300, 101
Trd, 431027.483, 108
Trd, 431028.033, 92
Trd, 431031.900, 99
Trd, 431032.717, 101
Trd, 431033.433, 107
Trd, 431033.500, 98
Trd, 431034.400, 103
Trd, 431034.567, 102
Trd, 431037.267, 118
Trd, 431038.050, 103
Trd, 431038.600, 104
Trd, 431038.967, 101
Trd, 431040.483, 101
Trd, 431041.300, 106
Trd, 431041.533, 101
Trd, 431041.550, 113
Trd, 431041.583, 116
Trd, 431041.900, 108
Trd, 431042.100, 113
Trd, 431043.100, 99
Trd, 431044.533, 97
Trd, 431045.217, 96
Trd, 431046.350, 117
Trd, 431046.567, 99
Trd, 431047.650, 95
Trd, 431048.133, 93
Trd, 431048.283, 91
Trd, 431048.433, 90
Trd, 431049.567, 101
Trd, 431049.767, 87
Trd, 431050.117, 86
Trd, 431051.183, 119
Trd, 431052.383, 99
Trd, 431053.933, 105
Trd, 431055.250, 99
Trd, 431055.483, 94
Trd, 431056.367, 100
Trd, 431056.483, 95
Trd, 431056.567, 104
Trd, 431057.567, 96
Trd, 431057.700, 114
Trd, 431058.550, 109
Trd, 431059.567, 92
Trd, 431059.667, 91
Trd, 431059.967, 98
Trd, 431060.917, 84
Trd, 431063.083, 90
Trd, 431064.067, 89
Trd, 431064.467, 106
Trd, 431064.883, 108
Trd, 431065.067, 98
Trd, 431066.783, 91
Trd, 431067.633, 110
Trd, 431068.550, 102
Trd, 431069.350, 115
Trd, 431069.567, 97
Trd, 431071.167, 98
Trd, 431071.250, 103
Trd, 431071.267, 112
Trd, 431073.433, 114
Trd, 431073.533, 101
Trd, 431074.067, 119
Trd, 431074.667, 109
Trd, 431074.983, 115
Trd, 431075.333, 114
Trd, 431076.517, 108
Trd, 431076.650, 96
Trd, 431077.017, 91
Trd, 431077.233, 103
Trd, 431077.300, 86
Trd, 431079.600, 103
Trd, 431080.350, 99
Trd, 431081.867, 88
Trd, 431083.633, 95
Trd, 431083.667, 117
Trd, 431084.333, 94
Trd, 431084.467, 106
Trd, 431084.617, 102
Trd, 431085.250, 96
Trd, 431085.817, 97
Trd, 431086.233, 90
Trd, 431087.567, 118
Trd, 431089.100, 100
Trd, 431091.233, 103
Trd, 431092.117, 95
Trd, 431092.183, 90
Trd, 431092.333, 102
Trd, 431092.850, 84
Trd, 431093.117, 106
Trd, 431093.383, 108
Trd, 431093.850, 91
Trd, 431094.650, 104
Trd, 431097.367, 97
Trd, 431097.600, 94
Trd, 431097.767, 98
Trd, 431098.583, 99
Trd, 431099.050, 92
Trd, 431099.067, 101
Trd, 431099.750, 100
Trd, 431099.983, 111
Trd, 431101.583, 99
Trd, 431101.700, 101
Trd, 431103.067, 102
Trd, 431104.650, 98
Trd, 431104.867, 99
Trd, 431104.933, 93
Trd, 431105.517, 99
Trd, 431105.833, 107
Trd, 431106.217, 109
Trd, 431107.900, 96
Trd, 431107.950, 102
Trd, 431111.533, 100
Trd, 431111.550, 98
Trd, 431112.267, 98
Trd, 431112.400, 104
Trd, 431112.767, 112
Trd, 431113.617, 95
Trd, 431113.817, 87
Trd, 431115.067, 90
Trd, 431115.167, 107
Trd, 431115.967, 84
Trd, 431116.650, 102
Trd, 431116.900, 103
Trd, 431117.033, 102
Trd, 431118.667, 98
Trd, 431119.567, 109
Trd, 431119.733, 106
Trd, 431121.250, 117
Trd, 431121.667, 109
Trd, 431121.900, 101
Trd, 431123.450, 98
Trd, 431123.600, 105
Trd, 431124.883, 108
Trd, 431125.100, 110
Trd, 431126.983, 112
Trd, 431128.883, 107
Trd, 431128.900, 101
Trd, 431129.050, 117
Trd, 431129.233, 98
Trd, 431130.250, 100
Trd, 431130.800, 111
Trd, 431131.500, 110
Trd, 431132.167, 115
Trd, 431132.583, 114
Trd, 431133.017, 94
Trd, 431134.367, 94
Trd, 431135.817, 104
Trd, 431135.867, 106
Trd, 431136.167, 110
Trd, 431138.850, 91
Trd, 431139.217, 87
Trd, 431139.583, 85
Trd, 431139.767, 87
Trd, 431139.833, 85
Trd, 431140.367, 91
Trd, 431140.450, 100
Trd, 431141.500, 114
Trd, 431141.950, 114
Trd, 431142.683, 113
Trd, 431143.350, 114
Trd, 431143.817, 106
Trd, 431144.117, 89
Trd, 431147.700, 91
Trd, 431148.283, 98
Trd, 431148.850, 90
Trd, 431149.633, 102
Trd, 431150.083, 105
Trd, 431150.233, 84
Trd, 431150.283, 102
Trd, 431150.933, 87
Trd, 431151.417, 101
Trd, 431151.983, 96
Trd, 431152.617, 101
Trd, 431154.250, 104
Trd, 431154.333, 101
Trd, 431154.483, 104
Trd, 431154.583, 116
Trd, 431155.267, 110
Trd, 431155.800, 109
Trd, 431156.100, 108
Trd, 431156.433, 116
Trd, 431158.250, 98
Trd, 431158.317, 97
Trd, 431159.167, 92
Trd, 431159.817, 92
Trd, 431160.367, 91
Trd, 431162.200, 101
Trd, 431162.483, 100
Trd, 431162.917, 112
Trd, 431164.200, 115
Trd, 431164.450, 120
Trd, 431164.667, 94
Trd, 431164.750, 120
Trd, 431165.583, 125
Trd, 431165.800, 106
Trd, 431166.183, 107
Trd, 431167.167, 100
Trd, 431168.033, 102
Trd, 431170.217, 94
Trd, 431170.300, 93
Trd, 431170.333, 106
Trd, 431170.533, 107
Trd, 431170.833, 89
Trd, 431173.117, 102
Trd, 431173.417, 106
Trd, 431174.233, 115
Trd, 431174.833, 110
Trd, 431176.117, 103
Trd, 431177.617, 101
Trd, 431177.767, 102
Trd, 431178.317, 96
Trd, 431178.883, 94
Trd, 431180.200, 117
Trd, 431180.567, 116
Trd, 431181.333, 100
Trd, 431181.400, 105
Trd, 431182.217, 99
Trd, 431182.450, 92
Trd, 431182.567, 88
Trd, 431182.783, 94
Trd, 431184.750, 107
Trd, 431184.967, 103
Trd, 431185.633, 111
Trd, 431187.117, 111
Trd, 431187.133, 103
Trd, 431189.100, 101
Trd, 431189.433, 110
Trd, 431189.450, 111
Trd, 431190.400, 98
Trd, 431192.633, 100
Trd, 431192.850, 99
Trd, 431193.033, 99
Trd, 431194.233, 112
Trd, 431194.267, 108
Trd, 431194.317, 117
Trd, 431195.167, 98
Trd, 431195.417, 91
Trd, 431197.783, 120
Trd, 431197.817, 115
Trd, 431198.033, 104
Trd, 431198.833, 111
Trd, 431200.000, 100
Trd, 431200.483, 102
Trd, 431200.500, 89
Trd, 431200.767, 110
Trd, 431201.633, 88
Trd, 431202.483, 95
Trd, 431203.200, 90
Trd, 431204.233, 92
Trd, 431204.500, 93
Trd, 431204.617, 102
Trd, 431205.900, 103
Trd, 431206.733, 104
Trd, 431206.767, 100
Trd, 431207.517, 98
Trd, 431208.783, 111
Trd, 431208.850, 99
Trd, 431210.367, 101
Trd, 431210.417, 107
Trd, 431211.167, 105
Trd, 431212.450, 106
Trd, 431213.050, 101
Trd, 431213.933, 101
Trd, 431214.250, 105
Trd, 431215.083, 122
Trd, 431216.333, 111
Trd, 431217.100, 97
Trd, 431218.550, 107
Trd, 431218.683, 104
Trd, 431219.633, 103
Trd, 431220.783, 113
Trd, 431221.050, 118
Trd, 431223.050, 101
Trd, 431223.267, 119
Trd, 431223.733, 98
Trd, 431224.917, 102
Trd, 431225.433, 108
Trd, 431225.550, 101
Trd, 431226.550, 93
Trd, 431227.217, 90
Trd, 431227.683, 95
Trd, 431228.033, 98
Trd, 431229.050, 101
Trd, 431231.667, 104
Trd, 431232.733, 108
Trd, 431232.917, 108
Trd, 431234.167, 115
Trd, 431234.633, 104
Trd, 431234.667, 98
Trd, 431236.250, 95
Trd, 431236.517, 92
Trd, 431236.800, 109
Trd, 431236.967, 100
Trd, 431237.300, 106
Trd, 431238.183, 88
Trd, 431238.217, 111
Trd, 431240.100, 111
Trd, 431242.133, 93
Trd, 431242.667, 96
Trd, 431243.050, 87
Trd, 431243.233, 90
Trd, 431243.583, 93
Trd, 431244.817, 101
Trd, 431244.867, 92
Trd, 431247.150, 112
Trd, 431247.217, 102
Trd, 431247.700, 95
Trd, 431248.400, 104
Trd, 431248.517, 112
Trd, 431249.217, 108
Trd, 431249.633, 116
Trd, 431251.083, 120
Trd, 431251.133, 105
Trd, 431251.950, 114
Trd, 431252.083, 109
Trd, 431253.050, 101
Trd, 431253.667, 118
Trd, 431256.483, 108
Trd, 431256.950, 103
Trd, 431257.267, 99
Trd, 431258.800, 91
Trd, 431260.417, 105
Trd, 431260.600, 103
Trd, 431261.750, 95
Trd, 431262.367, 112
Trd, 431263.133, 114
Trd, 431264.000, 108
Trd, 431264.083, 98
Trd, 431265.550, 102
Trd, 431266.283, 97
Trd, 431266.450, 104
Trd, 431266.467, 106
Trd, 431267.317, 106
Trd, 431268.200, 96
Trd, 431268.267, 114
Trd, 431268.450, 95
Trd, 431268.867, 97
Trd, 431269.233, 103
Trd, 431269.467, 123
Trd, 431270.900, 109
Trd, 431273.383, 101
Trd, 431274.383, 119
Trd, 431274.650, 101
Trd, 431274.750, 98
Trd, 431275.267, 104
Trd, 431277.633, 105
Trd, 431278.950, 106
Trd, 431279.967, 107
Trd, 431280.433, 104
Trd, 431281.217, 93
Trd, 431282.433, 102
Trd, 431282.733, 95
Trd, 431282.783, 94
Trd, 431283.283, 91
Trd, 431283.800, 105
Trd, 431285.083, 103
Trd, 431286.100, 97
Trd, 431286.150, 102
Trd, 431286.533, 87
Trd, 431287.450, 114
Trd, 431289.367, 99
Trd, 431289.567, 109
Trd, 431289.600, 98
Trd, 431290.633, 110
Trd, 431290.733, 114
Trd, 431291.117, 121
Trd, 431291.183, 103
Trd, 431291.317, 90
Trd, 431291.767, 112
Trd, 431293.233, 100
Trd, 431294.433, 106
Trd, 431294.667, 115
Trd, 431295.233, 94
Trd, 431295.617, 87
Trd, 431296.000, 102
Trd, 431297.783, 94
Trd, 431298.367, 99
Trd, 431299.300, 116
Trd, 431300.250, 118
Trd, 431300.617, 114
Trd, 431300.850, 111
Trd, 431301.183, 99
Trd, 431301.250, 98
Trd, 431301.717, 98
Trd, 431301.750, 89
Trd, 431303.667, 88
Trd, 431303.817, 88
Trd, 431304.250, 91
Trd, 431304.983, 100
Trd, 431305.600, 87
Trd, 431305.950, 87
Trd, 431306.483, 115
Trd, 431308.600, 97
Trd, 431308.850, 104
Trd, 431309.917, 99
Trd, 431309.967, 92
Trd, 431310.483, 93
Trd, 431310.967, 98
Trd, 431311.317, 98
Trd, 431311.483, 99
Trd, 431313.067, 104
Trd, 431313.700, 104
Trd, 431313.900, 119
Trd, 431314.367, 96
Trd, 431314.467, 95
Trd, 431316.433, 105
Trd, 431317.633, 102
Trd, 431318.383, 102
Trd, 431319.550, 107
Trd, 431320.417, 112
Trd, 431320.967, 111
Trd, 431321.617, 118
Trd, 431323.550, 98
Trd, 431323.617, 120
Trd, 431324.033, 106
Trd, 431324.317, 97
Trd, 431325.933, 99
Trd, 431326.783, 99
Trd, 431327.250, 101
Trd, 431327.267, 104
Trd, 431329.167, 95
Trd, 431329.800, 92
Trd, 431330.800, 89
Trd, 431331.583, 91
Trd, 431332.017, 96
Trd, 431332.617, 98
Trd, 431334.217, 114
Trd, 431335.967, 101
Trd, 431336.633, 101
Trd, 431336.700, 102
Trd, 431337.550, 101
Trd, 431337.750, 100
Trd, 431338.283, 103
Trd, 431338.667, 97
Trd, 431340.700, 119
Trd, 431341.050, 96
Trd, 431341.150, 124
Trd, 431341.567, 91
Trd, 431342.083, 106
Trd, 431342.917, 87
Trd, 431343.467, 96
Trd, 431343.983, 95
Trd, 431345.617, 98
Trd, 431346.117, 93
Trd, 431346.233, 104
Trd, 431346.750, 94
Trd, 431347.617, 101
Trd, 431347.933, 101
Trd, 431348.433, 120
Trd, 431349.800, 100
Trd, 431352.017, 98
Trd, 431352.550, 85
Trd, 431353.400, 101
Trd, 431353.950, 99
Trd, 431354.433, 87
Trd, 431355.250, 98
Trd, 431355.367, 101
Trd, 431357.017, 109
Trd, 431357.067, 97
Trd, 431357.650, 102
Trd, 431358.217, 102
Trd, 431359.000, 102
Trd, 431359.600, 120
Trd, 431360.867, 102
Trd, 431361.150, 104
Trd, 431361.800, 101
Trd, 431362.867, 117
Trd, 431363.133, 108
Trd, 431363.150, 125
Trd, 431363.617, 104
Trd, 431365.567, 88
Trd, 431366.583, 93
Trd, 431367.033, 100
Trd, 431368.350, 97
Trd, 431369.533, 104
Trd, 431370.100, 113
Trd, 431370.367, 116
Trd, 431371.883, 107
Trd, 431372.883, 105
Trd, 431372.917, 120
Trd, 431373.150, 98
Trd, 431374.750, 102
Trd, 431374.900, 99
Trd, 431375.233, 102
Trd, 431375.300, 103
Trd, 431375.417, 96
Trd, 431375.650, 87
Trd, 431375.733, 106
Trd, 431376.433, 108
Trd, 431377.617, 86
Trd, 431377.683, 83
Trd, 431378.767, 97
Trd, 431379.200, 91
Trd, 431380.150, 107
Trd, 431381.050, 101
Trd, 431381.667, 101
Trd, 431382.233, 92
Trd, 431383.883, 97
Trd, 431384.583, 97
Trd, 431385.433, 93
Trd, 431385.517, 103
Trd, 431386.350, 100
Trd, 431386.450, 105
Trd, 431388.300, 112
Trd, 431389.217, 92
Trd, 431390.567, 92
Trd, 431391.367, 93
Trd, 431391.717, 94
Trd, 431391.783, 96
Trd, 431392.150, 113
Trd, 431392.517, 107
Trd, 431392.650, 101
Trd, 431392.833, 123
Trd, 431393.267, 111
Trd, 431393.517, 92
Trd, 431393.633, 120
Trd, 431394.467, 123
Trd, 431394.800, 101
Trd, 431396.217, 88
Trd, 431396.567, 115
Trd, 431396.633, 104
Trd, 431400.433, 105
Trd, 431400.517, 108
Trd, 431400.817, 98
Trd, 431400.900, 98
Trd, 431401.250, 91
Trd, 431402.233, 114
Trd, 431403.017, 129
Trd, 431404.100, 107
Trd, 431404.700, 96
Trd, 431405.283, 88
Trd, 431405.833, 101
Trd, 431406.500, 102
Trd, 431406.650, 103
Trd, 431407.967, 104
Trd, 431408.067, 98
Trd, 431408.700, 87
Trd, 431411.683, 93
Trd, 431411.700, 102
Trd, 431412.250, 95
Trd, 431414.350, 98
Trd, 431414.450, 99
Trd, 431414.883, 100
Trd, 431415.300, 103
Trd, 431415.850, 98
Trd, 431415.883, 114
Trd, 431416.050, 115
Trd, 431416.333, 119
Trd, 431416.550, 106
Trd, 431417.383, 100
Trd, 431418.167, 99
Trd, 431418.267, 106
Trd, 431418.733, 90
Trd, 431421.483, 93
Trd, 431421.733, 106
Trd, 431421.983, 103
Trd, 431422.083, 107
Trd, 431422.483, 94
Trd, 431423.600, 103
Trd, 431424.767, 111
Trd, 431424.983, 113
Trd, 431425.633, 113
Trd, 431426.733, 102
Trd, 431427.533, 97
Trd, 431428.000, 105
Trd, 431429.067, 122
Trd, 431429.150, 118
Trd, 431430.483, 111
Trd, 431430.800, 123
Trd, 431432.050, 116
Trd, 431432.133, 107
Trd, 431432.483, 106
Trd, 431432.750, 101
Trd, 431433.500, 89
Trd, 431435.983, 100
Trd, 431436.533, 97
Trd, 431437.133, 101
Trd, 431438.433, 106
Trd, 431438.667, 103
Trd, 431438.967, 102
Trd, 431439.650, 111
Trd, 431439.950, 101
Trd, 431440.650, 107
Trd, 431441.233, 104
Trd, 431441.917, 109
Trd, 431443.333, 98
Trd, 431444.567, 92
Trd, 431445.067, 103
Trd, 431446.400, 110
Trd, 431448.033, 114
Trd, 431448.983, 108
Trd, 431449.617, 101
Trd, 431449.900, 101
Trd, 431450.767, 101
Trd, 431451.150, 99
Trd, 431452.733, 110
Trd, 431453.017, 111
Trd, 431453.917, 108
Trd, 431454.567, 98
Trd, 431455.950, 108
Trd, 431458.400, 90
Trd, 431458.533, 90
Trd, 431459.567, 95
Trd, 431461.300, 93
Trd, 431461.383, 91
Trd, 431461.400, 94
Trd, 431461.567, 89
Trd, 431462.167, 95
Trd, 431462.817, 106
Trd, 431463.433, 102
Trd, 431463.650, 96
Trd, 431464.617, 117
Trd, 431464.800, 113
Trd, 431464.983, 110
Trd, 431465.350, 120
Trd, 431466.567, 113
Trd, 431466.600, 112
Trd, 431466.983, 117
Trd, 431467.150, 112
Trd, 431468.683, 120
Trd, 431468.900, 120
Trd, 431471.067, 125
Trd, 431471.117, 112
Trd, 431473.300, 108
Trd, 431473.317, 101
Trd, 431474.483, 101
Trd, 431475.117, 98
Trd, 431475.217, 95
Trd, 431476.583, 88
Trd, 431478.267, 96
Trd, 431478.383, 97
Trd, 431478.750, 100
Trd, 431479.233, 112
Trd, 431479.600, 116
Trd, 431480.733, 108
Trd, 431480.900, 107
Trd, 431481.783, 106
Trd, 431482.233, 101
Trd, 431482.283, 95
Trd, 431482.350, 105
Trd, 431484.117, 97
Trd, 431484.433, 99
Trd, 431484.767, 97
Trd, 431485.583, 118
Trd, 431485.817, 87
Trd, 431486.333, 89
Trd, 431489.183, 105
Trd, 431489.717, 106
Trd, 431489.750, 107
Trd, 431491.900, 106
Trd, 431492.367, 105
Trd, 431492.517, 101
Trd, 431492.583, 109
Trd, 431492.933, 87
Trd, 431494.633, 101
Trd, 431494.733, 98
Trd, 431495.250, 108
Trd, 431497.533, 105
Trd, 431499.667, 100
Trd, 431500.650, 103
Trd, 431500.717, 105
Trd, 431502.250, 107
Trd, 431502.417, 94
Trd, 431502.483, 116
Trd, 431504.167, 109
Trd, 431504.667, 116
Trd, 431504.700, 98
Trd, 431505.867, 94
Trd, 431506.283, 93
Trd, 431506.533, 113
Trd, 431507.633, 114
Trd, 431508.067, 109
Trd, 431508.350, 109
Trd, 431508.950, 104
Trd, 431509.417, 101
Trd, 431511.867, 98
Trd, 431512.567, 87
Trd, 431512.600, 86
Trd, 431512.917, 93
Trd, 431513.383, 97
Trd, 431513.633, 92
Trd, 431513.967, 103
Trd, 431514.117, 87
Trd, 431514.900, 100
Trd, 431516.000, 118
Trd, 431516.900, 118
Trd, 431517.483, 109
Trd, 431517.750, 101
Trd, 431517.900, 87
Trd, 431518.400, 102
Trd, 431518.817, 119
Trd, 431519.300, 91
Trd, 431521.150, 95
Trd, 431522.467, 95
Trd, 431526.017, 98
Trd, 431526.033, 103
Trd, 431526.200, 105
Trd, 431527.133, 96
Trd, 431527.250, 109
Trd, 431527.817, 93
Trd, 431528.383, 108
Trd, 431528.950, 112
Trd, 431529.667, 107
Trd, 431530.183, 98
Trd, 431530.267, 102
Trd, 431531.717, 95
Trd, 431532.367, 97
Trd, 431532.583, 120
Trd, 431533.167, 101
Trd, 431533.600, 91
Trd, 431534.000, 89
Trd, 431534.400, 122
Trd, 431535.967, 115
Trd, 431536.550, 100
Trd, 431536.950, 91
Trd, 431537.617, 95
Trd, 431537.750, 89
Trd, 431539.517, 99
Trd, 431540.067, 98
Trd, 431540.550, 99
Trd, 431541.967, 88
Trd, 431543.183, 88
Trd, 431543.483, 104
Trd, 431544.783, 116
Trd, 431545.150, 87
Trd, 431546.417, 110
Trd, 431546.567, 90
Trd, 431547.250, 92
Trd, 431547.350, 103
Trd, 431547.417, 104
Trd, 431548.350, 114
Trd, 431550.133, 90
Trd, 431550.300, 96
Trd, 431554.167, 109
Trd, 431555.467, 109
Trd, 431556.317, 111
Trd, 431556.483, 103
Trd, 431556.817, 100
Trd, 431557.767, 105
Trd, 431558.767, 111
Trd, 431559.000, 112
Trd, 431560.133, 108
Trd, 431561.233, 108
Trd, 431561.267, 121
Trd, 431561.617, 107
Trd, 431562.217, 96
Trd, 431562.317, 87
Trd, 431563.383, 99
Trd, 431563.617, 106
Trd, 431565.950, 100
Trd, 431567.150, 103
Trd, 431567.633, 96
Trd, 431567.767, 98
Trd, 431567.783, 91
Trd, 431569.233, 93
Trd, 431569.900, 90
Trd, 431570.017, 92
Trd, 431571.350, 93
Trd, 431574.650, 90
Trd, 431576.617, 102
Trd, 431576.967, 112
Trd, 431577.083, 101
Trd, 431577.150, 114
Trd, 431577.167, 100
Trd, 431579.983, 100
Trd, 431580.300, 102
Trd, 431580.483, 97
Trd, 431581.417, 112
Trd, 431582.117, 117
Trd, 431583.050, 101
Trd, 431585.583, 102
Trd, 431585.917, 106
Trd, 431586.383, 107
Trd, 431586.517, 108
Trd, 431586.983, 112
Trd, 431588.250, 106
Trd, 431588.783, 101
Trd, 431589.467, 109
Trd, 431589.817, 98
Trd, 431589.933, 120
Trd, 431591.500, 111
Trd, 431591.667, 109
Trd, 431592.400, 108
Trd, 431593.650, 103
Trd, 431594.000, 98
Trd, 431594.883, 108
Trd, 431595.483, 103
Trd, 431598.150, 101
Trd, 431598.233, 120
Trd, 431599.100, 110
Trd, 431599.300, 118
Trd, 431601.200, 101
Trd, 431602.300, 111
Trd, 431602.717, 97
Trd, 431603.183, 104
Trd, 431604.017, 100
Trd, 431604.600, 117
Trd, 431605.383, 116
Trd, 431606.883, 105
Trd, 431607.550, 108
Trd, 431609.667, 95
Trd, 431611.450, 89
Trd, 431612.733, 91
Trd, 431613.533, 93
Trd, 431614.000, 95
Trd, 431614.883, 97
Trd, 431615.383, 101
Trd, 431616.233, 109
Trd, 431617.267, 118
Trd, 431617.733, 109
Trd, 431618.200, 120
Trd, 431619.767, 122
Trd, 431620.117, 104
Trd, 431620.167, 101
Trd, 431620.767, 99
Trd, 431622.667, 98
Trd, 431622.867, 102
Trd, 431623.800, 86
Trd, 431624.367, 87
Trd, 431624.467, 85
Trd, 431626.100, 98
Trd, 431626.483, 101
Trd, 431627.750, 102
Trd, 431627.983, 98
Trd, 431628.750, 98
Trd, 431628.950, 97
Trd, 431629.800, 101
Trd, 431630.583, 94
Trd, 431631.600, 88
Trd, 431634.067, 104
Trd, 431634.550, 98
Trd, 431635.267, 103
Trd, 431636.233, 102
Trd, 431636.500, 105
Trd, 431638.717, 109
Trd, 431638.850, 110
Trd, 431638.883, 112
Trd, 431638.967, 91
Trd, 431639.750, 91
Trd, 431640.267, 107
Trd, 431640.667, 94
Trd, 431641.350, 107
Trd, 431642.917, 88
Trd, 431642.950, 87
Trd, 431643.800, 97
Trd, 431644.767, 100
Trd, 431645.217, 98
Trd, 431645.617, 101
Trd, 431646.517, 84
Trd, 431646.800, 104
Trd, 431646.950, 104
Trd, 431648.450, 105
Trd, 431648.817, 110
Trd, 431649.417, 113
Trd, 431649.617, 100
Trd, 431649.667, 98
Trd, 431651.750, 103
Trd, 431651.933, 119
Trd, 431652.667, 89
Trd, 431653.167, 88
Trd, 431653.717, 87
Trd, 431655.167, 82
Trd, 431655.200, 91
Trd, 431656.200, 102
Trd, 431658.583, 93
Trd, 431659.983, 104
Trd, 431660.050, 99
Trd, 431660.383, 100
Trd, 431660.867, 107
Trd, 431663.000, 105
Trd, 431663.183, 111
Trd, 431663.617, 104
Trd, 431664.967, 121
Trd, 431664.983, 123
Trd, 431665.467, 101
Trd, 431665.867, 98
Trd, 431665.900, 87
Trd, 431666.183, 104
Trd, 431666.567, 88
Trd, 431667.400, 88
Trd, 431668.167, 101
Trd, 431671.517, 101
Trd, 431671.750, 98
Trd, 431672.900, 97
Trd, 431673.483, 108
Trd, 431673.550, 108
Trd, 431673.733, 103
Trd, 431673.883, 100
Trd, 431674.083, 86
Trd, 431676.117, 110
Trd, 431676.567, 106
Trd, 431678.433, 105
Trd, 431679.183, 118
Trd, 431680.083, 125
Trd, 431680.733, 115
Trd, 431681.300, 117
Trd, 431681.333, 105
Trd, 431682.767, 116
Trd, 431684.117, 104
Trd, 431685.200, 105
Trd, 431685.633, 109
Trd, 431686.150, 101
Trd, 431686.617, 97
Trd, 431686.850, 116
Trd, 431687.483, 107
Trd, 431687.733, 102
Trd, 431688.217, 113
Trd, 431688.267, 98
Trd, 431689.033, 116
Trd, 431689.300, 87
Trd, 431689.900, 87
Trd, 431690.417, 90
Trd, 431690.783, 91
Trd, 431691.533, 93
Trd, 431692.817, 92
Trd, 431696.033, 106
Trd, 431696.050, 110
Trd, 431696.600, 105
Trd, 431696.667, 101
Trd, 431698.300, 113
Trd, 431699.533, 101
Trd, 431701.183, 98
Trd, 431701.967, 97
Trd, 431702.167, 92
Trd, 431703.917, 95
Trd, 431704.300, 97
Trd, 431704.667, 103
Trd, 431705.667, 101
Trd, 431705.917, 102
Trd, 431706.633, 118
Trd, 431706.950, 112
Trd, 431707.450, 99
Trd, 431710.550, 98
Trd, 431711.233, 106
Trd, 431712.133, 96
Trd, 431713.083, 100
Trd, 431713.850, 103
Trd, 431714.167, 111
Trd, 431715.000, 103
Trd, 431716.233, 106
Trd, 431716.483, 102
Trd, 431717.517, 108
Trd, 431718.267, 99
Trd, 431718.450, 98
Trd, 431720.650, 93
Trd, 431720.917, 106
Trd, 431722.050, 109
Trd, 431723.250, 108
Trd, 431723.633, 106
Trd, 431723.683, 97
Trd, 431724.133, 111
Trd, 431724.667, 102
Trd, 431725.417, 115
Trd, 431725.700, 116
Trd, 431725.733, 101
Trd, 431726.317, 101
Trd, 431726.933, 102
Trd, 431728.100, 101
Trd, 431729.483, 106
Trd, 431731.200, 95
Trd, 431731.250, 103
Trd, 431731.283, 88
Trd, 431731.983, 112
Trd, 431732.700, 107
Trd, 431733.183, 105
Trd, 431733.317, 102
Trd, 431733.567, 101
Trd, 431733.883, 88
Trd, 431733.933, 101
Trd, 431734.917, 111
Trd, 431735.683, 97
Trd, 431738.333, 110
Trd, 431738.617, 93
Trd, 431740.350, 102
Trd, 431740.567, 112
Trd, 431741.383, 115
Trd, 431741.500, 120
Trd, 431741.583, 87
Trd, 431742.033, 121
Trd, 431742.267, 111
Trd, 431743.000, 95
Trd, 431743.767, 95
Trd, 431743.883, 94
Trd, 431744.733, 97
Trd, 431746.000, 102
Trd, 431747.133, 95
Trd, 431747.167, 97
Trd, 431749.467, 107
Trd, 431750.683, 101
Trd, 431752.033, 115
Trd, 431752.200, 108
Trd, 431753.117, 114
Trd, 431753.383, 103
Trd, 431753.733, 116
Trd, 431754.500, 118
Trd, 431754.667, 101
Trd, 431754.733, 100
Trd, 431755.933, 101
Trd, 431756.617, 95
Trd, 431756.800, 88
Trd, 431757.717, 100
Trd, 431757.733, 86
Trd, 431758.450, 94
Trd, 431759.100, 87
Trd, 431759.517, 98
Trd, 431760.367, 99
Trd, 431760.600, 101
Trd, 431760.767, 103
Trd, 431761.183, 105
Trd, 431761.933, 120
Trd, 431762.950, 110
Trd, 431763.083, 98
Trd, 431763.217, 113
Trd, 431765.400, 101
Trd, 431766.750, 113
Trd, 431767.333, 89
Trd, 431768.233, 95
Trd, 431768.383, 93
Trd, 431769.017, 102
Trd, 431769.950, 103
Trd, 431770.850, 100
Trd, 431771.917, 100
Trd, 431772.617, 99
Trd, 431773.767, 108
Trd, 431774.250, 91
Trd, 431774.383, 107
Trd, 431775.717, 110
Trd, 431776.617, 106
Trd, 431779.317, 106
Trd, 431779.550, 105
Trd, 431780.750, 115
Trd, 431781.667, 114
Trd, 431782.583, 112
Trd, 431783.200, 106
Trd, 431784.233, 111
Trd, 431784.333, 112
Trd, 431784.550, 106
Trd, 431784.717, 103
Trd, 431785.983, 108
Trd, 431786.583, 115
Trd, 431786.900, 102
Trd, 431788.700, 115
Trd, 431788.917, 101
Trd, 431790.167, 100
Trd, 431790.433, 101
Trd, 431790.667, 96
Trd, 431790.933, 94
Trd, 431791.650, 108
Trd, 431792.233, 98
Trd, 431794.383, 103
Trd, 431794.917, 104
Trd, 431795.583, 109
Trd, 431796.250, 97
Trd, 431798.033, 111
Trd, 431798.250, 122
Trd, 431798.717, 92
Trd, 431799.000, 104
Trd, 431800.550, 101
Trd, 431800.783, 89
Trd, 431801.100, 87
Trd, 431801.283, 98
Trd, 431801.500, 100
Trd, 431802.000, 102
Trd, 431802.950, 101
Trd, 431803.750, 94
Trd, 431804.067, 91
Trd, 431804.650, 86
Trd, 431805.083, 89
Trd, 431806.050, 92
Trd, 431806.450, 91
Trd, 431807.450, 99
Trd, 431810.550, 91
Trd, 431811.217, 110
Trd, 431811.450, 111
Trd, 431812.033, 116
Trd, 431813.917, 104
Trd, 431814.417, 101
Trd, 431814.900, 98
Trd, 431816.300, 96
Trd, 431816.383, 108
Trd, 431817.967, 117
Trd, 431819.250, 95
Trd, 431819.500, 88
Trd, 431819.850, 97
Trd, 431820.600, 102
Trd, 431822.300, 103
Trd, 431823.483, 100
Trd, 431823.817, 123
Trd, 431825.850, 100
Trd, 431825.983, 96
Trd, 431826.867, 108
Trd, 431826.983, 100
Trd, 431827.450, 111
Trd, 431827.650, 105
Trd, 431827.833, 111
Trd, 431828.350, 97
Trd, 431829.067, 110
Trd, 431829.233, 121
Trd, 431831.250, 89
Trd, 431832.000, 111
Trd, 431833.333, 98
Trd, 431834.900, 98
Trd, 431835.000, 90
Trd, 431835.183, 95
Trd, 431835.500, 88
Trd, 431837.283, 101
Trd, 431837.450, 91
Trd, 431837.483, 102
Trd, 431838.667, 97
Trd, 431840.550, 104
Trd, 431842.383, 92
Trd, 431843.050, 87
Trd, 431844.350, 96
Trd, 431845.000, 92
Trd, 431845.533, 89
Trd, 431845.950, 100
Trd, 431846.617, 103
Trd, 431846.767, 105
Trd, 431847.333, 106
Trd, 431847.767, 98
Trd, 431848.133, 92
Trd, 431848.250, 101
Trd, 431848.350, 87
Trd, 431849.083, 89
Trd, 431849.433, 100
Trd, 431851.917, 89
Trd, 431853.300, 104
Trd, 431853.400, 98
Trd, 431853.750, 105
Trd, 431854.350, 99
Trd, 431854.617, 115
Trd, 431855.167, 114
Trd, 431855.883, 111
Trd, 431857.183, 95
Trd, 431857.583, 116
Trd, 431857.850, 115
Trd, 431858.817, 114
Trd, 431858.967, 98
Trd, 431859.650, 104
Trd, 431861.200, 101
Trd, 431862.133, 121
Trd, 431862.250, 106
Trd, 431862.700, 112
Trd, 431863.050, 123
Trd, 431864.133, 90
Trd, 431865.250, 101
Trd, 431866.167, 87
Trd, 431866.783, 106
Trd, 431867.067, 101
Trd, 431867.367, 114
Trd, 431868.217, 108
Trd, 431868.767, 91
Trd, 431869.767, 111
Trd, 431870.533, 88
Trd, 431870.733, 117
Trd, 431870.867, 106
Trd, 431872.883, 104
Trd, 431872.900, 112
Trd, 431874.617, 109
Trd, 431875.483, 102
Trd, 431876.033, 101
Trd, 431876.500, 103
Trd, 431877.800, 100
Trd, 431878.917, 101
Trd, 431879.017, 100
Trd, 431879.033, 98
Trd, 431879.167, 103
Trd, 431879.533, 118
Trd, 431879.983, 87
Trd, 431883.567, 98
Trd, 431884.083, 100
Trd, 431885.000, 97
Trd, 431885.367, 101
Trd, 431885.700, 96
Trd, 431886.750, 98
Trd, 431887.767, 101
Trd, 431888.350, 99
Trd, 431890.983, 90
Trd, 431891.200, 101
Trd, 431892.283, 105
Trd, 431892.667, 101
Trd, 431893.017, 99
Trd, 431895.517, 94
Trd, 431896.133, 99
Trd, 431896.250, 108
Trd, 431896.300, 100
Trd, 431897.083, 103
Trd, 431897.817, 99
Trd, 431898.100, 98
Trd, 431898.283, 96
Trd, 431898.417, 101
Trd, 431900.083, 104
Trd, 431900.117, 102
Trd, 431900.800, 95
Trd, 431900.867, 105
Trd, 431902.300, 100
Trd, 431902.650, 106
Trd, 431903.100, 98
Trd, 431903.467, 91
Trd, 431903.617, 93
Trd, 431904.483, 99
Trd, 431905.200, 120
Trd, 431906.633, 113
Trd, 431907.683, 93
Trd, 431907.767, 101
Trd, 431907.950, 91
Trd, 431909.133, 90
Trd, 431909.300, 94
Trd, 431911.400, 87
Trd, 431915.517, 109
Trd, 431915.633, 104
Trd, 431915.667, 105
Trd, 431916.367, 100
Trd, 431916.450, 114
Trd, 431916.967, 97
Trd, 431917.533, 95
Trd, 431918.650, 98
Trd, 431918.933, 116
Trd, 431919.200, 88
Trd, 431919.483, 89
Trd, 431920.867, 85
Trd, 431921.083, 96
Trd, 431921.383, 99
Trd, 431922.450, 104
Trd, 431922.917, 118
Trd, 431923.250, 87
Trd, 431924.250, 110
Trd, 431924.367, 112
Trd, 431925.133, 87
Trd, 431926.167, 101
Trd, 431926.517, 98
Trd, 431927.783, 103
Trd, 431928.033, 108
Trd, 431929.650, 116
Trd, 431930.733, 87
Trd, 431931.833, 93
Trd, 431932.117, 87
Trd, 431932.250, 84
Trd, 431932.833, 110
Trd, 431935.217, 102
Trd, 431935.350, 101
Trd, 431935.517, 98
Trd, 431936.850, 97
Trd, 431937.000, 98
Trd, 431939.000, 89
Trd, 431939.133, 103
Trd, 431940.183, 95
Trd, 431940.450, 101
Trd, 431940.667, 102
Trd, 431941.283, 104
Trd, 431941.300, 106
Trd, 431941.600, 108
Trd, 431943.217, 108
Trd, 431944.383, 101
Trd, 431945.583, 114
Trd, 431945.833, 113
Trd, 431946.300, 116
Trd, 431946.550, 118
Trd, 431947.183, 98
Trd, 431947.900, 116
Trd, 431950.050, 92
Trd, 431950.283, 86
Trd, 431950.367, 105
Trd, 431952.150, 105
Trd, 431952.350, 106
Trd, 431953.150, 98
Trd, 431953.217, 97
Trd, 431955.767, 107
Trd, 431955.983, 104
Trd, 431956.217, 120
Trd, 431956.383, 104
Trd, 431957.333, 87
Trd, 431958.150, 86
Trd, 431960.000, 95
Trd, 431960.750, 94
Trd, 431960.817, 93
Trd, 431961.150, 98
Trd, 431961.900, 93
Trd, 431962.717, 100
Trd, 431962.967, 85
Trd, 431963.267, 109
Trd, 431963.633, 87
Trd, 431964.400, 108
Trd, 431965.967, 112
Trd, 431969.600, 110
Trd, 431969.867, 103
Trd, 431971.017, 100
Trd, 431971.433, 111
Trd, 431971.783, 105
Trd, 431971.900, 98
Trd, 431973.767, 96
Trd, 431973.933, 93
Trd, 431975.567, 107
Trd, 431976.850, 105
Trd, 431977.383, 102
Trd, 431977.900, 113
Trd, 431978.917, 105
Trd, 431979.117, 99
Trd, 431979.317, 97
Trd, 431979.717, 120
Trd, 431980.467, 91
Trd, 431981.433, 91
Trd, 431982.450, 85
Trd, 431984.767, 107
Trd, 431986.250, 101
Trd, 431986.567, 119
Trd, 431986.983, 105
Trd, 431987.967, 101
Trd, 431989.100, 97
Trd, 431989.367, 107
Trd, 431989.717, 94
Trd, 431990.283, 102
Trd, 431991.133, 95
Trd, 431991.717, 89
Trd, 431991.833, 115
Trd, 431991.883, 114
Trd, 431992.183, 120
Trd, 431992.367, 104
Trd, 431992.800, 94
Trd, 431993.400, 97
Trd, 431993.783, 99
Trd, 431995.667, 97
Trd, 431996.567, 99
Trd, 431997.517, 96
Trd, 431997.783, 99
Trd, 431997.967, 103
Trd, 431998.717, 97
Trd, 431999.300, 89
