Trd, 430624.800, 91
Trd, 430626.067, 102
Trd, 430626.200, 101
Trd, 430626.683, 103
Trd, 430628.867, 93
Trd, 430629.383, 90
Trd, 430629.567, 98
Trd, 430630.900, 88
Trd, 430632.083, 89
Trd, 430633.667, 107
Trd, 430633.800, 101
Trd, 430633.933, 101
Trd, 430634.117, 109
Trd, 430634.217, 95
Trd, 430635.567, 96
Trd, 430635.783, 101
Trd, 430636.200, 100
Trd, 430636.683, 101
Trd, 430637.783, 98
Trd, 430639.667, 106
Trd, 430640.150, 99
Trd, 430640.233, 98
Trd, 430642.000, 97
Trd, 430642.033, 105
Trd, 430642.500, 106
Trd, 430643.633, 97
Trd, 430643.850, 95
Trd, 430644.367, 90
Trd, 430648.767, 99
Trd, 430648.967, 97
Trd, 430649.233, 104
Trd, 430649.817, 98
Trd, 430651.233, 100
Trd, 430652.467, 98
Trd, 430652.617, 102
Trd, 430652.783, 88
Trd, 430653.417, 102
Trd, 430653.767, 102
Trd, 430654.700, 90
Trd, 430654.717, 104
Trd, 430654.967, 89
Trd, 430655.150, 102
Trd, 430656.433, 90
Trd, 430656.750, 98
Trd, 430657.400, 90
Trd, 430657.850, 104
Trd, 430658.567, 87
Trd, 430660.167, 97
Trd, 430662.250, 106
Trd, 430663.233, 101
Trd, 430663.367, 100
Trd, 430663.533, 109
Trd, 430663.783, 114
Trd, 430666.033, 95
Trd, 430666.400, 106
Trd, 430666.683, 97
Trd, 430667.950, 103
Trd, 430668.933, 118
Trd, 430669.017, 100
Trd, 430669.100, 98
Trd, 430671.117, 91
Trd, 430672.050, 91
Trd, 430672.300, 100
Trd, 430672.350, 106
Trd, 430674.117, 95
Trd, 430674.683, 87
Trd, 430675.883, 101
Trd, 430676.383, 82
Trd, 430679.050, 91
Trd, 430679.283, 94
Trd, 430680.417, 90
Trd, 430680.967, 82
Trd, 430681.117, 97
Trd, 430681.617, 104
Trd, 430681.933, 100
Trd, 430682.050, 93
Trd, 430682.200, 93
Trd, 430682.483, 98
Trd, 430684.800, 99
Trd, 430685.067, 98
Trd, 430686.017, 99
Trd, 430686.267, 98
Trd, 430687.633, 99
Trd, 430688.533, 97
Trd, 430689.550, 95
Trd, 430690.350, 91
Trd, 430690.567, 90
Trd, 430691.883, 92
Trd, 430693.783, 97
Trd, 430694.083, 90
Trd, 430694.233, 98
Trd, 430696.450, 93
Trd, 430696.467, 104
Trd, 430697.467, 95
Trd, 430699.133, 91
Trd, 430700.017, 101
Trd, 430700.533, 95
Trd, 430701.833, 95
Trd, 430702.733, 96
Trd, 430704.683, 99
Trd, 430705.267, 101
Trd, 430705.333, 99
Trd, 430705.767, 98
Trd, 430708.083, 106
Trd, 430708.733, 97
Trd, 430710.467, 97
Trd, 430711.383, 95
Trd, 430711.683, 90
Trd, 430712.283, 97
Trd, 430712.917, 88
Trd, 430713.433, 106
Trd, 430713.817, 106
Trd, 430714.000, 85
Trd, 430715.350, 103
Trd, 430715.650, 105
Trd, 430716.217, 95
Trd, 430716.983, 102
Trd, 430717.550, 94
Trd, 430717.567, 95
Trd, 430718.250, 91
Trd, 430718.483, 90
Trd, 430720.200, 94
Trd, 430720.867, 95
Trd, 430722.467, 104
Trd, 430724.483, 98
Trd, 430724.967, 102
Trd, 430725.883, 98
Trd, 430726.350, 97
Trd, 430726.617, 97
Trd, 430727.517, 96
Trd, 430727.950, 95
Trd, 430729.317, 92
Trd, 430730.883, 92
Trd, 430731.050, 91
Trd, 430731.083, 90
Trd, 430732.750, 98
Trd, 430733.233, 101
Trd, 430734.417, 94
Trd, 430734.983, 105
Trd, 430735.900, 98
Trd, 430736.633, 96
Trd, 430737.783, 96
Trd, 430739.183, 94
Trd, 430739.200, 92
Trd, 430739.967, 88
Trd, 430740.000, 86
Trd, 430740.350, 92
Trd, 430740.583, 99
Trd, 430742.250, 100
Trd, 430742.617, 105
Trd, 430745.150, 96
Trd, 430745.833, 97
Trd, 430747.667, 104
Trd, 430747.700, 97
Trd, 430748.283, 97
Trd, 430748.350, 102
Trd, 430748.617, 96
Trd, 430748.967, 95
Trd, 430749.717, 106
Trd, 430750.817, 107
Trd, 430752.817, 96
Trd, 430753.617, 99
Trd, 430755.300, 98
Trd, 430755.983, 101
Trd, 430757.533, 104
Trd, 430757.933, 102
Trd, 430758.517, 103
Trd, 430758.583, 98
Trd, 430759.883, 96
Trd, 430760.167, 95
Trd, 430760.417, 106
Trd, 430762.550, 94
Trd, 430763.000, 93
Trd, 430763.983, 96
Trd, 430764.033, 100
Trd, 430764.483, 108
Trd, 430766.683, 107
Trd, 430766.817, 101
Trd, 430767.550, 90
Trd, 430768.683, 108
Trd, 430770.050, 90
Trd, 430770.483, 87
Trd, 430770.917, 88
Trd, 430771.067, 87
Trd, 430773.383, 99
Trd, 430774.600, 91
Trd, 430775.867, 97
Trd, 430776.000, 85
Trd, 430777.183, 87
Trd, 430777.300, 85
Trd, 430779.767, 97
Trd, 430780.133, 90
Trd, 430780.583, 98
Trd, 430781.000, 91
Trd, 430782.467, 99
Trd, 430785.167, 95
Trd, 430785.650, 98
Trd, 430785.967, 97
Trd, 430786.167, 95
Trd, 430786.183, 92
Trd, 430787.450, 95
Trd, 430788.967, 103
Trd, 430789.867, 101
Trd, 430791.117, 97
Trd, 430791.850, 96
Trd, 430792.317, 96
Trd, 430792.700, 91
Trd, 430793.283, 86
Trd, 430793.417, 98
Trd, 430793.717, 99
Trd, 430793.983, 89
Trd, 430796.517, 100
Trd, 430797.383, 96
Trd, 430798.150, 100
Trd, 430799.450, 100
Trd, 430800.550, 100
Trd, 430801.000, 100
Trd, 430802.517, 98
Trd, 430803.383, 97
Trd, 430803.617, 90
Trd, 430803.717, 88
Trd, 430804.700, 105
Trd, 430804.750, 106
Trd, 430804.933, 109
Trd, 430805.983, 100
Trd, 430808.133, 95
Trd, 430808.583, 95
Trd, 430809.200, 95
Trd, 430809.717, 98
Trd, 430809.983, 96
Trd, 430810.783, 98
Trd, 430811.050, 100
Trd, 430812.033, 86
Trd, 430812.217, 96
Trd, 430814.417, 101
Trd, 430815.083, 89
Trd, 430816.833, 94
Trd, 430817.183, 93
Trd, 430818.083, 103
Trd, 430820.233, 94
Trd, 430820.367, 105
Trd, 430821.900, 98
Trd, 430823.467, 104
Trd, 430823.667, 94
Trd, 430824.167, 96
Trd, 430824.783, 93
Trd, 430825.933, 104
Trd, 430827.983, 96
Trd, 430828.850, 100
Trd, 430829.183, 93
Trd, 430829.550, 92
Trd, 430830.967, 93
Trd, 430830.983, 92
Trd, 430831.267, 90
Trd, 430831.483, 86
Trd, 430831.717, 86
Trd, 430832.967, 84
Trd, 430833.800, 99
Trd, 430834.200, 106
Trd, 430835.067, 99
Trd, 430837.050, 98
Trd, 430837.533, 98
Trd, 430838.583, 95
Trd, 430841.617, 94
Trd, 430841.717, 95
Trd, 430842.283, 95
Trd, 430842.767, 107
Trd, 430842.933, 95
Trd, 430843.283, 94
Trd, 430843.350, 95
Trd, 430843.983, 108
Trd, 430845.100, 95
Trd, 430846.317, 90
Trd, 430847.133, 84
Trd, 430847.867, 104
Trd, 430848.567, 101
Trd, 430849.983, 107
Trd, 430850.700, 107
Trd, 430850.933, 106
Trd, 430851.067, 95
Trd, 430851.267, 91
Trd, 430852.067, 92
Trd, 430852.483, 99
Trd, 430852.567, 91
Trd, 430854.367, 95
Trd, 430854.400, 90
Trd, 430856.150, 81
Trd, 430857.200, 94
Trd, 430857.517, 102
Trd, 430857.833, 101
Trd, 430859.667, 89
Trd, 430860.100, 94
Trd, 430861.400, 103
Trd, 430863.150, 99
Trd, 430863.733, 106
Trd, 430863.750, 106
Trd, 430863.900, 100
Trd, 430864.200, 99
Trd, 430865.017, 96
Trd, 430865.600, 84
Trd, 430865.650, 96
Trd, 430866.117, 82
Trd, 430866.517, 85
Trd, 430867.183, 85
Trd, 430867.283, 98
Trd, 430868.133, 112
Trd, 430868.617, 93
Trd, 430868.700, 105
Trd, 430871.633, 96
Trd, 430872.167, 95
Trd, 430872.300, 95
Trd, 430872.683, 94
Trd, 430872.950, 99
Trd, 430874.050, 106
Trd, 430874.933, 99
Trd, 430876.883, 101
Trd, 430876.933, 118
Trd, 430877.050, 99
Trd, 430878.133, 98
Trd, 430878.650, 105
Trd, 430881.083, 95
Trd, 430881.433, 99
Trd, 430882.283, 99
Trd, 430882.733, 102
Trd, 430883.000, 99
Trd, 430883.167, 98
Trd, 430883.200, 106
Trd, 430883.667, 98
Trd, 430883.800, 88
Trd, 430886.767, 93
Trd, 430886.983, 93
Trd, 430888.033, 102
Trd, 430888.817, 99
Trd, 430890.050, 100
Trd, 430890.217, 98
Trd, 430890.883, 106
Trd, 430891.883, 102
Trd, 430892.017, 99
Trd, 430893.317, 105
Trd, 430893.800, 99
Trd, 430894.017, 96
Trd, 430894.583, 95
Trd, 430895.183, 91
Trd, 430895.917, 90
Trd, 430897.117, 104
Trd, 430898.617, 93
Trd, 430898.650, 103
Trd, 430899.233, 101
Trd, 430900.317, 105
Trd, 430900.533, 102
Trd, 430901.267, 106
Trd, 430902.633, 107
Trd, 430903.533, 108
Trd, 430903.583, 108
Trd, 430903.817, 98
Trd, 430904.483, 97
Trd, 430904.917, 97
Trd, 430905.150, 99
Trd, 430905.883, 97
Trd, 430906.200, 101
Trd, 430907.450, 102
Trd, 430908.517, 106
Trd, 430909.117, 95
Trd, 430909.200, 109
Trd, 430909.417, 101
Trd, 430909.533, 92
Trd, 430910.367, 90
Trd, 430911.583, 86
Trd, 430913.800, 89
Trd, 430913.900, 90
Trd, 430914.917, 89
Trd, 430915.650, 89
Trd, 430916.567, 89
Trd, 430917.200, 88
Trd, 430917.267, 95
Trd, 430917.600, 90
Trd, 430919.350, 94
Trd, 430919.617, 98
Trd, 430921.117, 97
Trd, 430922.050, 96
Trd, 430922.650, 95
Trd, 430923.083, 90
Trd, 430923.333, 99
Trd, 430923.517, 104
Trd, 430924.633, 97
Trd, 430925.700, 98
Trd, 430926.000, 99
Trd, 430926.083, 97
Trd, 430926.183, 100
Trd, 430926.717, 106
Trd, 430926.967, 97
Trd, 430927.550, 107
Trd, 430927.967, 109
Trd, 430928.167, 97
Trd, 430931.267, 93
Trd, 430932.133, 93
Trd, 430933.000, 87
Trd, 430933.167, 105
Trd, 430936.200, 100
Trd, 430936.383, 100
Trd, 430938.883, 97
Trd, 430939.500, 90
Trd, 430939.883, 84
Trd, 430940.533, 94
Trd, 430941.100, 104
Trd, 430941.150, 96
Trd, 430941.817, 87
Trd, 430942.033, 90
Trd, 430942.267, 106
Trd, 430943.167, 105
Trd, 430943.583, 109
Trd, 430944.633, 90
Trd, 430945.133, 92
Trd, 430946.517, 106
Trd, 430946.783, 95
Trd, 430947.583, 107
Trd, 430947.733, 101
Trd, 430947.750, 95
Trd, 430947.917, 89
Trd, 430947.967, 110
Trd, 430948.300, 100
Trd, 430948.733, 85
Trd, 430949.200, 99
Trd, 430949.667, 87
Trd, 430951.333, 105
Trd, 430952.917, 102
Trd, 430954.600, 100
Trd, 430956.233, 101
Trd, 430956.850, 105
Trd, 430957.700, 100
Trd, 430957.983, 98
Trd, 430961.750, 95
Trd, 430962.083, 98
Trd, 430962.733, 106
Trd, 430963.300, 103
Trd, 430963.650, 109
Trd, 430964.767, 96
Trd, 430965.583, 97
Trd, 430965.633, 107
Trd, 430965.750, 97
Trd, 430965.950, 95
Trd, 430966.550, 96
Trd, 430966.667, 90
Trd, 430968.650, 90
Trd, 430968.967, 90
Trd, 430969.000, 92
Trd, 430969.083, 97
Trd, 430969.767, 91
Trd, 430971.533, 94
Trd, 430972.350, 99
Trd, 430973.367, 98
Trd, 430973.683, 98
Trd, 430974.217, 97
Trd, 430974.417, 103
Trd, 430978.100, 103
Trd, 430978.550, 99
Trd, 430980.000, 95
Trd, 430981.117, 96
Trd, 430981.233, 96
Trd, 430982.100, 98
Trd, 430982.983, 97
Trd, 430983.500, 105
Trd, 430983.567, 105
Trd, 430984.483, 100
Trd, 430984.967, 97
Trd, 430985.950, 96
Trd, 430986.167, 106
Trd, 430986.750, 109
Trd, 430987.583, 95
Trd, 430988.133, 91
Trd, 430989.050, 90
Trd, 430989.933, 98
Trd, 430990.267, 100
Trd, 430990.333, 97
Trd, 430991.083, 90
Trd, 430992.267, 106
Trd, 430993.417, 98
Trd, 430993.667, 101
Trd, 430994.100, 92
Trd, 430996.083, 101
Trd, 430996.400, 83
Trd, 430996.750, 89
Trd, 430997.600, 91
Trd, 430997.983, 106
Trd, 430999.133, 90
Trd, 431001.467, 95
Trd, 431002.617, 93
Trd, 431003.150, 93
Trd, 431003.250, 98
Trd, 431003.683, 98
Trd, 431004.267, 97
Trd, 431004.750, 97
Trd, 431005.100, 95
Trd, 431006.433, 104
Trd, 431006.617, 91
Trd, 431008.533, 92
Trd, 431008.567, 98
Trd, 431008.700, 109
Trd, 431010.267, 96
Trd, 431010.483, 96
Trd, 431011.633, 99
Trd, 431013.033, 108
Trd, 431013.650, 109
Trd, 431014.217, 103
Trd, 431014.983, 102
Trd, 431015.650, 98
Trd, 431015.867, 111
Trd, 431016.917, 96
Trd, 431017.367, 95
Trd, 431019.100, 106
Trd, 431019.900, 106
Trd, 431020.117, 96
Trd, 431021.983, 96
Trd, 431022.650, 94
Trd, 431023.283, 97
Trd, 431023.383, 98
Trd, 431024.133, 92
Trd, 431024.233, 90
Trd, 431026.033, 101
Trd, 431027.233, 106
Trd, 431027.750, 104
Trd, 431028.550, 104
Trd, 431029.133, 100
Trd, 431029.633, 95
Trd, 431031.333, 92
Trd, 431031.517, 104
Trd, 431032.283, 92
Trd, 431032.683, 98
Trd, 431034.500, 93
Trd, 431034.900, 93
Trd, 431036.767, 91
Trd, 431037.600, 90
Trd, 431038.483, 93
Trd, 431038.967, 104
Trd, 431040.450, 97
Trd, 431040.550, 97
Trd, 431040.733, 101
Trd, 431041.150, 103
Trd, 431042.500, 93
Trd, 431043.350, 106
Trd, 431045.200, 98
Trd, 431046.067, 98
Trd, 431046.650, 97
Trd, 431047.150, 96
Trd, 431047.417, 99
Trd, 431047.717, 102
Trd, 431050.100, 104
Trd, 431051.467, 94
Trd, 431052.767, 93
Trd, 431053.633, 95
Trd, 431053.667, 101
Trd, 431054.833, 99
Trd, 431055.333, 99
Trd, 431055.550, 106
Trd, 431056.433, 108
Trd, 431056.717, 101
Trd, 431057.833, 99
Trd, 431058.667, 104
Trd, 431060.200, 96
Trd, 431060.517, 96
Trd, 431060.533, 100
Trd, 431061.567, 95
Trd, 431062.500, 98
Trd, 431063.383, 97
Trd, 431063.717, 96
Trd, 431063.883, 95
Trd, 431064.467, 104
Trd, 431065.733, 101
Trd, 431066.517, 106
Trd, 431066.900, 95
Trd, 431068.317, 97
Trd, 431068.467, 98
Trd, 431070.867, 97
Trd, 431073.117, 98
Trd, 431073.150, 95
Trd, 431074.217, 90
Trd, 431074.350, 88
Trd, 431075.800, 90
Trd, 431076.000, 96
Trd, 431077.500, 99
Trd, 431078.083, 99
Trd, 431078.250, 100
Trd, 431078.450, 106
Trd, 431079.683, 99
Trd, 431080.117, 106
Trd, 431080.817, 98
Trd, 431081.667, 96
Trd, 431082.467, 105
Trd, 431082.867, 106
Trd, 431083.633, 96
Trd, 431085.233, 107
Trd, 431085.850, 95
Trd, 431086.467, 91
Trd, 431087.217, 90
Trd, 431087.567, 89
Trd, 431088.283, 99
Trd, 431089.300, 90
Trd, 431089.417, 87
Trd, 431090.367, 95
Trd, 431091.650, 96
Trd, 431092.150, 95
Trd, 431092.183, 102
Trd, 431093.667, 104
Trd, 431094.350, 100
Trd, 431094.567, 101
Trd, 431094.700, 100
Trd, 431095.283, 109
Trd, 431096.750, 99
Trd, 431097.783, 98
Trd, 431098.333, 99
Trd, 431098.467, 99
Trd, 431100.550, 98
Trd, 431101.883, 101
Trd, 431103.000, 98
Trd, 431103.017, 96
Trd, 431103.517, 100
Trd, 431104.433, 98
Trd, 431104.500, 103
Trd, 431105.633, 96
Trd, 431107.017, 94
Trd, 431107.550, 103
Trd, 431109.883, 102
Trd, 431110.683, 102
Trd, 431110.850, 98
Trd, 431111.033, 99
Trd, 431111.483, 98
Trd, 431112.300, 97
Trd, 431113.517, 96
Trd, 431113.933, 95
Trd, 431115.767, 106
Trd, 431116.500, 104
Trd, 431116.767, 108
Trd, 431118.017, 98
Trd, 431119.883, 102
Trd, 431121.367, 108
Trd, 431121.417, 98
Trd, 431121.483, 95
Trd, 431122.317, 108
Trd, 431123.450, 102
Trd, 431123.667, 94
Trd, 431123.767, 102
Trd, 431125.750, 92
Trd, 431126.400, 91
Trd, 431126.633, 94
Trd, 431127.333, 91
Trd, 431127.367, 98
Trd, 431129.633, 92
Trd, 431131.383, 94
Trd, 431131.417, 95
Trd, 431131.850, 92
Trd, 431132.567, 104
Trd, 431133.017, 81
Trd, 431134.100, 84
Trd, 431134.367, 103
Trd, 431135.033, 104
Trd, 431135.200, 86
Trd, 431135.333, 84
Trd, 431135.467, 84
Trd, 431136.100, 105
Trd, 431136.533, 90
Trd, 431136.917, 91
Trd, 431138.417, 90
Trd, 431139.433, 90
Trd, 431140.433, 98
Trd, 431141.617, 97
Trd, 431141.817, 92
Trd, 431143.983, 101
Trd, 431145.667, 100
Trd, 431146.450, 98
Trd, 431147.117, 99
Trd, 431148.300, 106
Trd, 431149.100, 97
Trd, 431149.350, 99
Trd, 431149.683, 102
Trd, 431150.233, 108
Trd, 431150.433, 97
Trd, 431151.550, 96
Trd, 431152.167, 95
Trd, 431152.667, 109
Trd, 431152.867, 98
Trd, 431153.783, 100
Trd, 431154.517, 106
Trd, 431154.667, 92
Trd, 431155.900, 95
Trd, 431156.317, 94
Trd, 431156.467, 94
Trd, 431158.167, 99
Trd, 431159.200, 87
Trd, 431159.933, 98
Trd, 431160.167, 109
Trd, 431160.817, 92
Trd, 431160.883, 99
Trd, 431162.000, 89
Trd, 431162.383, 104
Trd, 431163.233, 91
Trd, 431164.017, 97
Trd, 431164.850, 107
Trd, 431166.717, 101
Trd, 431166.750, 100
Trd, 431167.750, 99
Trd, 431170.650, 107
Trd, 431170.683, 108
Trd, 431171.367, 108
Trd, 431171.517, 107
Trd, 431172.117, 102
Trd, 431172.767, 95
Trd, 431174.867, 91
Trd, 431176.250, 98
Trd, 431177.917, 104
Trd, 431178.100, 103
Trd, 431178.550, 90
Trd, 431179.317, 100
Trd, 431179.433, 104
Trd, 431179.750, 104
Trd, 431179.900, 90
Trd, 431181.450, 91
Trd, 431181.517, 91
Trd, 431182.383, 98
Trd, 431182.433, 106
Trd, 431183.400, 108
Trd, 431184.000, 101
Trd, 431184.533, 109
Trd, 431185.233, 95
Trd, 431185.817, 96
Trd, 431186.017, 95
Trd, 431187.050, 93
Trd, 431187.733, 92
Trd, 431188.367, 97
Trd, 431188.467, 96
Trd, 431188.600, 97
Trd, 431189.633, 93
Trd, 431189.967, 96
Trd, 431191.783, 92
Trd, 431192.783, 91
Trd, 431193.267, 90
Trd, 431194.117, 93
Trd, 431194.533, 87
Trd, 431195.417, 104
Trd, 431199.767, 98
Trd, 431200.717, 99
Trd, 431201.717, 99
Trd, 431201.750, 101
Trd, 431202.450, 102
Trd, 431203.167, 104
Trd, 431203.217, 98
Trd, 431203.317, 95
Trd, 431204.717, 103
Trd, 431204.750, 90
Trd, 431207.900, 99
Trd, 431207.933, 98
Trd, 431208.017, 103
Trd, 431209.233, 99
Trd, 431209.600, 92
Trd, 431210.017, 88
Trd, 431210.500, 105
Trd, 431211.050, 105
Trd, 431211.467, 94
Trd, 431212.550, 98
Trd, 431214.733, 99
Trd, 431214.883, 99
Trd, 431216.350, 100
Trd, 431216.650, 100
Trd, 431216.917, 99
Trd, 431217.333, 98
Trd, 431218.367, 104
Trd, 431218.933, 105
Trd, 431219.917, 94
Trd, 431222.383, 95
Trd, 431222.983, 100
Trd, 431223.967, 106
Trd, 431224.433, 90
Trd, 431226.167, 85
Trd, 431227.150, 87
Trd, 431228.667, 90
Trd, 431229.533, 90
Trd, 431229.867, 94
Trd, 431230.833, 96
Trd, 431230.950, 91
Trd, 431231.750, 93
Trd, 431232.483, 106
Trd, 431232.967, 79
Trd, 431233.967, 90
Trd, 431234.200, 91
Trd, 431236.283, 94
Trd, 431236.300, 100
Trd, 431237.300, 91
Trd, 431237.367, 97
Trd, 431239.117, 106
Trd, 431239.150, 105
Trd, 431239.233, 108
Trd, 431239.583, 109
Trd, 431240.950, 107
Trd, 431241.100, 106
Trd, 431242.967, 97
Trd, 431243.917, 98
Trd, 431244.617, 96
Trd, 431244.783, 104
Trd, 431244.917, 95
Trd, 431245.050, 90
Trd, 431245.550, 105
Trd, 431246.567, 99
Trd, 431246.933, 98
Trd, 431247.717, 105
Trd, 431248.333, 102
Trd, 431251.083, 99
Trd, 431251.117, 95
Trd, 431252.300, 86
Trd, 431253.033, 106
Trd, 431253.217, 87
Trd, 431253.433, 85
Trd, 431253.833, 93
Trd, 431253.967, 87
Trd, 431254.183, 109
Trd, 431255.050, 79
Trd, 431255.800, 90
Trd, 431257.067, 98
Trd, 431257.167, 91
Trd, 431258.517, 94
Trd, 431259.267, 90
Trd, 431261.283, 100
Trd, 431262.800, 106
Trd, 431263.550, 105
Trd, 431263.817, 106
Trd, 431264.233, 105
Trd, 431265.033, 95
Trd, 431266.600, 94
Trd, 431266.917, 90
Trd, 431267.883, 89
Trd, 431268.200, 94
Trd, 431268.350, 83
Trd, 431269.117, 92
Trd, 431270.517, 103
Trd, 431271.133, 103
Trd, 431271.383, 109
Trd, 431271.467, 98
Trd, 431272.183, 107
Trd, 431273.233, 100
Trd, 431273.433, 101
Trd, 431274.517, 101
Trd, 431275.667, 99
Trd, 431276.233, 99
Trd, 431277.217, 117
Trd, 431277.583, 98
Trd, 431279.100, 97
Trd, 431280.600, 99
Trd, 431281.900, 98
Trd, 431282.583, 95
Trd, 431284.033, 100
Trd, 431284.317, 90
Trd, 431285.017, 98
Trd, 431285.267, 102
Trd, 431285.750, 102
Trd, 431286.250, 91
Trd, 431287.000, 97
Trd, 431287.383, 90
Trd, 431287.750, 98
Trd, 431288.367, 90
Trd, 431289.183, 106
Trd, 431290.150, 98
Trd, 431290.600, 100
Trd, 431292.267, 86
Trd, 431293.050, 101
Trd, 431293.067, 105
Trd, 431294.700, 92
Trd, 431295.200, 109
Trd, 431296.000, 96
Trd, 431296.633, 96
Trd, 431297.550, 97
Trd, 431298.233, 102
Trd, 431298.583, 106
Trd, 431298.617, 97
Trd, 431299.717, 109
Trd, 431299.767, 107
Trd, 431301.533, 99
Trd, 431301.733, 96
Trd, 431302.150, 95
Trd, 431304.067, 98
Trd, 431305.050, 86
Trd, 431305.083, 86
Trd, 431305.917, 86
Trd, 431306.567, 89
Trd, 431307.317, 86
Trd, 431307.700, 91
Trd, 431307.883, 98
Trd, 431308.333, 106
Trd, 431308.700, 93
Trd, 431309.350, 90
Trd, 431312.267, 106
Trd, 431313.083, 95
Trd, 431314.200, 109
Trd, 431314.817, 101
Trd, 431316.283, 101
Trd, 431316.433, 100
Trd, 431316.483, 98
Trd, 431317.817, 95
Trd, 431319.717, 99
Trd, 431320.250, 100
Trd, 431320.533, 99
Trd, 431321.050, 91
Trd, 431323.150, 99
Trd, 431323.550, 96
Trd, 431324.417, 97
Trd, 431324.700, 105
Trd, 431326.100, 100
Trd, 431326.350, 106
Trd, 431327.050, 98
Trd, 431327.500, 90
Trd, 431327.567, 88
Trd, 431327.733, 91
Trd, 431328.750, 89
Trd, 431329.000, 87
Trd, 431330.567, 101
Trd, 431331.617, 101
Trd, 431332.350, 101
Trd, 431333.367, 99
Trd, 431334.383, 100
Trd, 431334.617, 98
Trd, 431335.683, 95
Trd, 431335.900, 91
Trd, 431336.267, 90
Trd, 431336.850, 100
Trd, 431337.650, 99
Trd, 431338.500, 104
Trd, 431339.017, 98
Trd, 431339.783, 85
Trd, 431340.000, 106
Trd, 431340.533, 108
Trd, 431343.350, 92
Trd, 431344.283, 94
Trd, 431344.483, 94
Trd, 431347.033, 92
Trd, 431347.067, 96
Trd, 431347.550, 90
Trd, 431348.067, 98
Trd, 431348.667, 90
Trd, 431348.850, 84
Trd, 431350.583, 104
Trd, 431351.750, 94
Trd, 431352.433, 95
Trd, 431352.450, 106
Trd, 431353.400, 97
Trd, 431355.283, 106
Trd, 431355.450, 106
Trd, 431355.500, 105
Trd, 431355.900, 107
Trd, 431356.017, 103
Trd, 431356.733, 98
Trd, 431356.850, 98
Trd, 431356.867, 107
Trd, 431359.017, 87
Trd, 431360.300, 95
Trd, 431360.417, 95
Trd, 431361.667, 100
Trd, 431362.917, 92
Trd, 431363.783, 100
Trd, 431365.117, 100
Trd, 431365.450, 95
Trd, 431365.700, 90
Trd, 431366.800, 102
Trd, 431367.633, 105
Trd, 431367.700, 98
Trd, 431367.733, 93
Trd, 431368.417, 106
Trd, 431369.433, 90
Trd, 431369.467, 91
Trd, 431371.800, 96
Trd, 431372.267, 92
Trd, 431372.883, 92
Trd, 431373.233, 92
Trd, 431373.333, 103
Trd, 431374.683, 87
Trd, 431374.817, 88
Trd, 431375.167, 87
Trd, 431376.267, 88
Trd, 431376.833, 95
Trd, 431377.217, 86
Trd, 431377.383, 81
Trd, 431377.683, 89
Trd, 431377.883, 100
Trd, 431377.900, 90
Trd, 431381.283, 98
Trd, 431383.517, 101
Trd, 431383.983, 98
Trd, 431384.417, 104
Trd, 431384.733, 98
Trd, 431384.767, 105
Trd, 431384.800, 95
Trd, 431385.767, 104
Trd, 431386.217, 91
Trd, 431386.583, 109
Trd, 431387.267, 91
Trd, 431388.483, 98
Trd, 431388.933, 90
Trd, 431389.600, 99
Trd, 431389.950, 92
Trd, 431390.250, 86
Trd, 431392.250, 103
Trd, 431392.883, 86
Trd, 431395.033, 92
Trd, 431395.650, 91
Trd, 431395.783, 92
Trd, 431396.417, 98
Trd, 431397.633, 105
Trd, 431399.683, 99
Trd, 431401.217, 98
Trd, 431401.250, 98
Trd, 431402.150, 95
Trd, 431402.633, 106
Trd, 431402.850, 91
Trd, 431403.200, 106
Trd, 431403.617, 92
Trd, 431404.117, 109
Trd, 431404.867, 90
Trd, 431405.917, 95
Trd, 431406.050, 97
Trd, 431406.617, 89
Trd, 431407.850, 95
Trd, 431407.967, 94
Trd, 431408.617, 100
Trd, 431408.817, 90
Trd, 431408.850, 79
Trd, 431410.633, 101
Trd, 431412.100, 88
Trd, 431413.850, 90
Trd, 431414.267, 88
Trd, 431414.467, 93
Trd, 431415.350, 107
Trd, 431416.100, 102
Trd, 431417.317, 95
Trd, 431418.367, 98
Trd, 431418.583, 97
Trd, 431421.017, 97
Trd, 431422.017, 96
Trd, 431422.783, 95
Trd, 431422.883, 102
Trd, 431423.000, 94
Trd, 431423.717, 94
Trd, 431426.000, 91
Trd, 431426.700, 91
Trd, 431427.617, 97
Trd, 431427.700, 90
Trd, 431427.800, 105
Trd, 431428.383, 106
Trd, 431428.733, 94
Trd, 431431.700, 93
Trd, 431433.217, 98
Trd, 431434.467, 99
Trd, 431435.050, 101
Trd, 431435.167, 91
Trd, 431435.217, 103
Trd, 431435.567, 90
Trd, 431436.650, 102
Trd, 431436.933, 95
Trd, 431437.017, 102
Trd, 431437.367, 99
Trd, 431438.117, 101
Trd, 431439.200, 104
Trd, 431440.483, 95
Trd, 431440.800, 106
Trd, 431441.100, 92
Trd, 431442.633, 101
Trd, 431442.783, 92
Trd, 431445.600, 106
Trd, 431445.983, 104
Trd, 431447.033, 98
Trd, 431447.367, 98
Trd, 431447.600, 98
Trd, 431448.517, 95
Trd, 431449.067, 94
Trd, 431450.283, 88
Trd, 431453.383, 96
Trd, 431455.467, 95
Trd, 431455.917, 94
Trd, 431456.117, 99
Trd, 431456.717, 104
Trd, 431457.100, 106
Trd, 431458.550, 99
Trd, 431458.683, 96
Trd, 431459.700, 109
Trd, 431459.750, 94
Trd, 431460.183, 89
Trd, 431462.233, 91
Trd, 431463.483, 91
Trd, 431465.300, 99
Trd, 431466.200, 90
Trd, 431466.500, 86
Trd, 431468.817, 89
Trd, 431468.867, 88
Trd, 431469.683, 91
Trd, 431470.133, 93
Trd, 431470.617, 94
Trd, 431471.300, 93
Trd, 431471.833, 95
Trd, 431472.217, 100
Trd, 431472.300, 102
Trd, 431472.883, 95
Trd, 431474.000, 103
Trd, 431474.483, 93
Trd, 431478.133, 106
Trd, 431478.233, 92
Trd, 431478.267, 91
Trd, 431478.333, 90
Trd, 431478.633, 88
Trd, 431478.850, 91
Trd, 431479.283, 94
Trd, 431481.000, 106
Trd, 431482.533, 104
Trd, 431482.883, 98
Trd, 431482.950, 92
Trd, 431483.183, 109
Trd, 431484.850, 101
Trd, 431488.200, 95
Trd, 431488.450, 98
Trd, 431488.867, 92
Trd, 431489.117, 90
Trd, 431489.333, 92
Trd, 431489.483, 102
Trd, 431490.650, 101
Trd, 431491.233, 95
Trd, 431492.200, 97
Trd, 431493.100, 102
Trd, 431493.367, 95
Trd, 431493.883, 87
Trd, 431494.850, 88
Trd, 431496.700, 101
Trd, 431497.150, 106
Trd, 431497.233, 96
Trd, 431497.283, 95
Trd, 431497.500, 89
Trd, 431497.750, 106
Trd, 431498.533, 99
Trd, 431499.967, 89
Trd, 431500.100, 109
Trd, 431500.783, 117
Trd, 431500.850, 122
Trd, 431501.733, 85
Trd, 431501.933, 83
Trd, 431505.267, 97
Trd, 431506.083, 104
Trd, 431506.750, 97
Trd, 431506.983, 95
Trd, 431507.867, 96
Trd, 431508.400, 105
Trd, 431509.500, 103
Trd, 431509.567, 98
Trd, 431510.833, 90
Trd, 431512.000, 87
Trd, 431512.883, 89
Trd, 431514.250, 97
Trd, 431514.633, 91
Trd, 431516.617, 93
Trd, 431518.533, 94
Trd, 431518.783, 94
Trd, 431520.267, 98
Trd, 431520.667, 95
Trd, 431522.400, 100
Trd, 431522.467, 98
Trd, 431522.867, 108
Trd, 431523.183, 94
Trd, 431523.900, 95
Trd, 431524.700, 100
Trd, 431525.150, 106
Trd, 431525.217, 101
Trd, 431525.783, 100
Trd, 431526.550, 95
Trd, 431527.083, 92
Trd, 431528.117, 97
Trd, 431528.433, 84
Trd, 431529.617, 97
Trd, 431530.167, 91
Trd, 431530.667, 90
Trd, 431532.633, 90
Trd, 431533.517, 94
Trd, 431534.300, 101
Trd, 431534.400, 106
Trd, 431536.300, 86
Trd, 431536.417, 83
Trd, 431536.950, 100
Trd, 431538.117, 96
Trd, 431539.717, 98
Trd, 431540.017, 98
Trd, 431540.433, 97
Trd, 431542.167, 104
Trd, 431542.517, 106
Trd, 431542.833, 98
Trd, 431543.400, 95
Trd, 431544.717, 109
Trd, 431545.583, 103
Trd, 431546.350, 101
Trd, 431546.417, 96
Trd, 431548.600, 102
Trd, 431549.050, 95
Trd, 431549.367, 106
Trd, 431549.550, 90
Trd, 431550.200, 100
Trd, 431551.083, 111
Trd, 431551.417, 87
Trd, 431552.067, 89
Trd, 431552.800, 88
Trd, 431553.100, 89
Trd, 431553.200, 103
Trd, 431553.600, 91
Trd, 431556.500, 98
Trd, 431557.683, 96
Trd, 431558.133, 95
Trd, 431558.150, 98
Trd, 431558.367, 91
Trd, 431558.433, 104
Trd, 431558.833, 95
Trd, 431562.317, 106
Trd, 431563.067, 106
Trd, 431564.383, 105
Trd, 431565.717, 98
Trd, 431566.217, 98
Trd, 431566.300, 98
Trd, 431567.883, 95
Trd, 431567.983, 105
Trd, 431568.150, 92
Trd, 431570.200, 100
Trd, 431570.400, 104
Trd, 431571.533, 101
Trd, 431572.517, 99
Trd, 431573.117, 98
Trd, 431573.583, 98
Trd, 431574.183, 102
Trd, 431575.267, 104
Trd, 431576.000, 103
Trd, 431577.117, 95
Trd, 431577.650, 99
Trd, 431578.367, 103
Trd, 431578.517, 106
Trd, 431580.217, 102
Trd, 431582.250, 94
Trd, 431582.267, 93
Trd, 431583.750, 97
Trd, 431584.300, 95
Trd, 431585.383, 96
Trd, 431585.850, 106
Trd, 431587.150, 91
Trd, 431587.967, 91
Trd, 431588.733, 92
Trd, 431590.067, 90
Trd, 431590.833, 103
Trd, 431591.100, 91
Trd, 431591.333, 87
Trd, 431591.400, 103
Trd, 431591.967, 86
Trd, 431593.883, 98
Trd, 431594.933, 97
Trd, 431595.167, 106
Trd, 431596.233, 106
Trd, 431597.083, 98
Trd, 431597.550, 99
Trd, 431598.133, 95
Trd, 431599.450, 98
Trd, 431600.100, 98
Trd, 431602.133, 98
Trd, 431602.300, 99
Trd, 431603.267, 106
Trd, 431603.383, 98
Trd, 431604.667, 100
Trd, 431604.983, 98
Trd, 431606.200, 98
Trd, 431606.583, 106
Trd, 431607.417, 95
Trd, 431608.483, 97
Trd, 431609.583, 90
Trd, 431609.800, 89
Trd, 431610.800, 95
Trd, 431611.300, 87
Trd, 431611.650, 84
Trd, 431612.200, 81
Trd, 431613.333, 98
Trd, 431613.350, 109
Trd, 431614.517, 91
Trd, 431614.667, 97
Trd, 431617.017, 106
Trd, 431617.300, 91
Trd, 431617.517, 91
Trd, 431618.167, 105
Trd, 431618.917, 104
Trd, 431621.117, 101
Trd, 431621.683, 99
Trd, 431622.000, 98
Trd, 431622.033, 98
Trd, 431623.717, 99
Trd, 431624.450, 91
Trd, 431624.767, 92
Trd, 431624.783, 91
Trd, 431625.450, 92
Trd, 431626.233, 98
Trd, 431627.900, 103
Trd, 431628.817, 104
Trd, 431629.100, 109
Trd, 431629.367, 90
Trd, 431629.450, 89
Trd, 431632.600, 97
Trd, 431633.100, 99
Trd, 431633.800, 97
Trd, 431634.067, 104
Trd, 431634.733, 97
Trd, 431635.650, 104
Trd, 431635.683, 96
Trd, 431636.750, 103
Trd, 431637.450, 96
Trd, 431638.700, 102
Trd, 431639.650, 95
Trd, 431639.700, 90
Trd, 431640.267, 106
Trd, 431640.850, 81
Trd, 431641.333, 85
Trd, 431642.550, 97
Trd, 431643.583, 83
Trd, 431644.500, 99
Trd, 431645.233, 100
Trd, 431646.150, 99
Trd, 431646.400, 99
Trd, 431646.867, 100
Trd, 431647.633, 100
Trd, 431647.700, 104
Trd, 431648.133, 98
Trd, 431648.383, 109
Trd, 431649.033, 99
Trd, 431649.350, 122
Trd, 431650.400, 100
Trd, 431651.417, 96
Trd, 431653.717, 96
Trd, 431655.050, 93
Trd, 431655.883, 95
Trd, 431656.233, 94
Trd, 431656.250, 96
Trd, 431657.783, 91
Trd, 431659.183, 100
Trd, 431659.417, 106
Trd, 431661.350, 106
Trd, 431661.517, 102
Trd, 431661.700, 101
Trd, 431661.767, 99
Trd, 431664.133, 98
Trd, 431664.283, 99
Trd, 431665.550, 95
Trd, 431666.767, 99
Trd, 431666.817, 95
Trd, 431666.900, 90
Trd, 431667.200, 105
Trd, 431667.317, 91
Trd, 431669.450, 104
Trd, 431669.833, 95
Trd, 431673.150, 98
Trd, 431673.417, 104
Trd, 431674.350, 98
Trd, 431674.633, 104
Trd, 431674.933, 97
Trd, 431676.683, 96
Trd, 431676.783, 96
Trd, 431677.517, 106
Trd, 431678.117, 90
Trd, 431678.350, 109
Trd, 431678.983, 87
Trd, 431679.517, 107
Trd, 431680.550, 87
Trd, 431680.883, 82
Trd, 431681.283, 77
Trd, 431682.133, 95
Trd, 431682.200, 100
Trd, 431684.933, 88
Trd, 431685.200, 91
Trd, 431685.367, 87
Trd, 431686.133, 94
Trd, 431686.967, 104
Trd, 431687.933, 101
Trd, 431687.983, 94
Trd, 431688.233, 102
Trd, 431688.867, 94
Trd, 431689.017, 101
Trd, 431690.617, 95
Trd, 431691.933, 90
Trd, 431692.817, 87
Trd, 431693.217, 94
Trd, 431693.450, 106
Trd, 431694.133, 86
Trd, 431694.717, 89
Trd, 431694.950, 98
Trd, 431695.200, 109
Trd, 431695.933, 97
Trd, 431696.867, 95
Trd, 431697.000, 95
Trd, 431699.933, 99
Trd, 431700.683, 104
Trd, 431700.983, 101
Trd, 431702.550, 98
Trd, 431703.017, 98
Trd, 431703.367, 98
Trd, 431704.967, 90
Trd, 431706.233, 93
Trd, 431707.567, 94
Trd, 431708.450, 94
Trd, 431708.667, 104
Trd, 431709.650, 99
Trd, 431710.617, 101
Trd, 431711.250, 96
Trd, 431711.400, 99
Trd, 431711.533, 95
Trd, 431712.533, 95
Trd, 431712.567, 106
Trd, 431712.617, 86
Trd, 431714.067, 98
Trd, 431714.433, 97
Trd, 431715.250, 101
Trd, 431715.517, 87
Trd, 431716.983, 95
Trd, 431717.867, 108
Trd, 431718.483, 103
Trd, 431719.100, 109
Trd, 431719.150, 100
Trd, 431719.767, 98
Trd, 431720.200, 111
Trd, 431723.950, 106
Trd, 431724.083, 104
Trd, 431724.367, 98
Trd, 431725.117, 101
Trd, 431726.867, 97
Trd, 431727.133, 95
Trd, 431728.083, 95
Trd, 431728.300, 90
Trd, 431729.900, 102
Trd, 431730.183, 92
Trd, 431730.617, 90
Trd, 431732.050, 97
Trd, 431733.283, 94
Trd, 431734.167, 91
Trd, 431735.883, 91
Trd, 431736.417, 92
Trd, 431736.650, 95
Trd, 431738.467, 93
Trd, 431738.667, 94
Trd, 431739.000, 93
Trd, 431740.483, 93
Trd, 431740.750, 101
Trd, 431743.117, 104
Trd, 431744.017, 106
Trd, 431745.150, 99
Trd, 431745.533, 103
Trd, 431746.083, 94
Trd, 431747.050, 95
Trd, 431748.083, 99
Trd, 431748.300, 98
Trd, 431748.367, 108
Trd, 431748.683, 97
Trd, 431751.000, 104
Trd, 431751.067, 92
Trd, 431751.233, 90
Trd, 431752.217, 90
Trd, 431753.167, 86
Trd, 431753.700, 106
Trd, 431754.250, 88
Trd, 431754.383, 86
Trd, 431755.117, 97
Trd, 431755.233, 90
Trd, 431756.317, 90
Trd, 431756.600, 87
Trd, 431757.167, 96
Trd, 431757.467, 88
Trd, 431757.933, 97
Trd, 431761.167, 96
Trd, 431761.333, 97
Trd, 431761.667, 98
Trd, 431762.050, 96
Trd, 431762.817, 98
Trd, 431766.233, 94
Trd, 431766.767, 94
Trd, 431768.233, 96
Trd, 431768.883, 95
Trd, 431769.167, 96
Trd, 431769.650, 98
Trd, 431769.700, 94
Trd, 431769.733, 90
Trd, 431771.850, 92
Trd, 431773.117, 95
Trd, 431773.300, 101
Trd, 431773.767, 92
Trd, 431773.933, 85
Trd, 431775.033, 84
Trd, 431775.117, 100
Trd, 431777.967, 102
Trd, 431780.600, 101
Trd, 431781.017, 99
Trd, 431781.617, 98
Trd, 431781.800, 91
Trd, 431782.217, 102
Trd, 431784.167, 94
Trd, 431785.117, 91
Trd, 431785.450, 98
Trd, 431786.533, 105
Trd, 431786.700, 106
Trd, 431786.883, 104
Trd, 431787.483, 99
Trd, 431789.717, 96
Trd, 431790.467, 95
Trd, 431790.567, 91
Trd, 431790.683, 90
Trd, 431791.217, 87
Trd, 431792.200, 90
Trd, 431792.367, 90
Trd, 431794.550, 87
Trd, 431795.100, 86
Trd, 431795.367, 85
Trd, 431795.717, 102
Trd, 431798.217, 102
Trd, 431798.633, 105
Trd, 431798.800, 91
Trd, 431799.683, 90
Trd, 431800.233, 105
Trd, 431801.300, 88
Trd, 431801.800, 106
Trd, 431803.250, 90
Trd, 431803.400, 88
Trd, 431804.100, 107
Trd, 431804.900, 98
Trd, 431805.000, 95
Trd, 431805.033, 90
Trd, 431805.600, 109
Trd, 431805.667, 87
Trd, 431805.717, 86
Trd, 431806.367, 81
Trd, 431806.817, 99
Trd, 431809.350, 95
Trd, 431811.350, 87
Trd, 431811.800, 88
Trd, 431814.117, 92
Trd, 431814.817, 94
Trd, 431815.017, 94
Trd, 431815.500, 95
Trd, 431815.633, 95
Trd, 431815.733, 96
Trd, 431816.333, 102
Trd, 431817.083, 102
Trd, 431817.383, 97
Trd, 431818.067, 97
Trd, 431818.083, 105
Trd, 431818.133, 96
Trd, 431823.133, 98
Trd, 431824.017, 101
Trd, 431824.183, 99
Trd, 431824.267, 99
Trd, 431824.383, 95
Trd, 431824.433, 90
Trd, 431825.717, 93
Trd, 431826.650, 96
Trd, 431827.533, 86
Trd, 431827.567, 106
Trd, 431827.900, 99
Trd, 431828.467, 90
Trd, 431829.333, 90
Trd, 431829.833, 108
Trd, 431830.133, 105
Trd, 431830.917, 87
Trd, 431831.150, 109
Trd, 431831.667, 93
Trd, 431832.900, 94
Trd, 431833.350, 102
Trd, 431833.617, 106
Trd, 431834.717, 102
Trd, 431836.167, 98
Trd, 431837.217, 95
Trd, 431837.417, 105
Trd, 431837.917, 90
Trd, 431839.717, 96
Trd, 431840.667, 98
Trd, 431841.283, 106
Trd, 431842.033, 104
Trd, 431843.550, 106
Trd, 431843.733, 103
Trd, 431844.583, 93
Trd, 431845.400, 90
Trd, 431845.667, 100
Trd, 431845.767, 87
Trd, 431848.000, 81
Trd, 431848.850, 95
Trd, 431850.150, 94
Trd, 431850.383, 88
Trd, 431850.533, 87
Trd, 431850.617, 87
Trd, 431851.533, 90
Trd, 431851.750, 87
Trd, 431853.883, 104
Trd, 431854.683, 102
Trd, 431855.117, 106
Trd, 431855.883, 95
Trd, 431856.300, 97
Trd, 431856.767, 101
Trd, 431857.483, 99
Trd, 431857.683, 94
Trd, 431859.067, 94
Trd, 431860.383, 104
Trd, 431861.567, 106
Trd, 431861.800, 97
Trd, 431862.500, 105
Trd, 431862.533, 106
Trd, 431863.217, 105
Trd, 431863.850, 97
Trd, 431865.233, 100
Trd, 431868.450, 98
Trd, 431868.483, 97
Trd, 431868.717, 95
Trd, 431870.900, 93
Trd, 431871.100, 90
Trd, 431872.367, 87
Trd, 431873.283, 100
Trd, 431873.333, 82
Trd, 431874.000, 96
Trd, 431874.550, 95
Trd, 431874.717, 92
Trd, 431875.600, 99
Trd, 431875.750, 91
Trd, 431877.383, 92
Trd, 431877.717, 105
Trd, 431877.733, 91
Trd, 431878.067, 106
Trd, 431878.183, 109
Trd, 431880.733, 98
Trd, 431881.517, 98
Trd, 431881.800, 96
Trd, 431882.583, 96
Trd, 431882.883, 95
Trd, 431882.983, 93
Trd, 431883.783, 102
Trd, 431884.333, 97
Trd, 431884.700, 97
Trd, 431884.850, 90
Trd, 431885.500, 92
Trd, 431885.517, 81
Trd, 431885.850, 104
Trd, 431886.817, 106
Trd, 431887.900, 104
Trd, 431889.400, 105
Trd, 431889.900, 87
Trd, 431893.300, 90
Trd, 431894.333, 92
Trd, 431894.667, 94
Trd, 431895.050, 94
Trd, 431895.917, 106
Trd, 431896.167, 91
Trd, 431897.933, 92
Trd, 431899.950, 97
Trd, 431900.200, 96
Trd, 431900.550, 98
Trd, 431902.300, 106
Trd, 431902.767, 100
Trd, 431903.067, 99
Trd, 431903.467, 99
Trd, 431904.033, 104
Trd, 431904.200, 96
Trd, 431906.350, 95
Trd, 431907.083, 95
Trd, 431907.250, 90
Trd, 431909.183, 87
Trd, 431909.717, 99
Trd, 431910.200, 80
Trd, 431912.667, 90
Trd, 431912.683, 89
Trd, 431913.267, 95
Trd, 431914.850, 97
Trd, 431914.950, 95
Trd, 431917.183, 95
Trd, 431918.200, 94
Trd, 431918.633, 100
Trd, 431919.517, 95
Trd, 431919.633, 92
Trd, 431919.883, 92
Trd, 431920.617, 92
Trd, 431921.883, 100
Trd, 431922.367, 101
Trd, 431922.950, 99
Trd, 431923.133, 99
Trd, 431923.683, 94
Trd, 431924.750, 91
Trd, 431926.400, 94
Trd, 431927.200, 94
Trd, 431927.600, 90
Trd, 431927.817, 98
Trd, 431928.583, 87
Trd, 431931.167, 94
Trd, 431931.183, 104
Trd, 431932.017, 92
Trd, 431932.250, 92
Trd, 431933.467, 93
Trd, 431933.917, 95
Trd, 431934.517, 96
Trd, 431936.100, 98
Trd, 431936.383, 101
Trd, 431939.750, 105
Trd, 431939.950, 104
Trd, 431940.717, 101
Trd, 431941.017, 101
Trd, 431942.150, 98
Trd, 431943.083, 95
Trd, 431943.533, 92
Trd, 431945.250, 94
Trd, 431945.367, 91
Trd, 431946.967, 90
Trd, 431947.867, 83
Trd, 431947.883, 97
Trd, 431948.383, 98
Trd, 431948.417, 83
Trd, 431948.850, 82
Trd, 431950.367, 92
Trd, 431950.750, 102
Trd, 431952.133, 90
Trd, 431952.717, 93
Trd, 431952.867, 92
Trd, 431953.683, 95
Trd, 431953.733, 95
Trd, 431953.967, 106
Trd, 431954.867, 96
Trd, 431955.017, 95
Trd, 431955.733, 103
Trd, 431959.683, 98
Trd, 431960.600, 98
Trd, 431960.950, 103
Trd, 431961.133, 106
Trd, 431961.267, 95
Trd, 431961.450, 86
Trd, 431961.600, 100
Trd, 431965.917, 105
Trd, 431966.683, 108
Trd, 431966.717, 98
Trd, 431967.033, 95
Trd, 431968.017, 98
Trd, 431968.483, 95
Trd, 431968.533, 99
Trd, 431968.850, 96
Trd, 431970.500, 102
Trd, 431970.567, 103
Trd, 431970.700, 93
Trd, 431970.767, 104
Trd, 431972.650, 95
Trd, 431973.233, 106
Trd, 431973.750, 91
Trd, 431973.917, 90
Trd, 431973.967, 93
Trd, 431975.217, 100
Trd, 431976.533, 105
Trd, 431977.567, 95
Trd, 431978.017, 93
Trd, 431978.650, 99
Trd, 431978.700, 93
Trd, 431978.733, 109
Trd, 431979.667, 87
Trd, 431979.967, 86
Trd, 431982.300, 95
Trd, 431982.767, 106
Trd, 431982.783, 95
Trd, 431984.033, 90
Trd, 431984.683, 91
Trd, 431986.383, 92
Trd, 431986.483, 90
Trd, 431986.667, 95
Trd, 431987.667, 102
Trd, 431989.083, 106
Trd, 431989.167, 103
Trd, 431990.000, 103
Trd, 431990.183, 102
Trd, 431990.883, 98
Trd, 431990.967, 95
Trd, 431991.550, 90
Trd, 431992.633, 98
Trd, 431993.033, 103
Trd, 431994.917, 102
Trd, 431995.583, 103
Trd, 431996.200, 100
Trd, 431996.933, 98
Trd, 431997.483, 104
Trd, 431998.350, 106
Trd, 431999.633, 102
Trd, 431999.933, 105
Trd, 431999.983, 97
