Trd, 430632.917, 104
Trd, 430633.033, 104
Trd, 430634.483, 100
Trd, 430634.567, 100
Trd, 430635.200, 98
Trd, 430636.667, 95
Trd, 430637.017, 90
Trd, 430637.467, 114
Trd, 430638.017, 104
Trd, 430638.483, 117
Trd, 430638.883, 112
Trd, 430640.117, 118
Trd, 430640.917, 99
Trd, 430641.583, 101
Trd, 430642.517, 102
Trd, 430643.117, 104
Trd, 430645.750, 109
Trd, 430646.067, 107
Trd, 430646.150, 112
Trd, 430646.183, 113
Trd, 430646.667, 101
Trd, 430647.500, 113
Trd, 430648.767, 104
Trd, 430649.583, 93
Trd, 430651.017, 111
Trd, 430651.050, 114
Trd, 430651.533, 117
Trd, 430652.700, 103
Trd, 430653.050, 103
Trd, 430653.083, 101
Trd, 430654.850, 116
Trd, 430655.400, 104
Trd, 430655.450, 118
Trd, 430655.883, 103
Trd, 430656.533, 98
Trd, 430659.017, 97
Trd, 430660.300, 100
Trd, 430660.483, 98
Trd, 430660.533, 104
Trd, 430661.367, 108
Trd, 430663.717, 118
Trd, 430663.900, 112
Trd, 430664.067, 113
Trd, 430664.150, 121
Trd, 430664.583, 112
Trd, 430665.833, 98
Trd, 430666.083, 109
Trd, 430666.283, 117
Trd, 430666.733, 100
Trd, 430667.300, 109
Trd, 430668.483, 95
Trd, 430669.067, 107
Trd, 430669.517, 94
Trd, 430670.250, 113
Trd, 430670.500, 110
Trd, 430672.600, 104
Trd, 430675.333, 99
Trd, 430675.933, 98
Trd, 430676.133, 97
Trd, 430676.217, 104
Trd, 430678.700, 128
Trd, 430679.067, 108
Trd, 430680.933, 109
Trd, 430681.600, 103
Trd, 430681.633, 114
Trd, 430682.317, 106
Trd, 430683.067, 115
Trd, 430683.317, 109
Trd, 430683.367, 108
Trd, 430683.500, 122
Trd, 430684.300, 111
Trd, 430684.517, 102
Trd, 430685.700, 106
Trd, 430687.050, 98
Trd, 430688.500, 95
Trd, 430690.500, 98
Trd, 430690.900, 103
Trd, 430693.050, 102
Trd, 430693.150, 102
Trd, 430693.200, 105
Trd, 430693.650, 95
Trd, 430694.800, 112
Trd, 430695.117, 99
Trd, 430695.133, 117
Trd, 430695.500, 120
Trd, 430695.783, 104
Trd, 430695.917, 98
Trd, 430696.350, 98
Trd, 430696.400, 95
Trd, 430697.800, 95
Trd, 430698.050, 96
Trd, 430698.750, 112
Trd, 430699.000, 106
Trd, 430701.183, 105
Trd, 430701.333, 104
Trd, 430701.783, 109
Trd, 430703.200, 107
Trd, 430705.500, 95
Trd, 430705.967, 104
Trd, 430706.083, 90
Trd, 430707.383, 116
Trd, 430708.017, 110
Trd, 430708.583, 109
Trd, 430708.767, 91
Trd, 430710.150, 109
Trd, 430710.183, 110
Trd, 430710.767, 97
Trd, 430711.017, 95
Trd, 430711.050, 117
Trd, 430712.167, 134
Trd, 430713.350, 120
Trd, 430715.217, 115
Trd, 430716.950, 125
Trd, 430717.200, 112
Trd, 430718.550, 121
Trd, 430719.133, 100
Trd, 430720.533, 110
Trd, 430720.567, 109
Trd, 430721.400, 113
Trd, 430722.000, 104
Trd, 430722.150, 104
Trd, 430723.283, 98
Trd, 430723.333, 95
Trd, 430724.200, 112
Trd, 430725.133, 100
Trd, 430726.217, 121
Trd, 430726.383, 103
Trd, 430726.733, 107
Trd, 430727.767, 105
Trd, 430728.817, 109
Trd, 430728.933, 104
Trd, 430729.400, 120
Trd, 430729.433, 92
Trd, 430730.267, 92
Trd, 430731.767, 94
Trd, 430732.383, 104
Trd, 430732.450, 109
Trd, 430732.650, 114
Trd, 430733.717, 99
Trd, 430734.183, 98
Trd, 430734.533, 98
Trd, 430735.900, 100
Trd, 430737.017, 103
Trd, 430738.267, 95
Trd, 430738.383, 119
Trd, 430739.150, 105
Trd, 430739.400, 107
Trd, 430739.433, 102
Trd, 430741.683, 104
Trd, 430741.850, 102
Trd, 430742.900, 107
Trd, 430743.883, 98
Trd, 430744.100, 99
Trd, 430745.267, 102
Trd, 430747.333, 97
Trd, 430747.350, 107
Trd, 430747.733, 123
Trd, 430748.267, 99
Trd, 430749.183, 102
Trd, 430749.317, 99
Trd, 430749.467, 98
Trd, 430750.650, 119
Trd, 430751.533, 112
Trd, 430751.700, 98
Trd, 430753.050, 101
Trd, 430754.750, 98
Trd, 430755.617, 103
Trd, 430755.667, 105
Trd, 430757.383, 95
Trd, 430757.450, 92
Trd, 430757.633, 117
Trd, 430760.067, 101
Trd, 430760.167, 116
Trd, 430760.350, 106
Trd, 430761.783, 114
Trd, 430762.567, 112
Trd, 430762.650, 111
Trd, 430763.750, 113
Trd, 430763.917, 110
Trd, 430764.383, 109
Trd, 430765.133, 96
Trd, 430765.883, 106
Trd, 430766.450, 106
Trd, 430766.650, 95
Trd, 430766.950, 101
Trd, 430767.717, 98
Trd, 430769.833, 97
Trd, 430769.933, 90
Trd, 430770.250, 117
Trd, 430772.450, 110
Trd, 430775.017, 107
Trd, 430775.183, 100
Trd, 430776.117, 113
Trd, 430776.250, 116
Trd, 430776.767, 104
Trd, 430778.250, 117
Trd, 430779.533, 102
Trd, 430779.967, 119
Trd, 430781.367, 99
Trd, 430781.467, 98
Trd, 430783.367, 111
Trd, 430783.433, 110
Trd, 430785.083, 114
Trd, 430785.867, 104
Trd, 430786.300, 113
Trd, 430786.317, 108
Trd, 430787.050, 99
Trd, 430787.400, 95
Trd, 430788.100, 97
Trd, 430789.917, 105
Trd, 430790.617, 105
Trd, 430792.967, 107
Trd, 430793.300, 110
Trd, 430794.900, 102
Trd, 430795.250, 104
Trd, 430795.700, 105
Trd, 430796.083, 103
Trd, 430796.550, 111
Trd, 430797.000, 113
Trd, 430797.150, 115
Trd, 430797.917, 104
Trd, 430799.333, 105
Trd, 430799.350, 104
Trd, 430800.050, 105
Trd, 430800.733, 111
Trd, 430802.767, 96
Trd, 430803.167, 95
Trd, 430803.383, 113
Trd, 430803.600, 106
Trd, 430804.900, 100
Trd, 430806.633, 120
Trd, 430808.817, 118
Trd, 430809.567, 117
Trd, 430809.800, 116
Trd, 430810.167, 112
Trd, 430810.267, 121
Trd, 430810.417, 105
Trd, 430810.500, 105
Trd, 430810.667, 98
Trd, 430810.950, 121
Trd, 430811.883, 124
Trd, 430812.017, 103
Trd, 430812.900, 97
Trd, 430814.333, 101
Trd, 430814.533, 103
Trd, 430815.400, 98
Trd, 430816.050, 102
Trd, 430817.900, 95
Trd, 430818.233, 103
Trd, 430818.367, 104
Trd, 430820.233, 93
Trd, 430820.950, 92
Trd, 430821.267, 87
Trd, 430821.683, 79
Trd, 430822.567, 99
Trd, 430823.200, 117
Trd, 430825.183, 104
Trd, 430827.117, 102
Trd, 430827.167, 104
Trd, 430827.633, 106
Trd, 430828.717, 113
Trd, 430829.133, 111
Trd, 430829.167, 118
Trd, 430829.650, 118
Trd, 430830.383, 117
Trd, 430830.667, 104
Trd, 430831.133, 117
Trd, 430831.183, 98
Trd, 430832.100, 105
Trd, 430832.617, 118
Trd, 430833.433, 115
Trd, 430833.517, 120
Trd, 430833.733, 97
Trd, 430834.517, 98
Trd, 430835.667, 97
Trd, 430836.967, 125
Trd, 430838.300, 103
Trd, 430838.500, 100
Trd, 430839.033, 106
Trd, 430839.567, 106
Trd, 430840.167, 100
Trd, 430841.017, 99
Trd, 430841.883, 98
Trd, 430841.933, 95
Trd, 430842.050, 110
Trd, 430842.333, 103
Trd, 430845.917, 90
Trd, 430846.650, 96
Trd, 430849.217, 111
Trd, 430849.450, 117
Trd, 430850.083, 109
Trd, 430850.550, 108
Trd, 430850.650, 106
Trd, 430850.817, 106
Trd, 430850.917, 112
Trd, 430852.000, 104
Trd, 430852.467, 100
Trd, 430852.650, 101
Trd, 430853.983, 112
Trd, 430855.300, 98
Trd, 430855.650, 118
Trd, 430857.183, 104
Trd, 430859.033, 97
Trd, 430859.150, 96
Trd, 430860.250, 101
Trd, 430861.283, 97
Trd, 430861.450, 96
Trd, 430861.467, 95
Trd, 430861.633, 98
Trd, 430862.583, 101
Trd, 430862.967, 117
Trd, 430863.983, 112
Trd, 430865.067, 104
Trd, 430866.200, 103
Trd, 430867.000, 105
Trd, 430867.033, 98
Trd, 430867.100, 87
Trd, 430868.467, 89
Trd, 430870.050, 103
Trd, 430870.350, 97
Trd, 430871.567, 100
Trd, 430871.800, 98
Trd, 430872.467, 101
Trd, 430873.000, 95
Trd, 430873.550, 100
Trd, 430874.133, 104
Trd, 430874.167, 94
Trd, 430874.433, 114
Trd, 430874.517, 120
Trd, 430875.783, 113
Trd, 430876.683, 114
Trd, 430877.233, 111
Trd, 430878.233, 105
Trd, 430879.283, 118
Trd, 430882.100, 104
Trd, 430882.450, 109
Trd, 430883.233, 100
Trd, 430883.267, 98
Trd, 430884.083, 97
Trd, 430884.183, 98
Trd, 430884.483, 94
Trd, 430885.083, 91
Trd, 430886.533, 110
Trd, 430889.050, 121
Trd, 430890.233, 105
Trd, 430890.667, 117
Trd, 430892.867, 114
Trd, 430893.017, 108
Trd, 430893.167, 110
Trd, 430893.233, 107
Trd, 430893.267, 102
Trd, 430894.117, 98
Trd, 430894.267, 95
Trd, 430894.700, 108
Trd, 430895.517, 118
Trd, 430896.367, 95
Trd, 430897.350, 106
Trd, 430897.583, 108
Trd, 430898.000, 119
Trd, 430898.433, 123
Trd, 430898.500, 103
Trd, 430898.750, 94
Trd, 430899.300, 132
Trd, 430900.517, 96
Trd, 430900.567, 117
Trd, 430904.267, 105
Trd, 430904.450, 96
Trd, 430904.667, 90
Trd, 430904.733, 89
Trd, 430905.450, 95
Trd, 430905.550, 100
Trd, 430907.300, 105
Trd, 430907.517, 111
Trd, 430909.100, 120
Trd, 430909.783, 106
Trd, 430910.283, 113
Trd, 430911.917, 99
Trd, 430912.000, 99
Trd, 430912.550, 95
Trd, 430912.783, 94
Trd, 430912.950, 93
Trd, 430914.367, 91
Trd, 430914.983, 99
Trd, 430915.250, 92
Trd, 430916.867, 98
Trd, 430917.150, 108
Trd, 430917.950, 108
Trd, 430919.050, 99
Trd, 430919.433, 105
Trd, 430920.567, 114
Trd, 430921.183, 113
Trd, 430921.467, 108
Trd, 430922.233, 116
Trd, 430923.500, 98
Trd, 430924.667, 99
Trd, 430925.067, 103
Trd, 430925.100, 97
Trd, 430926.017, 94
Trd, 430926.983, 102
Trd, 430927.417, 94
Trd, 430928.400, 104
Trd, 430930.000, 93
Trd, 430930.333, 101
Trd, 430930.367, 102
Trd, 430930.667, 113
Trd, 430932.033, 114
Trd, 430932.250, 120
Trd, 430933.533, 106
Trd, 430934.050, 100
Trd, 430935.050, 98
Trd, 430935.183, 114
Trd, 430937.850, 95
Trd, 430938.267, 98
Trd, 430938.833, 100
Trd, 430939.533, 109
Trd, 430940.133, 108
Trd, 430941.567, 117
Trd, 430941.633, 114
Trd, 430942.033, 120
Trd, 430942.550, 112
Trd, 430943.067, 120
Trd, 430944.067, 114
Trd, 430944.250, 95
Trd, 430944.833, 99
Trd, 430945.133, 114
Trd, 430946.583, 94
Trd, 430947.083, 114
Trd, 430947.100, 91
Trd, 430947.750, 95
Trd, 430948.050, 104
Trd, 430950.467, 104
Trd, 430950.933, 105
Trd, 430951.200, 104
Trd, 430951.217, 92
Trd, 430952.817, 112
Trd, 430954.550, 102
Trd, 430954.883, 101
Trd, 430955.783, 102
Trd, 430956.717, 112
Trd, 430956.733, 113
Trd, 430957.200, 106
Trd, 430958.117, 118
Trd, 430958.600, 109
Trd, 430959.167, 119
Trd, 430959.867, 102
Trd, 430960.717, 95
Trd, 430960.933, 90
Trd, 430963.683, 95
Trd, 430963.800, 95
Trd, 430964.133, 100
Trd, 430964.500, 122
Trd, 430964.517, 127
Trd, 430965.067, 98
Trd, 430966.167, 97
Trd, 430966.717, 94
Trd, 430967.450, 96
Trd, 430967.700, 104
Trd, 430968.517, 115
Trd, 430968.667, 104
Trd, 430969.333, 103
Trd, 430969.400, 120
Trd, 430971.017, 102
Trd, 430973.317, 103
Trd, 430974.083, 99
Trd, 430974.400, 104
Trd, 430975.583, 104
Trd, 430977.050, 94
Trd, 430977.283, 102
Trd, 430977.483, 109
Trd, 430978.150, 104
Trd, 430978.283, 100
Trd, 430979.683, 118
Trd, 430980.817, 101
Trd, 430981.500, 99
Trd, 430982.200, 98
Trd, 430982.783, 107
Trd, 430982.833, 111
Trd, 430983.050, 120
Trd, 430983.300, 95
Trd, 430985.600, 103
Trd, 430987.033, 115
Trd, 430987.100, 112
Trd, 430987.617, 113
Trd, 430988.733, 120
Trd, 430988.917, 88
Trd, 430991.367, 95
Trd, 430991.417, 94
Trd, 430991.467, 111
Trd, 430991.583, 104
Trd, 430991.783, 93
Trd, 430994.183, 99
Trd, 430994.717, 111
Trd, 430995.283, 101
Trd, 430995.883, 99
Trd, 430996.567, 99
Trd, 430996.633, 98
Trd, 430996.983, 92
Trd, 430999.467, 104
Trd, 430999.950, 90
Trd, 431000.183, 109
Trd, 431001.767, 96
Trd, 431002.467, 110
Trd, 431003.500, 115
Trd, 431004.800, 107
Trd, 431006.083, 106
Trd, 431006.150, 117
Trd, 431006.517, 111
Trd, 431008.217, 115
Trd, 431008.283, 112
Trd, 431009.367, 104
Trd, 431009.917, 124
Trd, 431010.200, 103
Trd, 431011.983, 103
Trd, 431012.067, 105
Trd, 431012.317, 101
Trd, 431012.867, 101
Trd, 431013.917, 101
Trd, 431015.250, 102
Trd, 431016.783, 102
Trd, 431016.833, 104
Trd, 431017.000, 101
Trd, 431017.133, 122
Trd, 431017.617, 103
Trd, 431018.367, 124
Trd, 431019.317, 113
Trd, 431019.467, 111
Trd, 431020.817, 114
Trd, 431020.900, 104
Trd, 431021.783, 106
Trd, 431022.083, 98
Trd, 431022.667, 121
Trd, 431023.083, 90
Trd, 431025.333, 102
Trd, 431025.417, 96
Trd, 431025.900, 105
Trd, 431028.867, 99
Trd, 431028.933, 100
Trd, 431028.950, 104
Trd, 431028.967, 95
Trd, 431029.817, 106
Trd, 431030.300, 105
Trd, 431031.033, 106
Trd, 431032.233, 105
Trd, 431032.250, 104
Trd, 431034.550, 101
Trd, 431034.783, 98
Trd, 431037.233, 97
Trd, 431037.500, 95
Trd, 431037.617, 98
Trd, 431037.767, 101
Trd, 431038.000, 91
Trd, 431039.983, 112
Trd, 431040.033, 111
Trd, 431040.383, 104
Trd, 431040.700, 114
Trd, 431042.450, 96
Trd, 431042.583, 117
Trd, 431045.533, 106
Trd, 431045.767, 98
Trd, 431045.783, 98
Trd, 431046.900, 104
Trd, 431048.300, 111
Trd, 431048.533, 113
Trd, 431050.117, 105
Trd, 431050.167, 117
Trd, 431050.350, 97
Trd, 431050.517, 98
Trd, 431051.933, 103
Trd, 431053.017, 102
Trd, 431054.067, 108
Trd, 431056.400, 109
Trd, 431057.200, 109
Trd, 431057.783, 108
Trd, 431058.383, 104
Trd, 431059.583, 98
Trd, 431059.983, 101
Trd, 431061.467, 108
Trd, 431062.167, 105
Trd, 431063.183, 104
Trd, 431063.883, 109
Trd, 431064.167, 117
Trd, 431064.183, 118
Trd, 431064.217, 98
Trd, 431064.650, 95
Trd, 431065.300, 104
Trd, 431065.667, 94
Trd, 431066.517, 111
Trd, 431067.850, 98
Trd, 431068.117, 96
Trd, 431068.583, 101
Trd, 431069.667, 103
Trd, 431071.433, 118
Trd, 431072.017, 119
Trd, 431072.117, 100
Trd, 431072.750, 99
Trd, 431072.933, 102
Trd, 431074.000, 104
Trd, 431074.483, 103
Trd, 431075.850, 102
Trd, 431076.400, 100
Trd, 431076.983, 103
Trd, 431077.267, 94
Trd, 431077.600, 105
Trd, 431079.183, 105
Trd, 431080.050, 93
Trd, 431080.867, 108
Trd, 431081.600, 95
Trd, 431082.517, 108
Trd, 431082.883, 116
Trd, 431084.033, 103
Trd, 431086.717, 110
Trd, 431087.067, 117
Trd, 431087.567, 110
Trd, 431088.133, 110
Trd, 431089.167, 112
Trd, 431090.517, 118
Trd, 431092.067, 103
Trd, 431092.400, 98
Trd, 431092.783, 102
Trd, 431092.967, 95
Trd, 431094.600, 98
Trd, 431095.267, 102
Trd, 431095.467, 96
Trd, 431096.100, 105
Trd, 431096.233, 91
Trd, 431096.367, 104
Trd, 431097.883, 102
Trd, 431098.533, 104
Trd, 431100.667, 93
Trd, 431100.933, 98
Trd, 431102.617, 98
Trd, 431102.867, 95
Trd, 431105.567, 112
Trd, 431105.600, 120
Trd, 431105.767, 111
Trd, 431106.483, 110
Trd, 431108.617, 117
Trd, 431109.617, 112
Trd, 431110.100, 104
Trd, 431110.633, 95
Trd, 431110.967, 109
Trd, 431111.683, 109
Trd, 431111.883, 113
Trd, 431112.433, 112
Trd, 431113.183, 104
Trd, 431113.367, 99
Trd, 431114.317, 116
Trd, 431114.600, 100
Trd, 431114.867, 98
Trd, 431115.183, 111
Trd, 431115.450, 120
Trd, 431115.967, 109
Trd, 431116.617, 101
Trd, 431116.683, 115
Trd, 431116.867, 103
Trd, 431117.750, 95
Trd, 431118.233, 102
Trd, 431118.617, 89
Trd, 431120.467, 104
Trd, 431120.633, 105
Trd, 431121.333, 108
Trd, 431121.683, 107
Trd, 431123.417, 103
Trd, 431123.867, 102
Trd, 431125.800, 104
Trd, 431127.200, 113
Trd, 431128.350, 114
Trd, 431129.733, 116
Trd, 431129.933, 114
Trd, 431130.200, 111
Trd, 431132.383, 98
Trd, 431132.567, 117
Trd, 431132.683, 95
Trd, 431134.017, 105
Trd, 431134.667, 105
Trd, 431134.900, 104
Trd, 431135.067, 92
Trd, 431136.783, 96
Trd, 431137.000, 111
Trd, 431137.633, 99
Trd, 431137.900, 97
Trd, 431138.350, 117
Trd, 431139.383, 121
Trd, 431142.717, 110
Trd, 431143.917, 109
Trd, 431144.183, 107
Trd, 431144.417, 109
Trd, 431145.667, 105
Trd, 431145.750, 104
Trd, 431145.783, 106
Trd, 431145.800, 118
Trd, 431147.033, 102
Trd, 431148.200, 101
Trd, 431148.783, 95
Trd, 431149.550, 92
Trd, 431149.917, 104
Trd, 431150.683, 111
Trd, 431151.683, 104
Trd, 431152.617, 96
Trd, 431152.817, 90
Trd, 431154.450, 103
Trd, 431155.967, 104
Trd, 431157.083, 103
Trd, 431158.483, 97
Trd, 431158.700, 104
Trd, 431159.233, 95
Trd, 431159.917, 95
Trd, 431160.700, 94
Trd, 431162.200, 114
Trd, 431162.550, 117
Trd, 431162.700, 124
Trd, 431163.250, 129
Trd, 431163.633, 116
Trd, 431163.800, 114
Trd, 431164.817, 117
Trd, 431165.150, 112
Trd, 431166.133, 104
Trd, 431166.283, 108
Trd, 431167.033, 98
Trd, 431168.700, 113
Trd, 431169.717, 113
Trd, 431170.433, 111
Trd, 431170.450, 99
Trd, 431170.783, 95
Trd, 431171.317, 87
Trd, 431173.317, 108
Trd, 431174.800, 110
Trd, 431175.617, 110
Trd, 431176.350, 111
Trd, 431176.467, 109
Trd, 431176.483, 106
Trd, 431178.183, 118
Trd, 431178.700, 112
Trd, 431179.450, 122
Trd, 431180.150, 111
Trd, 431181.450, 100
Trd, 431181.750, 98
Trd, 431183.267, 113
Trd, 431183.683, 118
Trd, 431184.733, 107
Trd, 431185.083, 104
Trd, 431185.600, 102
Trd, 431186.067, 98
Trd, 431187.683, 98
Trd, 431187.733, 95
Trd, 431188.317, 103
Trd, 431190.033, 99
Trd, 431190.050, 104
Trd, 431190.383, 95
Trd, 431191.183, 101
Trd, 431192.017, 99
Trd, 431192.633, 104
Trd, 431193.350, 118
Trd, 431194.500, 101
Trd, 431194.517, 123
Trd, 431194.883, 92
Trd, 431195.183, 94
Trd, 431195.233, 95
Trd, 431195.300, 90
Trd, 431197.083, 109
Trd, 431198.033, 104
Trd, 431198.933, 112
Trd, 431199.367, 120
Trd, 431200.333, 111
Trd, 431201.467, 105
Trd, 431202.683, 110
Trd, 431202.750, 109
Trd, 431202.900, 98
Trd, 431203.917, 104
Trd, 431204.600, 109
Trd, 431204.633, 112
Trd, 431207.283, 110
Trd, 431208.400, 109
Trd, 431209.100, 111
Trd, 431209.650, 110
Trd, 431210.333, 98
Trd, 431211.150, 104
Trd, 431211.567, 97
Trd, 431212.500, 103
Trd, 431212.967, 105
Trd, 431212.983, 95
Trd, 431214.450, 91
Trd, 431216.033, 105
Trd, 431216.083, 105
Trd, 431216.100, 104
Trd, 431217.717, 106
Trd, 431217.800, 89
Trd, 431218.583, 103
Trd, 431219.000, 98
Trd, 431219.667, 112
Trd, 431220.533, 98
Trd, 431221.400, 117
Trd, 431223.000, 113
Trd, 431223.617, 117
Trd, 431223.633, 112
Trd, 431224.083, 119
Trd, 431224.833, 121
Trd, 431225.500, 120
Trd, 431226.550, 99
Trd, 431226.683, 101
Trd, 431228.367, 110
Trd, 431229.167, 101
Trd, 431229.367, 95
Trd, 431229.433, 90
Trd, 431229.483, 89
Trd, 431230.733, 122
Trd, 431231.783, 117
Trd, 431234.933, 101
Trd, 431235.483, 102
Trd, 431235.600, 102
Trd, 431236.183, 104
Trd, 431236.583, 101
Trd, 431237.133, 121
Trd, 431237.500, 100
Trd, 431237.633, 109
Trd, 431237.917, 105
Trd, 431238.283, 106
Trd, 431239.850, 101
Trd, 431240.200, 118
Trd, 431240.900, 99
Trd, 431242.000, 103
Trd, 431242.250, 100
Trd, 431242.300, 98
Trd, 431244.317, 104
Trd, 431245.067, 95
Trd, 431246.217, 97
Trd, 431247.467, 102
Trd, 431247.767, 104
Trd, 431248.500, 95
Trd, 431248.783, 105
Trd, 431248.900, 89
Trd, 431248.950, 120
Trd, 431249.350, 88
Trd, 431252.883, 100
Trd, 431252.950, 120
Trd, 431254.267, 106
Trd, 431255.000, 104
Trd, 431255.250, 106
Trd, 431257.667, 106
Trd, 431258.700, 107
Trd, 431259.333, 104
Trd, 431259.583, 98
Trd, 431261.150, 111
Trd, 431261.350, 104
Trd, 431261.467, 103
Trd, 431261.917, 121
Trd, 431262.733, 105
Trd, 431263.283, 117
Trd, 431264.467, 111
Trd, 431264.783, 107
Trd, 431265.133, 98
Trd, 431266.267, 95
Trd, 431266.833, 98
Trd, 431268.050, 104
Trd, 431268.317, 97
Trd, 431269.117, 108
Trd, 431269.517, 96
Trd, 431272.317, 104
Trd, 431272.883, 112
Trd, 431273.250, 117
Trd, 431273.633, 98
Trd, 431274.017, 108
Trd, 431275.333, 101
Trd, 431275.933, 100
Trd, 431277.000, 103
Trd, 431277.433, 101
Trd, 431277.950, 116
Trd, 431277.967, 99
Trd, 431278.100, 115
Trd, 431279.567, 99
Trd, 431280.217, 101
Trd, 431284.000, 110
Trd, 431284.933, 108
Trd, 431285.833, 99
Trd, 431285.850, 99
Trd, 431286.117, 100
Trd, 431286.700, 117
Trd, 431287.233, 120
Trd, 431287.683, 111
Trd, 431287.733, 98
Trd, 431288.067, 95
Trd, 431289.500, 102
Trd, 431289.767, 94
Trd, 431290.800, 105
Trd, 431292.533, 104
Trd, 431293.517, 112
Trd, 431293.867, 109
Trd, 431295.017, 104
Trd, 431295.083, 105
Trd, 431295.433, 113
Trd, 431295.550, 98
Trd, 431296.350, 101
Trd, 431297.050, 110
Trd, 431297.767, 103
Trd, 431298.183, 97
Trd, 431298.567, 117
Trd, 431298.650, 117
Trd, 431299.017, 107
Trd, 431299.200, 102
Trd, 431299.433, 115
Trd, 431301.100, 118
Trd, 431303.250, 107
Trd, 431304.517, 110
Trd, 431305.700, 105
Trd, 431306.550, 98
Trd, 431306.767, 98
Trd, 431307.417, 95
Trd, 431307.517, 101
Trd, 431308.200, 107
Trd, 431309.233, 95
Trd, 431309.783, 94
Trd, 431310.400, 96
Trd, 431310.633, 98
Trd, 431310.667, 94
Trd, 431311.167, 112
Trd, 431313.233, 94
Trd, 431313.717, 96
Trd, 431314.933, 107
Trd, 431314.983, 104
Trd, 431315.333, 110
Trd, 431317.533, 117
Trd, 431318.367, 111
Trd, 431318.933, 121
Trd, 431319.100, 104
Trd, 431320.417, 105
Trd, 431320.533, 123
Trd, 431320.967, 121
Trd, 431322.283, 115
Trd, 431324.500, 112
Trd, 431325.133, 104
Trd, 431325.283, 112
Trd, 431325.850, 105
Trd, 431325.933, 114
Trd, 431326.233, 102
Trd, 431327.100, 98
Trd, 431327.283, 106
Trd, 431328.650, 89
Trd, 431330.033, 99
Trd, 431330.900, 100
Trd, 431331.717, 101
Trd, 431331.900, 102
Trd, 431332.717, 102
Trd, 431334.450, 102
Trd, 431334.817, 103
Trd, 431336.033, 94
Trd, 431336.667, 95
Trd, 431338.033, 108
Trd, 431339.183, 108
Trd, 431339.667, 107
Trd, 431341.800, 106
Trd, 431342.050, 120
Trd, 431342.467, 104
Trd, 431342.567, 123
Trd, 431343.167, 99
Trd, 431344.583, 100
Trd, 431345.183, 111
Trd, 431345.800, 99
Trd, 431345.967, 98
Trd, 431348.650, 95
Trd, 431350.050, 94
Trd, 431350.067, 95
Trd, 431350.533, 96
Trd, 431351.583, 89
Trd, 431353.183, 95
Trd, 431353.467, 102
Trd, 431353.517, 105
Trd, 431353.833, 118
Trd, 431354.833, 97
Trd, 431355.600, 123
Trd, 431356.333, 107
Trd, 431357.167, 103
Trd, 431357.383, 111
Trd, 431357.700, 102
Trd, 431357.933, 118
Trd, 431358.433, 105
Trd, 431358.700, 103
Trd, 431359.283, 118
Trd, 431362.300, 107
Trd, 431362.433, 105
Trd, 431363.383, 112
Trd, 431363.533, 117
Trd, 431363.700, 90
Trd, 431364.767, 98
Trd, 431365.650, 103
Trd, 431366.783, 104
Trd, 431366.983, 95
Trd, 431367.650, 91
Trd, 431368.717, 104
Trd, 431368.750, 98
Trd, 431368.950, 93
Trd, 431370.500, 99
Trd, 431371.017, 112
Trd, 431371.917, 96
Trd, 431372.050, 117
Trd, 431373.350, 94
Trd, 431373.617, 103
Trd, 431373.867, 104
Trd, 431374.700, 98
Trd, 431376.267, 101
Trd, 431376.350, 98
Trd, 431376.733, 104
Trd, 431378.783, 106
Trd, 431379.700, 106
Trd, 431379.800, 104
Trd, 431379.833, 114
Trd, 431380.167, 113
Trd, 431381.950, 111
Trd, 431382.150, 98
Trd, 431383.333, 93
Trd, 431384.050, 91
Trd, 431384.233, 98
Trd, 431384.617, 98
Trd, 431386.200, 100
Trd, 431386.867, 120
Trd, 431387.100, 121
Trd, 431387.250, 90
Trd, 431387.533, 126
Trd, 431388.917, 108
Trd, 431389.767, 108
Trd, 431390.167, 107
Trd, 431392.300, 105
Trd, 431392.367, 103
Trd, 431393.417, 104
Trd, 431393.583, 105
Trd, 431395.483, 98
Trd, 431395.800, 95
Trd, 431395.933, 103
Trd, 431396.617, 87
Trd, 431397.317, 117
Trd, 431397.950, 101
Trd, 431398.283, 121
Trd, 431398.883, 106
Trd, 431399.150, 96
Trd, 431399.833, 122
Trd, 431400.333, 105
Trd, 431400.583, 104
Trd, 431401.333, 108
Trd, 431402.467, 112
Trd, 431402.833, 103
Trd, 431403.933, 98
Trd, 431404.983, 95
Trd, 431405.667, 94
Trd, 431407.200, 118
Trd, 431409.850, 119
Trd, 431409.917, 96
Trd, 431410.333, 95
Trd, 431412.050, 106
Trd, 431412.133, 108
Trd, 431412.783, 112
Trd, 431412.883, 120
Trd, 431413.917, 104
Trd, 431415.667, 106
Trd, 431415.733, 105
Trd, 431416.567, 104
Trd, 431417.400, 98
Trd, 431417.483, 97
Trd, 431417.767, 110
Trd, 431421.033, 111
Trd, 431421.083, 109
Trd, 431422.100, 114
Trd, 431422.850, 106
Trd, 431423.300, 107
Trd, 431423.383, 116
Trd, 431424.483, 116
Trd, 431424.650, 115
Trd, 431424.733, 118
Trd, 431425.233, 118
Trd, 431426.267, 109
Trd, 431426.383, 120
Trd, 431426.683, 104
Trd, 431427.050, 122
Trd, 431429.117, 100
Trd, 431431.367, 103
Trd, 431432.533, 119
Trd, 431432.667, 112
Trd, 431432.950, 111
Trd, 431433.100, 108
Trd, 431433.933, 102
Trd, 431436.100, 100
Trd, 431436.433, 106
Trd, 431437.617, 105
Trd, 431437.683, 104
Trd, 431438.550, 98
Trd, 431438.767, 118
Trd, 431439.067, 99
Trd, 431439.683, 120
Trd, 431440.517, 112
Trd, 431441.517, 107
Trd, 431441.800, 113
Trd, 431442.117, 96
Trd, 431443.417, 97
Trd, 431444.883, 99
Trd, 431445.250, 99
Trd, 431445.600, 95
Trd, 431446.850, 104
Trd, 431446.883, 105
Trd, 431447.333, 97
Trd, 431448.233, 108
Trd, 431448.333, 101
Trd, 431448.483, 115
Trd, 431448.817, 124
Trd, 431449.117, 97
Trd, 431452.250, 113
Trd, 431452.400, 108
Trd, 431452.867, 106
Trd, 431453.950, 110
Trd, 431454.483, 121
Trd, 431455.250, 103
Trd, 431455.550, 119
Trd, 431456.283, 102
Trd, 431457.067, 128
Trd, 431457.467, 106
Trd, 431457.867, 104
Trd, 431459.417, 106
Trd, 431459.750, 123
Trd, 431459.983, 107
Trd, 431460.300, 122
Trd, 431462.733, 110
Trd, 431464.033, 110
Trd, 431464.400, 104
Trd, 431465.017, 102
Trd, 431465.033, 98
Trd, 431465.717, 98
Trd, 431465.783, 100
Trd, 431466.050, 101
Trd, 431466.217, 111
Trd, 431466.417, 95
Trd, 431467.367, 119
Trd, 431467.933, 123
Trd, 431468.183, 119
Trd, 431468.200, 118
Trd, 431468.483, 95
Trd, 431470.067, 103
Trd, 431471.967, 101
Trd, 431472.083, 101
Trd, 431472.767, 102
Trd, 431473.667, 104
Trd, 431474.100, 96
Trd, 431475.683, 100
Trd, 431478.150, 113
Trd, 431478.300, 112
Trd, 431480.533, 118
Trd, 431480.767, 110
Trd, 431481.083, 117
Trd, 431481.100, 103
Trd, 431481.717, 105
Trd, 431482.133, 96
Trd, 431483.533, 112
Trd, 431484.933, 99
Trd, 431485.683, 105
Trd, 431486.250, 90
Trd, 431486.583, 88
Trd, 431487.600, 91
Trd, 431489.350, 98
Trd, 431490.250, 95
Trd, 431490.983, 107
Trd, 431492.617, 110
Trd, 431494.767, 112
Trd, 431494.983, 119
Trd, 431495.100, 124
Trd, 431495.400, 114
Trd, 431495.800, 109
Trd, 431495.950, 104
Trd, 431496.367, 102
Trd, 431497.050, 102
Trd, 431497.117, 118
Trd, 431497.700, 101
Trd, 431498.817, 118
Trd, 431500.133, 100
Trd, 431500.333, 112
Trd, 431501.300, 98
Trd, 431501.800, 94
Trd, 431503.833, 108
Trd, 431505.383, 104
Trd, 431506.933, 107
Trd, 431508.233, 113
Trd, 431508.300, 113
Trd, 431508.533, 112
Trd, 431508.800, 98
Trd, 431509.550, 104
Trd, 431509.683, 116
Trd, 431510.083, 122
Trd, 431510.650, 97
Trd, 431513.950, 106
Trd, 431514.967, 99
Trd, 431515.150, 100
Trd, 431515.567, 104
Trd, 431517.083, 99
Trd, 431517.283, 106
Trd, 431518.467, 98
Trd, 431520.083, 96
Trd, 431520.367, 116
Trd, 431521.717, 100
Trd, 431521.917, 101
Trd, 431522.000, 95
Trd, 431523.883, 104
Trd, 431524.017, 106
Trd, 431524.333, 107
Trd, 431524.500, 91
Trd, 431525.167, 110
Trd, 431528.100, 114
Trd, 431528.567, 111
Trd, 431528.683, 111
Trd, 431530.067, 109
Trd, 431531.000, 118
Trd, 431532.233, 112
Trd, 431532.733, 109
Trd, 431533.283, 103
Trd, 431534.917, 107
Trd, 431535.050, 108
Trd, 431535.200, 118
Trd, 431535.550, 107
Trd, 431537.033, 104
Trd, 431537.283, 122
Trd, 431538.400, 118
Trd, 431539.083, 98
Trd, 431539.233, 112
Trd, 431539.633, 113
Trd, 431539.800, 97
Trd, 431542.133, 114
Trd, 431542.150, 113
Trd, 431542.183, 116
Trd, 431542.883, 93
Trd, 431543.917, 90
Trd, 431545.617, 105
Trd, 431545.817, 103
Trd, 431546.367, 87
Trd, 431546.867, 97
Trd, 431547.667, 87
Trd, 431547.917, 101
Trd, 431548.217, 106
Trd, 431548.333, 108
Trd, 431550.150, 97
Trd, 431552.550, 123
Trd, 431552.783, 104
Trd, 431553.550, 123
Trd, 431554.433, 106
Trd, 431555.400, 106
Trd, 431555.783, 104
Trd, 431555.850, 94
Trd, 431556.900, 116
Trd, 431558.100, 105
Trd, 431559.583, 104
Trd, 431560.200, 103
Trd, 431561.300, 98
Trd, 431562.417, 93
Trd, 431562.617, 90
Trd, 431563.333, 106
Trd, 431563.350, 116
Trd, 431563.867, 95
Trd, 431564.317, 87
Trd, 431564.517, 106
Trd, 431564.967, 107
Trd, 431565.517, 94
Trd, 431566.083, 83
Trd, 431567.833, 117
Trd, 431568.750, 107
Trd, 431569.483, 106
Trd, 431571.200, 116
Trd, 431571.333, 112
Trd, 431571.917, 104
Trd, 431572.333, 120
Trd, 431573.583, 120
Trd, 431575.133, 100
Trd, 431575.483, 100
Trd, 431576.617, 101
Trd, 431576.833, 98
Trd, 431577.383, 107
Trd, 431577.933, 95
Trd, 431579.617, 101
Trd, 431580.467, 90
Trd, 431580.733, 104
Trd, 431581.867, 100
Trd, 431582.150, 104
Trd, 431582.783, 120
Trd, 431582.900, 124
Trd, 431585.133, 112
Trd, 431585.250, 112
Trd, 431585.267, 111
Trd, 431585.517, 100
Trd, 431586.433, 98
Trd, 431586.667, 113
Trd, 431587.683, 121
Trd, 431587.933, 109
Trd, 431588.817, 123
Trd, 431589.333, 95
Trd, 431590.017, 95
Trd, 431592.433, 109
Trd, 431593.883, 114
Trd, 431594.100, 113
Trd, 431594.350, 112
Trd, 431594.967, 105
Trd, 431594.983, 116
Trd, 431596.633, 104
Trd, 431596.900, 106
Trd, 431598.333, 105
Trd, 431599.050, 128
Trd, 431600.017, 99
Trd, 431600.567, 98
Trd, 431601.250, 108
Trd, 431601.717, 110
Trd, 431603.500, 104
Trd, 431604.217, 104
Trd, 431604.550, 117
Trd, 431605.400, 124
Trd, 431605.967, 99
Trd, 431606.200, 98
Trd, 431606.650, 99
Trd, 431607.933, 101
Trd, 431607.967, 104
Trd, 431608.633, 97
Trd, 431610.767, 95
Trd, 431611.183, 100
Trd, 431613.650, 102
Trd, 431613.900, 105
Trd, 431614.167, 110
Trd, 431614.367, 100
Trd, 431614.883, 104
Trd, 431615.400, 97
Trd, 431615.617, 96
Trd, 431616.283, 95
Trd, 431619.117, 104
Trd, 431619.283, 100
Trd, 431620.300, 102
Trd, 431620.350, 103
Trd, 431621.550, 97
Trd, 431622.250, 104
Trd, 431623.017, 100
Trd, 431625.150, 101
Trd, 431625.783, 99
Trd, 431625.800, 108
Trd, 431626.450, 105
Trd, 431626.633, 98
Trd, 431626.683, 118
Trd, 431628.583, 103
Trd, 431628.633, 112
Trd, 431629.433, 108
Trd, 431629.617, 94
Trd, 431630.500, 117
Trd, 431631.767, 112
Trd, 431631.833, 123
Trd, 431631.917, 112
Trd, 431632.100, 89
Trd, 431632.600, 88
Trd, 431633.433, 94
Trd, 431633.783, 94
Trd, 431634.600, 88
Trd, 431635.833, 105
Trd, 431638.683, 105
Trd, 431639.867, 99
Trd, 431641.533, 98
Trd, 431641.567, 95
Trd, 431642.217, 90
Trd, 431642.383, 100
Trd, 431642.500, 102
Trd, 431643.783, 106
Trd, 431643.917, 106
Trd, 431644.467, 117
Trd, 431645.033, 117
Trd, 431646.200, 104
Trd, 431646.400, 119
Trd, 431647.317, 102
Trd, 431647.533, 110
Trd, 431648.100, 117
Trd, 431648.767, 100
Trd, 431648.933, 127
Trd, 431651.067, 127
Trd, 431651.767, 103
Trd, 431652.550, 98
Trd, 431653.133, 118
Trd, 431655.000, 98
Trd, 431655.883, 94
Trd, 431656.117, 89
Trd, 431656.233, 95
Trd, 431657.100, 87
Trd, 431657.300, 112
Trd, 431658.433, 103
Trd, 431660.133, 95
Trd, 431661.117, 119
Trd, 431661.467, 113
Trd, 431661.883, 113
Trd, 431662.917, 111
Trd, 431664.733, 105
Trd, 431666.100, 107
Trd, 431666.317, 108
Trd, 431666.700, 105
Trd, 431666.917, 104
Trd, 431669.017, 99
Trd, 431669.367, 109
Trd, 431670.667, 107
Trd, 431671.350, 107
Trd, 431672.150, 100
Trd, 431672.283, 101
Trd, 431672.500, 98
Trd, 431672.750, 107
Trd, 431674.167, 105
Trd, 431674.433, 113
Trd, 431677.783, 104
Trd, 431677.800, 105
Trd, 431678.833, 112
Trd, 431679.283, 95
Trd, 431680.317, 93
Trd, 431680.383, 117
Trd, 431681.100, 94
Trd, 431681.483, 104
Trd, 431681.700, 89
Trd, 431683.483, 91
Trd, 431683.950, 94
Trd, 431684.767, 93
Trd, 431686.433, 100
Trd, 431686.717, 101
Trd, 431687.900, 116
Trd, 431688.650, 105
Trd, 431689.150, 116
Trd, 431689.650, 115
Trd, 431689.733, 100
Trd, 431691.200, 110
Trd, 431691.250, 117
Trd, 431691.633, 113
Trd, 431692.083, 110
Trd, 431692.400, 114
Trd, 431692.650, 98
Trd, 431694.983, 104
Trd, 431695.833, 95
Trd, 431696.500, 100
Trd, 431697.000, 90
Trd, 431697.350, 94
Trd, 431698.083, 101
Trd, 431699.667, 103
Trd, 431700.967, 105
Trd, 431701.600, 102
Trd, 431702.117, 116
Trd, 431702.350, 119
Trd, 431703.067, 96
Trd, 431704.617, 101
Trd, 431705.800, 98
Trd, 431706.700, 100
Trd, 431706.733, 104
Trd, 431707.433, 104
Trd, 431708.233, 106
Trd, 431709.617, 98
Trd, 431710.067, 105
Trd, 431710.517, 108
Trd, 431711.300, 111
Trd, 431711.800, 111
Trd, 431712.583, 111
Trd, 431712.667, 95
Trd, 431713.283, 117
Trd, 431713.483, 100
Trd, 431715.633, 120
Trd, 431715.717, 122
Trd, 431715.750, 88
Trd, 431716.483, 88
Trd, 431718.317, 126
Trd, 431718.533, 104
Trd, 431719.500, 104
Trd, 431719.700, 90
Trd, 431721.550, 119
Trd, 431722.533, 106
Trd, 431723.467, 117
Trd, 431724.467, 103
Trd, 431724.950, 112
Trd, 431726.967, 101
Trd, 431727.483, 102
Trd, 431727.750, 98
Trd, 431728.167, 102
Trd, 431728.683, 99
Trd, 431728.833, 98
Trd, 431729.017, 106
Trd, 431729.700, 98
Trd, 431730.050, 95
Trd, 431731.233, 115
Trd, 431732.033, 95
Trd, 431732.167, 97
Trd, 431733.633, 102
Trd, 431733.717, 99
Trd, 431735.783, 101
Trd, 431736.433, 104
Trd, 431737.200, 103
Trd, 431738.133, 104
Trd, 431739.083, 100
Trd, 431739.483, 113
Trd, 431739.750, 112
Trd, 431740.250, 116
Trd, 431740.533, 107
Trd, 431740.717, 120
Trd, 431742.767, 98
Trd, 431742.917, 118
Trd, 431743.050, 95
Trd, 431744.150, 104
Trd, 431744.183, 90
Trd, 431745.917, 115
Trd, 431748.550, 108
Trd, 431748.583, 107
Trd, 431750.300, 104
Trd, 431751.067, 112
Trd, 431751.233, 103
Trd, 431751.267, 95
Trd, 431751.683, 92
Trd, 431753.150, 100
Trd, 431753.217, 110
Trd, 431755.150, 117
Trd, 431755.850, 98
Trd, 431756.617, 100
Trd, 431756.800, 112
Trd, 431757.283, 100
Trd, 431757.900, 98
Trd, 431757.917, 99
Trd, 431758.150, 104
Trd, 431758.733, 98
Trd, 431759.683, 112
Trd, 431761.283, 111
Trd, 431762.333, 105
Trd, 431764.183, 107
Trd, 431764.850, 102
Trd, 431765.683, 110
Trd, 431766.417, 94
Trd, 431768.450, 101
Trd, 431768.883, 111
Trd, 431770.733, 116
Trd, 431770.883, 98
Trd, 431770.950, 101
Trd, 431771.400, 94
Trd, 431771.967, 106
Trd, 431772.300, 92
Trd, 431772.800, 98
Trd, 431775.233, 108
Trd, 431775.350, 102
Trd, 431775.517, 100
Trd, 431775.917, 115
Trd, 431776.150, 98
Trd, 431776.733, 103
Trd, 431777.500, 102
Trd, 431779.017, 120
Trd, 431780.717, 91
Trd, 431780.750, 100
Trd, 431781.133, 109
Trd, 431781.967, 104
Trd, 431783.783, 110
Trd, 431783.933, 110
Trd, 431784.217, 103
Trd, 431784.767, 96
Trd, 431785.133, 115
Trd, 431787.967, 112
Trd, 431788.117, 115
Trd, 431788.300, 111
Trd, 431789.533, 109
Trd, 431790.333, 97
Trd, 431791.250, 95
Trd, 431791.817, 112
Trd, 431792.117, 103
Trd, 431792.633, 117
Trd, 431793.783, 112
Trd, 431793.933, 98
Trd, 431794.200, 102
Trd, 431794.433, 119
Trd, 431796.050, 119
Trd, 431797.567, 114
Trd, 431798.783, 115
Trd, 431799.250, 115
Trd, 431799.783, 101
Trd, 431800.400, 105
Trd, 431800.500, 90
Trd, 431800.717, 122
Trd, 431801.783, 101
Trd, 431801.833, 87
Trd, 431804.083, 77
Trd, 431804.150, 102
Trd, 431804.750, 114
Trd, 431806.267, 111
Trd, 431806.583, 106
Trd, 431806.767, 122
Trd, 431807.400, 127
Trd, 431807.667, 124
Trd, 431808.300, 110
Trd, 431809.433, 112
Trd, 431812.283, 104
Trd, 431812.550, 118
Trd, 431813.583, 109
Trd, 431814.283, 99
Trd, 431815.150, 107
Trd, 431816.667, 105
Trd, 431816.683, 110
Trd, 431816.800, 117
Trd, 431817.517, 107
Trd, 431817.550, 106
Trd, 431818.517, 113
Trd, 431818.583, 104
Trd, 431820.367, 101
Trd, 431820.467, 104
Trd, 431820.567, 99
Trd, 431821.083, 110
Trd, 431821.717, 116
Trd, 431821.750, 105
Trd, 431821.883, 117
Trd, 431823.500, 115
Trd, 431824.117, 104
Trd, 431825.017, 98
Trd, 431826.700, 101
Trd, 431827.500, 110
Trd, 431827.883, 101
Trd, 431828.950, 95
Trd, 431829.550, 113
Trd, 431830.483, 112
Trd, 431830.583, 113
Trd, 431830.617, 119
Trd, 431832.817, 116
Trd, 431832.900, 97
Trd, 431833.950, 98
Trd, 431834.433, 115
Trd, 431835.783, 103
Trd, 431835.950, 122
Trd, 431837.650, 98
Trd, 431838.067, 101
Trd, 431838.800, 95
Trd, 431839.000, 90
Trd, 431839.517, 100
Trd, 431840.167, 109
Trd, 431841.767, 123
Trd, 431841.983, 121
Trd, 431842.217, 119
Trd, 431842.700, 117
Trd, 431842.800, 111
Trd, 431842.967, 109
Trd, 431843.300, 92
Trd, 431845.017, 102
Trd, 431845.350, 93
Trd, 431846.217, 114
Trd, 431847.800, 105
Trd, 431848.200, 106
Trd, 431848.300, 114
Trd, 431848.833, 113
Trd, 431851.567, 110
Trd, 431854.083, 104
Trd, 431854.283, 106
Trd, 431855.417, 99
Trd, 431856.683, 98
Trd, 431856.900, 104
Trd, 431856.933, 105
Trd, 431857.167, 95
Trd, 431857.933, 89
Trd, 431858.283, 86
Trd, 431859.150, 95
Trd, 431859.483, 100
Trd, 431860.800, 101
Trd, 431861.433, 103
Trd, 431861.867, 97
Trd, 431862.067, 104
Trd, 431862.850, 106
Trd, 431863.233, 102
Trd, 431864.717, 91
Trd, 431864.850, 110
Trd, 431866.300, 105
Trd, 431866.450, 112
Trd, 431868.483, 110
Trd, 431868.500, 109
Trd, 431870.150, 112
Trd, 431870.433, 103
Trd, 431871.200, 117
Trd, 431874.117, 104
Trd, 431874.317, 116
Trd, 431875.367, 102
Trd, 431876.100, 119
Trd, 431876.717, 114
Trd, 431876.817, 98
Trd, 431877.750, 94
Trd, 431878.983, 99
Trd, 431879.367, 98
Trd, 431879.633, 107
Trd, 431881.017, 92
Trd, 431882.083, 100
Trd, 431882.500, 115
Trd, 431883.700, 117
Trd, 431883.917, 93
Trd, 431884.933, 104
Trd, 431885.200, 98
Trd, 431885.800, 105
Trd, 431885.833, 98
Trd, 431886.017, 94
Trd, 431888.083, 120
Trd, 431889.700, 119
Trd, 431890.567, 117
Trd, 431890.667, 112
Trd, 431891.467, 113
Trd, 431892.833, 99
Trd, 431894.617, 100
Trd, 431894.717, 106
Trd, 431894.783, 99
Trd, 431895.983, 98
Trd, 431896.317, 104
Trd, 431896.583, 95
Trd, 431896.667, 115
Trd, 431898.133, 113
Trd, 431898.583, 114
Trd, 431901.217, 112
Trd, 431902.100, 114
Trd, 431902.450, 112
Trd, 431902.833, 116
Trd, 431903.983, 112
Trd, 431904.583, 103
Trd, 431904.917, 112
Trd, 431905.250, 98
Trd, 431905.583, 114
Trd, 431905.967, 96
Trd, 431906.167, 95
Trd, 431907.483, 95
Trd, 431908.317, 105
Trd, 431909.600, 98
Trd, 431909.767, 96
Trd, 431911.050, 103
Trd, 431911.800, 100
Trd, 431912.000, 97
Trd, 431913.050, 106
Trd, 431913.417, 117
Trd, 431915.550, 113
Trd, 431915.917, 111
Trd, 431916.400, 124
Trd, 431916.817, 104
Trd, 431917.167, 115
Trd, 431917.833, 124
Trd, 431918.600, 107
Trd, 431919.867, 97
Trd, 431920.333, 107
Trd, 431920.517, 104
Trd, 431920.583, 95
Trd, 431921.700, 101
Trd, 431922.583, 101
Trd, 431923.517, 98
Trd, 431923.717, 99
Trd, 431923.783, 108
Trd, 431925.000, 107
Trd, 431925.417, 107
Trd, 431925.467, 106
Trd, 431925.733, 95
Trd, 431928.850, 97
Trd, 431929.333, 104
Trd, 431931.100, 100
Trd, 431931.300, 98
Trd, 431931.733, 102
Trd, 431933.983, 103
Trd, 431935.233, 105
Trd, 431935.667, 106
Trd, 431936.717, 110
Trd, 431936.883, 112
Trd, 431936.967, 98
Trd, 431939.167, 103
Trd, 431939.683, 108
Trd, 431939.933, 105
Trd, 431940.733, 104
Trd, 431941.017, 112
Trd, 431941.117, 94
Trd, 431941.633, 95
Trd, 431942.867, 92
Trd, 431943.500, 92
Trd, 431943.950, 98
Trd, 431943.967, 88
Trd, 431944.483, 118
Trd, 431944.967, 111
Trd, 431945.967, 94
Trd, 431947.567, 95
Trd, 431948.433, 105
Trd, 431949.633, 113
Trd, 431950.167, 112
Trd, 431950.317, 107
Trd, 431950.567, 104
Trd, 431951.700, 99
Trd, 431953.717, 115
Trd, 431953.767, 117
Trd, 431954.300, 123
Trd, 431955.850, 106
Trd, 431955.917, 110
Trd, 431956.900, 106
Trd, 431957.233, 98
Trd, 431959.783, 98
Trd, 431960.083, 108
Trd, 431960.633, 112
Trd, 431960.750, 110
Trd, 431961.117, 114
Trd, 431963.250, 97
Trd, 431963.433, 95
Trd, 431964.883, 90
Trd, 431966.233, 98
Trd, 431966.700, 88
Trd, 431966.883, 88
Trd, 431968.083, 110
Trd, 431969.000, 90
Trd, 431969.850, 95
Trd, 431970.633, 112
Trd, 431970.733, 95
Trd, 431971.233, 95
Trd, 431973.150, 112
Trd, 431973.733, 111
Trd, 431974.150, 97
Trd, 431974.467, 117
Trd, 431974.900, 121
Trd, 431975.433, 89
Trd, 431977.567, 104
Trd, 431977.883, 122
Trd, 431979.117, 93
Trd, 431981.550, 105
Trd, 431982.950, 95
Trd, 431983.750, 106
Trd, 431985.100, 106
Trd, 431985.483, 101
Trd, 431985.650, 100
Trd, 431986.333, 97
Trd, 431986.483, 110
Trd, 431987.800, 112
Trd, 431988.117, 111
Trd, 431990.033, 114
Trd, 431990.117, 111
Trd, 431990.967, 103
Trd, 431991.500, 98
Trd, 431991.833, 114
Trd, 431992.283, 120
Trd, 431992.683, 122
Trd, 431993.017, 102
Trd, 431994.383, 109
Trd, 431996.533, 111
Trd, 431997.000, 108
Trd, 431997.183, 106
Trd, 431997.733, 103
Trd, 431999.133, 98
