Trd, 430658.117, 84
Trd, 430658.133, 115
Trd, 430659.700, 96
Trd, 430660.133, 103
Trd, 430660.550, 91
Trd, 430662.483, 112
Trd, 430664.583, 104
Trd, 430665.483, 102
Trd, 430666.433, 101
Trd, 430666.583, 93
Trd, 430667.417, 103
Trd, 430667.833, 99
Trd, 430668.667, 87
Trd, 430669.133, 106
Trd, 430669.683, 111
Trd, 430669.867, 112
Trd, 430670.000, 100
Trd, 430670.150, 99
Trd, 430671.200, 119
Trd, 430671.517, 85
Trd, 430672.183, 86
Trd, 430674.517, 99
Trd, 430674.850, 87
Trd, 430675.100, 109
Trd, 430675.817, 89
Trd, 430676.083, 84
Trd, 430677.400, 115
Trd, 430679.067, 101
Trd, 430679.250, 94
Trd, 430679.650, 104
Trd, 430680.083, 101
Trd, 430680.233, 112
Trd, 430680.667, 94
Trd, 430681.550, 100
Trd, 430684.083, 100
Trd, 430684.233, 91
Trd, 430685.533, 104
Trd, 430686.050, 93
Trd, 430686.183, 105
Trd, 430687.283, 108
Trd, 430688.150, 111
Trd, 430688.167, 107
Trd, 430688.300, 112
Trd, 430689.133, 104
Trd, 430689.267, 103
Trd, 430690.067, 98
Trd, 430690.467, 97
Trd, 430690.717, 117
Trd, 430692.283, 101
Trd, 430692.900, 99
Trd, 430694.350, 98
Trd, 430694.633, 110
Trd, 430695.233, 118
Trd, 430695.333, 121
Trd, 430698.317, 112
Trd, 430698.400, 114
Trd, 430698.767, 111
Trd, 430698.900, 110
Trd, 430699.550, 104
Trd, 430699.633, 101
Trd, 430701.117, 112
Trd, 430701.133, 116
Trd, 430701.317, 116
Trd, 430702.200, 114
Trd, 430702.917, 93
Trd, 430703.067, 106
Trd, 430703.850, 79
Trd, 430704.850, 108
Trd, 430705.250, 100
Trd, 430705.683, 84
Trd, 430707.067, 99
Trd, 430707.233, 93
Trd, 430707.483, 99
Trd, 430707.650, 101
Trd, 430709.083, 110
Trd, 430710.050, 112
Trd, 430710.700, 115
Trd, 430712.217, 111
Trd, 430713.667, 104
Trd, 430713.850, 104
Trd, 430714.200, 90
Trd, 430714.500, 82
Trd, 430715.033, 81
Trd, 430715.950, 100
Trd, 430716.617, 86
Trd, 430717.633, 92
Trd, 430718.233, 103
Trd, 430718.317, 103
Trd, 430719.733, 96
Trd, 430721.183, 100
Trd, 430722.633, 111
Trd, 430722.800, 117
Trd, 430724.000, 111
Trd, 430725.367, 107
Trd, 430725.833, 105
Trd, 430726.100, 111
Trd, 430726.900, 104
Trd, 430727.683, 105
Trd, 430728.250, 114
Trd, 430728.767, 115
Trd, 430729.383, 123
Trd, 430729.467, 126
Trd, 430730.767, 120
Trd, 430730.833, 117
Trd, 430731.333, 112
Trd, 430733.050, 106
Trd, 430735.500, 103
Trd, 430735.667, 101
Trd, 430736.900, 99
Trd, 430737.883, 104
Trd, 430738.200, 101
Trd, 430738.667, 100
Trd, 430739.017, 106
Trd, 430739.100, 95
Trd, 430739.333, 95
Trd, 430739.400, 111
Trd, 430739.667, 112
Trd, 430740.117, 111
Trd, 430741.167, 106
Trd, 430741.733, 112
Trd, 430742.500, 105
Trd, 430742.750, 118
Trd, 430744.050, 104
Trd, 430744.500, 119
Trd, 430744.833, 119
Trd, 430744.950, 95
Trd, 430747.050, 111
Trd, 430747.317, 90
Trd, 430748.167, 98
Trd, 430749.283, 93
Trd, 430749.767, 98
Trd, 430750.467, 102
Trd, 430751.133, 101
Trd, 430751.617, 104
Trd, 430752.517, 109
Trd, 430753.400, 107
Trd, 430753.867, 112
Trd, 430754.150, 115
Trd, 430754.467, 111
Trd, 430755.267, 118
Trd, 430755.683, 121
Trd, 430757.067, 102
Trd, 430757.850, 104
Trd, 430758.150, 102
Trd, 430759.167, 118
Trd, 430759.783, 114
Trd, 430760.050, 120
Trd, 430760.567, 109
Trd, 430760.717, 108
Trd, 430760.783, 104
Trd, 430763.467, 93
Trd, 430763.583, 108
Trd, 430766.333, 105
Trd, 430767.600, 97
Trd, 430767.733, 106
Trd, 430767.850, 107
Trd, 430768.317, 96
Trd, 430768.367, 95
Trd, 430769.667, 92
Trd, 430769.867, 112
Trd, 430770.950, 98
Trd, 430771.517, 91
Trd, 430771.883, 111
Trd, 430773.183, 86
Trd, 430774.550, 103
Trd, 430774.833, 104
Trd, 430777.717, 100
Trd, 430777.950, 98
Trd, 430778.083, 97
Trd, 430778.933, 93
Trd, 430779.467, 82
Trd, 430780.750, 104
Trd, 430781.967, 98
Trd, 430782.017, 106
Trd, 430782.250, 111
Trd, 430782.600, 98
Trd, 430782.717, 79
Trd, 430783.700, 105
Trd, 430783.733, 87
Trd, 430784.000, 101
Trd, 430784.050, 108
Trd, 430785.133, 107
Trd, 430786.483, 89
Trd, 430786.967, 88
Trd, 430787.250, 94
Trd, 430787.333, 96
Trd, 430787.500, 106
Trd, 430787.550, 93
Trd, 430788.100, 101
Trd, 430790.283, 112
Trd, 430790.483, 121
Trd, 430790.767, 108
Trd, 430790.850, 107
Trd, 430791.667, 100
Trd, 430793.367, 104
Trd, 430793.667, 110
Trd, 430794.117, 103
Trd, 430795.067, 101
Trd, 430795.583, 113
Trd, 430796.850, 111
Trd, 430799.433, 120
Trd, 430799.533, 117
Trd, 430800.033, 112
Trd, 430800.117, 101
Trd, 430800.367, 97
Trd, 430801.533, 113
Trd, 430802.200, 118
Trd, 430802.783, 107
Trd, 430803.117, 106
Trd, 430804.350, 111
Trd, 430804.433, 106
Trd, 430805.133, 104
Trd, 430805.383, 97
Trd, 430806.750, 95
Trd, 430807.667, 97
Trd, 430808.317, 97
Trd, 430808.883, 115
Trd, 430809.350, 115
Trd, 430809.767, 104
Trd, 430810.983, 114
Trd, 430813.383, 106
Trd, 430813.917, 105
Trd, 430814.250, 104
Trd, 430814.750, 101
Trd, 430815.133, 93
Trd, 430815.150, 92
Trd, 430815.200, 107
Trd, 430815.867, 103
Trd, 430816.217, 104
Trd, 430818.467, 85
Trd, 430818.750, 91
Trd, 430819.883, 90
Trd, 430820.333, 99
Trd, 430821.000, 101
Trd, 430821.250, 96
Trd, 430821.833, 104
Trd, 430822.750, 96
Trd, 430823.817, 106
Trd, 430824.050, 110
Trd, 430824.517, 105
Trd, 430826.783, 104
Trd, 430827.550, 81
Trd, 430827.667, 84
Trd, 430828.250, 90
Trd, 430828.283, 104
Trd, 430828.617, 92
Trd, 430829.900, 89
Trd, 430831.017, 110
Trd, 430832.433, 110
Trd, 430832.567, 111
Trd, 430832.767, 92
Trd, 430835.000, 104
Trd, 430835.450, 101
Trd, 430836.833, 110
Trd, 430837.150, 112
Trd, 430838.300, 107
Trd, 430838.433, 104
Trd, 430838.950, 101
Trd, 430839.283, 108
Trd, 430841.117, 110
Trd, 430842.133, 107
Trd, 430843.233, 109
Trd, 430843.433, 93
Trd, 430843.967, 102
Trd, 430844.650, 95
Trd, 430844.850, 109
Trd, 430846.267, 93
Trd, 430846.433, 108
Trd, 430846.467, 87
Trd, 430847.183, 112
Trd, 430850.200, 106
Trd, 430850.550, 111
Trd, 430850.833, 105
Trd, 430851.250, 104
Trd, 430851.367, 113
Trd, 430852.333, 106
Trd, 430853.233, 113
Trd, 430853.783, 104
Trd, 430854.283, 102
Trd, 430855.050, 111
Trd, 430855.083, 102
Trd, 430855.217, 112
Trd, 430855.900, 104
Trd, 430856.500, 103
Trd, 430856.850, 101
Trd, 430857.817, 83
Trd, 430858.083, 82
Trd, 430858.917, 107
Trd, 430859.067, 112
Trd, 430860.133, 108
Trd, 430860.333, 101
Trd, 430861.100, 110
Trd, 430862.633, 113
Trd, 430863.333, 112
Trd, 430863.383, 103
Trd, 430864.817, 118
Trd, 430865.067, 118
Trd, 430865.500, 109
Trd, 430866.033, 94
Trd, 430866.117, 111
Trd, 430866.233, 115
Trd, 430868.017, 116
Trd, 430868.933, 102
Trd, 430869.867, 103
Trd, 430870.050, 102
Trd, 430870.367, 98
Trd, 430870.917, 92
Trd, 430871.217, 110
Trd, 430874.367, 92
Trd, 430875.000, 94
Trd, 430875.717, 93
Trd, 430875.850, 104
Trd, 430875.933, 106
Trd, 430877.983, 100
Trd, 430878.500, 97
Trd, 430878.633, 101
Trd, 430879.033, 96
Trd, 430879.167, 111
Trd, 430881.200, 95
Trd, 430882.450, 109
Trd, 430882.583, 85
Trd, 430883.133, 104
Trd, 430883.267, 112
Trd, 430885.217, 104
Trd, 430885.667, 104
Trd, 430886.600, 105
Trd, 430886.683, 112
Trd, 430887.200, 112
Trd, 430887.667, 117
Trd, 430888.283, 102
Trd, 430888.383, 120
Trd, 430888.533, 101
Trd, 430888.783, 90
Trd, 430890.600, 118
Trd, 430891.600, 84
Trd, 430892.583, 123
Trd, 430893.200, 97
Trd, 430894.250, 101
Trd, 430894.817, 100
Trd, 430896.167, 105
Trd, 430896.567, 102
Trd, 430897.067, 98
Trd, 430898.167, 98
Trd, 430898.750, 106
Trd, 430899.100, 109
Trd, 430899.667, 93
Trd, 430902.150, 111
Trd, 430902.983, 101
Trd, 430903.400, 110
Trd, 430905.500, 108
Trd, 430905.533, 108
Trd, 430906.317, 109
Trd, 430906.883, 112
Trd, 430906.917, 104
Trd, 430907.017, 101
Trd, 430907.833, 101
Trd, 430908.617, 102
Trd, 430909.583, 98
Trd, 430909.950, 114
Trd, 430910.033, 92
Trd, 430910.750, 82
Trd, 430911.433, 90
Trd, 430911.900, 79
Trd, 430912.767, 111
Trd, 430914.150, 96
Trd, 430914.700, 103
Trd, 430914.800, 109
Trd, 430916.817, 105
Trd, 430917.067, 102
Trd, 430918.233, 121
Trd, 430918.733, 103
Trd, 430919.150, 122
Trd, 430921.500, 103
Trd, 430921.767, 101
Trd, 430921.850, 113
Trd, 430922.383, 111
Trd, 430922.700, 99
Trd, 430922.867, 99
Trd, 430923.017, 98
Trd, 430923.333, 93
Trd, 430923.583, 103
Trd, 430925.200, 102
Trd, 430925.367, 106
Trd, 430925.667, 115
Trd, 430926.767, 106
Trd, 430927.167, 102
Trd, 430928.167, 85
Trd, 430928.883, 114
Trd, 430930.483, 112
Trd, 430931.433, 115
Trd, 430932.417, 114
Trd, 430932.967, 112
Trd, 430933.033, 102
Trd, 430933.133, 101
Trd, 430933.250, 93
Trd, 430933.467, 83
Trd, 430934.350, 107
Trd, 430934.567, 101
Trd, 430934.700, 93
Trd, 430935.117, 87
Trd, 430937.850, 83
Trd, 430938.567, 99
Trd, 430938.783, 86
Trd, 430939.000, 101
Trd, 430939.383, 104
Trd, 430940.150, 106
Trd, 430940.217, 112
Trd, 430940.467, 100
Trd, 430941.950, 115
Trd, 430941.967, 95
Trd, 430942.750, 101
Trd, 430945.383, 98
Trd, 430947.567, 105
Trd, 430947.683, 98
Trd, 430948.167, 106
Trd, 430948.533, 115
Trd, 430949.700, 109
Trd, 430949.917, 109
Trd, 430950.067, 112
Trd, 430951.133, 108
Trd, 430952.283, 100
Trd, 430953.217, 101
Trd, 430953.867, 107
Trd, 430953.917, 108
Trd, 430954.033, 108
Trd, 430954.233, 101
Trd, 430954.733, 99
Trd, 430954.917, 108
Trd, 430957.017, 112
Trd, 430958.733, 105
Trd, 430959.150, 104
Trd, 430959.200, 103
Trd, 430959.433, 113
Trd, 430959.767, 123
Trd, 430959.783, 112
Trd, 430960.400, 118
Trd, 430960.933, 103
Trd, 430963.233, 108
Trd, 430963.283, 107
Trd, 430963.817, 108
Trd, 430963.933, 106
Trd, 430964.267, 101
Trd, 430965.167, 100
Trd, 430966.483, 90
Trd, 430967.017, 93
Trd, 430968.067, 88
Trd, 430968.450, 94
Trd, 430968.583, 84
Trd, 430969.333, 101
Trd, 430969.483, 82
Trd, 430970.600, 112
Trd, 430971.567, 109
Trd, 430972.250, 113
Trd, 430972.983, 112
Trd, 430973.783, 101
Trd, 430974.250, 109
Trd, 430974.483, 111
Trd, 430974.633, 112
Trd, 430975.633, 96
Trd, 430976.317, 115
Trd, 430977.100, 115
Trd, 430977.850, 97
Trd, 430978.533, 112
Trd, 430979.333, 98
Trd, 430980.083, 113
Trd, 430980.200, 115
Trd, 430981.717, 108
Trd, 430982.450, 91
Trd, 430983.733, 101
Trd, 430984.250, 106
Trd, 430984.783, 112
Trd, 430985.633, 106
Trd, 430985.767, 106
Trd, 430986.567, 103
Trd, 430986.967, 105
Trd, 430987.633, 102
Trd, 430988.633, 113
Trd, 430991.333, 102
Trd, 430991.400, 115
Trd, 430991.667, 101
Trd, 430992.533, 107
Trd, 430993.617, 96
Trd, 430993.650, 94
Trd, 430993.717, 92
Trd, 430994.017, 112
Trd, 430994.817, 89
Trd, 430994.900, 107
Trd, 430995.200, 85
Trd, 430996.400, 105
Trd, 430996.617, 83
Trd, 430997.267, 101
Trd, 430998.367, 103
Trd, 430998.383, 88
Trd, 430998.767, 107
Trd, 430999.433, 92
Trd, 431002.333, 93
Trd, 431002.517, 101
Trd, 431002.633, 88
Trd, 431002.867, 107
Trd, 431002.917, 111
Trd, 431005.000, 98
Trd, 431006.650, 100
Trd, 431007.617, 109
Trd, 431008.267, 102
Trd, 431009.267, 107
Trd, 431009.300, 112
Trd, 431009.733, 103
Trd, 431011.450, 106
Trd, 431012.717, 107
Trd, 431013.050, 106
Trd, 431013.233, 111
Trd, 431013.283, 101
Trd, 431013.433, 109
Trd, 431014.133, 111
Trd, 431014.517, 92
Trd, 431015.083, 112
Trd, 431015.917, 103
Trd, 431015.950, 101
Trd, 431016.067, 120
Trd, 431016.100, 84
Trd, 431016.167, 82
Trd, 431017.150, 115
Trd, 431019.400, 110
Trd, 431020.250, 101
Trd, 431020.350, 100
Trd, 431021.000, 96
Trd, 431021.417, 100
Trd, 431022.000, 102
Trd, 431022.967, 106
Trd, 431023.800, 107
Trd, 431024.133, 101
Trd, 431026.817, 103
Trd, 431027.383, 102
Trd, 431027.817, 104
Trd, 431028.500, 103
Trd, 431028.833, 105
Trd, 431029.767, 93
Trd, 431030.050, 105
Trd, 431030.817, 106
Trd, 431030.917, 82
Trd, 431031.717, 104
Trd, 431033.650, 108
Trd, 431034.183, 102
Trd, 431035.200, 109
Trd, 431035.217, 106
Trd, 431035.517, 112
Trd, 431036.083, 105
Trd, 431037.283, 104
Trd, 431038.300, 113
Trd, 431038.650, 116
Trd, 431039.550, 101
Trd, 431040.067, 104
Trd, 431041.217, 95
Trd, 431041.950, 110
Trd, 431042.100, 108
Trd, 431042.667, 97
Trd, 431043.150, 109
Trd, 431043.233, 112
Trd, 431044.133, 105
Trd, 431044.867, 104
Trd, 431045.283, 104
Trd, 431047.167, 108
Trd, 431047.783, 107
Trd, 431048.717, 113
Trd, 431050.133, 116
Trd, 431050.367, 117
Trd, 431050.533, 108
Trd, 431050.667, 101
Trd, 431050.833, 98
Trd, 431050.933, 93
Trd, 431052.733, 82
Trd, 431053.983, 116
Trd, 431054.733, 99
Trd, 431054.750, 118
Trd, 431057.533, 113
Trd, 431057.700, 114
Trd, 431058.200, 114
Trd, 431058.583, 106
Trd, 431058.750, 120
Trd, 431060.933, 104
Trd, 431061.217, 103
Trd, 431061.500, 103
Trd, 431061.683, 101
Trd, 431062.050, 93
Trd, 431062.650, 99
Trd, 431063.133, 104
Trd, 431063.500, 111
Trd, 431063.867, 101
Trd, 431064.367, 97
Trd, 431065.467, 96
Trd, 431065.817, 109
Trd, 431066.433, 111
Trd, 431068.067, 86
Trd, 431068.717, 104
Trd, 431069.650, 104
Trd, 431070.867, 104
Trd, 431071.150, 104
Trd, 431071.183, 101
Trd, 431071.367, 93
Trd, 431071.667, 111
Trd, 431073.117, 112
Trd, 431073.533, 108
Trd, 431074.800, 120
Trd, 431075.583, 117
Trd, 431075.667, 122
Trd, 431076.117, 114
Trd, 431076.250, 107
Trd, 431077.167, 109
Trd, 431077.200, 100
Trd, 431078.683, 83
Trd, 431079.450, 91
Trd, 431079.917, 94
Trd, 431080.000, 100
Trd, 431080.800, 117
Trd, 431081.083, 116
Trd, 431082.117, 97
Trd, 431084.150, 97
Trd, 431084.533, 103
Trd, 431085.250, 104
Trd, 431085.517, 104
Trd, 431086.217, 94
Trd, 431086.833, 106
Trd, 431086.883, 93
Trd, 431087.233, 84
Trd, 431087.267, 109
Trd, 431088.383, 104
Trd, 431090.283, 103
Trd, 431091.583, 105
Trd, 431092.533, 106
Trd, 431094.233, 100
Trd, 431094.267, 99
Trd, 431094.383, 105
Trd, 431095.000, 114
Trd, 431095.100, 99
Trd, 431096.067, 105
Trd, 431096.217, 112
Trd, 431097.417, 119
Trd, 431097.900, 112
Trd, 431098.817, 120
Trd, 431099.333, 112
Trd, 431099.517, 103
Trd, 431100.167, 93
Trd, 431100.917, 82
Trd, 431101.800, 113
Trd, 431102.500, 96
Trd, 431102.700, 94
Trd, 431104.250, 98
Trd, 431104.267, 93
Trd, 431104.433, 90
Trd, 431104.783, 82
Trd, 431105.017, 80
Trd, 431107.300, 104
Trd, 431107.450, 92
Trd, 431108.467, 104
Trd, 431109.317, 94
Trd, 431110.850, 103
Trd, 431111.483, 106
Trd, 431111.867, 106
Trd, 431112.200, 97
Trd, 431112.833, 112
Trd, 431112.967, 118
Trd, 431113.100, 98
Trd, 431113.267, 122
Trd, 431113.450, 104
Trd, 431113.917, 99
Trd, 431115.467, 93
Trd, 431116.233, 108
Trd, 431116.483, 112
Trd, 431117.433, 96
Trd, 431117.600, 114
Trd, 431118.750, 105
Trd, 431119.500, 106
Trd, 431120.250, 105
Trd, 431121.117, 82
Trd, 431121.933, 103
Trd, 431122.133, 93
Trd, 431122.667, 89
Trd, 431124.833, 105
Trd, 431125.983, 105
Trd, 431126.933, 97
Trd, 431127.183, 94
Trd, 431128.050, 106
Trd, 431128.283, 93
Trd, 431128.350, 82
Trd, 431129.350, 83
Trd, 431130.433, 101
Trd, 431131.350, 96
Trd, 431131.717, 102
Trd, 431132.133, 95
Trd, 431132.400, 95
Trd, 431132.800, 104
Trd, 431132.817, 93
Trd, 431133.917, 106
Trd, 431135.817, 107
Trd, 431136.217, 101
Trd, 431136.583, 93
Trd, 431137.167, 104
Trd, 431138.050, 104
Trd, 431138.850, 108
Trd, 431139.000, 112
Trd, 431140.150, 119
Trd, 431140.917, 115
Trd, 431141.067, 105
Trd, 431142.583, 109
Trd, 431142.900, 115
Trd, 431143.833, 109
Trd, 431144.800, 108
Trd, 431145.283, 110
Trd, 431147.083, 106
Trd, 431147.683, 104
Trd, 431148.067, 101
Trd, 431148.083, 98
Trd, 431148.400, 96
Trd, 431149.267, 94
Trd, 431149.633, 103
Trd, 431150.600, 105
Trd, 431151.433, 112
Trd, 431151.450, 104
Trd, 431152.867, 104
Trd, 431153.067, 119
Trd, 431154.083, 91
Trd, 431154.800, 111
Trd, 431154.833, 93
Trd, 431155.100, 110
Trd, 431155.233, 96
Trd, 431157.050, 101
Trd, 431157.300, 95
Trd, 431157.917, 109
Trd, 431158.450, 108
Trd, 431159.367, 108
Trd, 431160.367, 105
Trd, 431161.483, 112
Trd, 431161.733, 104
Trd, 431162.917, 120
Trd, 431163.550, 114
Trd, 431164.067, 101
Trd, 431164.267, 82
Trd, 431165.183, 101
Trd, 431165.533, 99
Trd, 431165.783, 119
Trd, 431166.383, 120
Trd, 431166.450, 93
Trd, 431168.267, 114
Trd, 431169.067, 95
Trd, 431170.067, 95
Trd, 431170.183, 101
Trd, 431171.400, 94
Trd, 431171.467, 93
Trd, 431171.783, 104
Trd, 431174.033, 85
Trd, 431174.133, 92
Trd, 431174.217, 98
Trd, 431175.233, 94
Trd, 431175.950, 102
Trd, 431176.500, 101
Trd, 431176.517, 103
Trd, 431176.633, 100
Trd, 431177.650, 106
Trd, 431177.833, 100
Trd, 431181.050, 107
Trd, 431181.633, 106
Trd, 431182.450, 112
Trd, 431183.000, 104
Trd, 431183.483, 101
Trd, 431183.633, 102
Trd, 431183.683, 93
Trd, 431184.533, 112
Trd, 431184.683, 96
Trd, 431184.967, 82
Trd, 431185.867, 98
Trd, 431187.383, 99
Trd, 431187.633, 100
Trd, 431188.050, 101
Trd, 431188.083, 107
Trd, 431188.850, 101
Trd, 431189.233, 111
Trd, 431189.567, 112
Trd, 431189.683, 98
Trd, 431189.950, 97
Trd, 431190.083, 120
Trd, 431192.100, 98
Trd, 431192.683, 103
Trd, 431192.933, 118
Trd, 431194.300, 93
Trd, 431194.783, 119
Trd, 431195.383, 84
Trd, 431195.450, 101
Trd, 431196.583, 122
Trd, 431197.567, 103
Trd, 431199.400, 115
Trd, 431201.117, 101
Trd, 431201.233, 92
Trd, 431203.567, 106
Trd, 431203.633, 112
Trd, 431203.717, 112
Trd, 431204.033, 101
Trd, 431204.300, 103
Trd, 431205.217, 104
Trd, 431205.450, 104
Trd, 431206.350, 115
Trd, 431208.083, 104
Trd, 431209.100, 105
Trd, 431209.283, 106
Trd, 431209.400, 110
Trd, 431210.000, 104
Trd, 431210.300, 101
Trd, 431210.467, 111
Trd, 431211.983, 112
Trd, 431213.233, 99
Trd, 431213.900, 99
Trd, 431214.183, 93
Trd, 431214.333, 110
Trd, 431215.100, 105
Trd, 431215.150, 91
Trd, 431216.867, 107
Trd, 431216.950, 84
Trd, 431218.250, 82
Trd, 431219.017, 109
Trd, 431219.100, 114
Trd, 431220.050, 88
Trd, 431220.083, 87
Trd, 431220.117, 76
Trd, 431221.183, 110
Trd, 431221.933, 104
Trd, 431222.917, 105
Trd, 431222.967, 99
Trd, 431224.067, 104
Trd, 431224.333, 111
Trd, 431224.433, 112
Trd, 431225.117, 94
Trd, 431225.283, 115
Trd, 431225.500, 93
Trd, 431227.283, 102
Trd, 431228.233, 108
Trd, 431229.833, 103
Trd, 431229.867, 102
Trd, 431230.783, 98
Trd, 431232.233, 94
Trd, 431232.317, 93
Trd, 431232.933, 98
Trd, 431234.100, 104
Trd, 431234.383, 110
Trd, 431234.433, 82
Trd, 431234.800, 112
Trd, 431235.600, 114
Trd, 431237.483, 104
Trd, 431237.600, 99
Trd, 431238.367, 97
Trd, 431240.250, 109
Trd, 431240.750, 112
Trd, 431241.333, 110
Trd, 431241.667, 111
Trd, 431242.017, 112
Trd, 431242.167, 115
Trd, 431242.600, 109
Trd, 431243.117, 118
Trd, 431244.133, 106
Trd, 431244.150, 122
Trd, 431244.683, 121
Trd, 431245.017, 120
Trd, 431245.133, 121
Trd, 431246.400, 93
Trd, 431246.533, 103
Trd, 431246.550, 82
Trd, 431246.783, 112
Trd, 431247.083, 76
Trd, 431249.650, 92
Trd, 431249.700, 81
Trd, 431253.200, 102
Trd, 431253.417, 104
Trd, 431253.733, 106
Trd, 431255.067, 104
Trd, 431255.233, 104
Trd, 431255.467, 117
Trd, 431255.850, 103
Trd, 431256.067, 117
Trd, 431256.200, 104
Trd, 431256.850, 119
Trd, 431259.067, 106
Trd, 431260.450, 94
Trd, 431260.917, 93
Trd, 431261.267, 104
Trd, 431261.450, 97
Trd, 431263.300, 104
Trd, 431264.300, 105
Trd, 431264.883, 104
Trd, 431264.983, 106
Trd, 431266.933, 104
Trd, 431267.267, 99
Trd, 431268.183, 97
Trd, 431269.600, 95
Trd, 431270.217, 112
Trd, 431271.383, 119
Trd, 431271.683, 119
Trd, 431272.317, 107
Trd, 431273.433, 106
Trd, 431273.567, 102
Trd, 431273.667, 101
Trd, 431274.633, 100
Trd, 431275.333, 113
Trd, 431275.583, 101
Trd, 431275.633, 101
Trd, 431276.467, 101
Trd, 431276.617, 112
Trd, 431277.583, 94
Trd, 431278.733, 104
Trd, 431278.750, 110
Trd, 431278.800, 100
Trd, 431279.500, 111
Trd, 431279.967, 98
Trd, 431280.433, 115
Trd, 431281.200, 117
Trd, 431281.317, 104
Trd, 431282.017, 93
Trd, 431284.200, 101
Trd, 431285.383, 101
Trd, 431285.617, 100
Trd, 431285.800, 93
Trd, 431288.550, 97
Trd, 431288.867, 103
Trd, 431289.833, 87
Trd, 431290.217, 104
Trd, 431290.317, 86
Trd, 431292.200, 106
Trd, 431292.733, 88
Trd, 431293.067, 111
Trd, 431294.033, 101
Trd, 431294.167, 117
Trd, 431294.767, 122
Trd, 431295.650, 96
Trd, 431295.833, 127
Trd, 431296.683, 100
Trd, 431296.833, 102
Trd, 431296.933, 97
Trd, 431298.167, 104
Trd, 431298.900, 103
Trd, 431299.733, 117
Trd, 431302.367, 109
Trd, 431302.533, 114
Trd, 431302.617, 109
Trd, 431303.167, 106
Trd, 431303.533, 114
Trd, 431304.517, 101
Trd, 431304.583, 101
Trd, 431304.600, 93
Trd, 431306.100, 103
Trd, 431306.167, 101
Trd, 431306.900, 103
Trd, 431308.500, 106
Trd, 431309.383, 94
Trd, 431309.567, 113
Trd, 431310.033, 113
Trd, 431310.500, 93
Trd, 431310.517, 82
Trd, 431311.500, 113
Trd, 431313.383, 104
Trd, 431313.533, 104
Trd, 431314.483, 95
Trd, 431315.183, 81
Trd, 431315.467, 80
Trd, 431315.700, 110
Trd, 431316.183, 83
Trd, 431316.367, 86
Trd, 431316.383, 104
Trd, 431317.067, 91
Trd, 431318.033, 110
Trd, 431319.783, 95
Trd, 431319.917, 92
Trd, 431320.700, 91
Trd, 431321.183, 90
Trd, 431322.117, 105
Trd, 431323.317, 97
Trd, 431325.433, 104
Trd, 431325.933, 103
Trd, 431325.967, 101
Trd, 431326.550, 102
Trd, 431326.817, 105
Trd, 431327.200, 106
Trd, 431329.150, 109
Trd, 431329.467, 112
Trd, 431330.250, 104
Trd, 431330.583, 103
Trd, 431333.150, 104
Trd, 431334.033, 102
Trd, 431334.183, 104
Trd, 431334.467, 105
Trd, 431335.033, 98
Trd, 431335.733, 99
Trd, 431336.600, 98
Trd, 431336.700, 112
Trd, 431336.850, 93
Trd, 431337.717, 100
Trd, 431338.467, 108
Trd, 431339.567, 111
Trd, 431339.633, 95
Trd, 431340.283, 105
Trd, 431342.333, 96
Trd, 431343.500, 106
Trd, 431344.183, 103
Trd, 431344.567, 110
Trd, 431345.033, 102
Trd, 431345.417, 101
Trd, 431347.667, 105
Trd, 431347.850, 104
Trd, 431348.650, 104
Trd, 431349.417, 101
Trd, 431349.717, 104
Trd, 431349.883, 106
Trd, 431350.617, 94
Trd, 431351.367, 100
Trd, 431352.117, 106
Trd, 431352.767, 95
Trd, 431353.250, 109
Trd, 431353.417, 112
Trd, 431354.500, 94
Trd, 431355.517, 92
Trd, 431355.567, 104
Trd, 431357.633, 104
Trd, 431358.317, 113
Trd, 431359.267, 91
Trd, 431359.700, 105
Trd, 431359.900, 91
Trd, 431360.867, 96
Trd, 431361.100, 104
Trd, 431361.667, 97
Trd, 431362.317, 97
Trd, 431362.733, 96
Trd, 431362.833, 96
Trd, 431363.783, 121
Trd, 431364.050, 111
Trd, 431365.500, 120
Trd, 431366.100, 120
Trd, 431366.333, 114
Trd, 431366.450, 112
Trd, 431366.867, 93
Trd, 431367.217, 121
Trd, 431368.100, 115
Trd, 431368.733, 106
Trd, 431369.583, 105
Trd, 431369.783, 100
Trd, 431370.450, 100
Trd, 431370.617, 109
Trd, 431370.667, 99
Trd, 431371.033, 93
Trd, 431371.767, 92
Trd, 431371.833, 83
Trd, 431373.033, 112
Trd, 431375.867, 101
Trd, 431376.033, 105
Trd, 431378.367, 92
Trd, 431378.567, 87
Trd, 431378.950, 86
Trd, 431379.933, 104
Trd, 431380.133, 82
Trd, 431380.717, 106
Trd, 431382.033, 110
Trd, 431384.000, 93
Trd, 431384.133, 111
Trd, 431384.850, 101
Trd, 431384.950, 93
Trd, 431385.217, 83
Trd, 431385.283, 104
Trd, 431385.917, 101
Trd, 431386.433, 101
Trd, 431386.650, 93
Trd, 431387.817, 101
Trd, 431387.967, 109
Trd, 431388.317, 112
Trd, 431389.000, 82
Trd, 431389.050, 79
Trd, 431389.083, 76
Trd, 431390.167, 112
Trd, 431391.017, 109
Trd, 431391.033, 108
Trd, 431391.883, 102
Trd, 431392.117, 101
Trd, 431392.650, 94
Trd, 431392.950, 115
Trd, 431394.233, 104
Trd, 431395.183, 118
Trd, 431396.550, 100
Trd, 431396.583, 98
Trd, 431396.817, 116
Trd, 431397.517, 94
Trd, 431399.217, 102
Trd, 431399.767, 102
Trd, 431400.750, 104
Trd, 431401.217, 96
Trd, 431402.083, 103
Trd, 431402.367, 109
Trd, 431402.683, 98
Trd, 431403.083, 94
Trd, 431404.067, 109
Trd, 431405.283, 104
Trd, 431406.800, 102
Trd, 431406.950, 101
Trd, 431407.300, 95
Trd, 431408.083, 104
Trd, 431408.217, 118
Trd, 431411.800, 119
Trd, 431412.300, 120
Trd, 431412.883, 125
Trd, 431412.900, 120
Trd, 431413.617, 117
Trd, 431413.783, 118
Trd, 431414.117, 112
Trd, 431416.767, 104
Trd, 431417.367, 110
Trd, 431417.683, 104
Trd, 431417.767, 101
Trd, 431418.117, 110
Trd, 431418.400, 96
Trd, 431419.250, 93
Trd, 431420.783, 105
Trd, 431420.833, 97
Trd, 431421.150, 106
Trd, 431423.150, 101
Trd, 431424.167, 103
Trd, 431424.633, 101
Trd, 431425.000, 111
Trd, 431425.367, 112
Trd, 431425.900, 99
Trd, 431426.050, 98
Trd, 431426.383, 115
Trd, 431427.050, 112
Trd, 431427.267, 93
Trd, 431427.583, 121
Trd, 431427.950, 93
Trd, 431428.467, 103
Trd, 431429.433, 104
Trd, 431429.633, 119
Trd, 431430.083, 105
Trd, 431430.267, 104
Trd, 431431.517, 99
Trd, 431431.650, 98
Trd, 431434.067, 97
Trd, 431435.083, 101
Trd, 431435.117, 106
Trd, 431436.283, 102
Trd, 431437.300, 107
Trd, 431437.700, 110
Trd, 431437.717, 100
Trd, 431438.250, 100
Trd, 431438.733, 98
Trd, 431439.250, 105
Trd, 431439.300, 102
Trd, 431439.383, 106
Trd, 431441.033, 92
Trd, 431441.817, 105
Trd, 431442.517, 95
Trd, 431442.550, 94
Trd, 431443.067, 107
Trd, 431444.517, 106
Trd, 431446.283, 98
Trd, 431446.600, 105
Trd, 431446.633, 111
Trd, 431447.167, 93
Trd, 431447.683, 87
Trd, 431447.883, 82
Trd, 431449.433, 103
Trd, 431449.917, 104
Trd, 431450.117, 106
Trd, 431450.933, 99
Trd, 431451.750, 104
Trd, 431452.617, 112
Trd, 431453.017, 101
Trd, 431453.767, 102
Trd, 431453.867, 95
Trd, 431455.850, 101
Trd, 431456.133, 109
Trd, 431456.850, 94
Trd, 431457.183, 102
Trd, 431457.650, 115
Trd, 431458.867, 99
Trd, 431461.283, 100
Trd, 431463.917, 111
Trd, 431464.000, 105
Trd, 431464.083, 92
Trd, 431464.100, 91
Trd, 431464.833, 104
Trd, 431465.450, 101
Trd, 431465.900, 111
Trd, 431466.150, 108
Trd, 431466.233, 101
Trd, 431467.850, 101
Trd, 431468.117, 106
Trd, 431469.083, 103
Trd, 431470.033, 106
Trd, 431471.017, 105
Trd, 431471.200, 104
Trd, 431471.267, 104
Trd, 431471.433, 101
Trd, 431473.400, 108
Trd, 431473.900, 112
Trd, 431474.533, 112
Trd, 431474.667, 115
Trd, 431475.250, 93
Trd, 431476.200, 105
Trd, 431476.350, 112
Trd, 431477.050, 116
Trd, 431477.183, 92
Trd, 431477.467, 111
Trd, 431477.700, 82
Trd, 431478.967, 93
Trd, 431479.200, 111
Trd, 431481.117, 114
Trd, 431481.133, 108
Trd, 431482.100, 114
Trd, 431482.733, 115
Trd, 431484.333, 95
Trd, 431484.383, 94
Trd, 431485.417, 96
Trd, 431485.867, 92
Trd, 431486.367, 93
Trd, 431486.850, 101
Trd, 431488.367, 101
Trd, 431488.533, 103
Trd, 431489.517, 104
Trd, 431489.800, 106
Trd, 431489.917, 105
Trd, 431490.017, 101
Trd, 431490.617, 100
Trd, 431490.667, 112
Trd, 431491.050, 92
Trd, 431493.167, 98
Trd, 431494.467, 101
Trd, 431494.783, 98
Trd, 431495.883, 96
Trd, 431496.167, 96
Trd, 431496.250, 82
Trd, 431498.150, 106
Trd, 431498.767, 90
Trd, 431499.250, 78
Trd, 431500.300, 109
Trd, 431502.183, 108
Trd, 431502.333, 109
Trd, 431503.767, 108
Trd, 431504.450, 107
Trd, 431504.617, 112
Trd, 431504.983, 106
Trd, 431505.700, 112
Trd, 431506.317, 106
Trd, 431506.933, 107
Trd, 431507.700, 104
Trd, 431509.683, 110
Trd, 431510.600, 105
Trd, 431510.950, 108
Trd, 431511.717, 103
Trd, 431512.950, 105
Trd, 431513.267, 105
Trd, 431513.583, 116
Trd, 431513.783, 103
Trd, 431514.267, 111
Trd, 431514.967, 107
Trd, 431515.017, 83
Trd, 431515.750, 93
Trd, 431515.817, 110
Trd, 431516.050, 111
Trd, 431516.950, 84
Trd, 431518.067, 102
Trd, 431518.900, 87
Trd, 431520.950, 98
Trd, 431520.983, 103
Trd, 431521.117, 104
Trd, 431521.183, 105
Trd, 431521.650, 91
Trd, 431522.650, 101
Trd, 431522.750, 106
Trd, 431523.767, 96
Trd, 431525.117, 97
Trd, 431526.100, 108
Trd, 431526.150, 112
Trd, 431526.617, 103
Trd, 431527.583, 101
Trd, 431528.067, 101
Trd, 431528.783, 102
Trd, 431530.133, 104
Trd, 431530.217, 109
Trd, 431531.800, 102
Trd, 431534.400, 113
Trd, 431534.717, 112
Trd, 431534.917, 113
Trd, 431535.017, 105
Trd, 431535.650, 104
Trd, 431536.250, 96
Trd, 431537.100, 112
Trd, 431537.283, 93
Trd, 431537.783, 88
Trd, 431538.350, 83
Trd, 431539.217, 106
Trd, 431539.383, 112
Trd, 431540.050, 106
Trd, 431540.267, 105
Trd, 431541.067, 92
Trd, 431542.317, 116
Trd, 431543.133, 106
Trd, 431544.850, 111
Trd, 431545.267, 101
Trd, 431547.033, 109
Trd, 431548.000, 104
Trd, 431548.150, 111
Trd, 431549.383, 95
Trd, 431549.700, 93
Trd, 431550.950, 106
Trd, 431550.967, 79
Trd, 431552.950, 95
Trd, 431553.283, 104
Trd, 431553.600, 112
Trd, 431554.067, 98
Trd, 431554.850, 100
Trd, 431556.817, 104
Trd, 431556.833, 103
Trd, 431557.200, 110
Trd, 431557.317, 100
Trd, 431558.183, 110
Trd, 431558.417, 113
Trd, 431560.183, 108
Trd, 431560.283, 106
Trd, 431560.517, 93
Trd, 431561.833, 98
Trd, 431561.950, 82
Trd, 431562.467, 99
Trd, 431563.083, 105
Trd, 431564.617, 108
Trd, 431565.583, 109
Trd, 431566.867, 112
Trd, 431568.617, 106
Trd, 431568.717, 116
Trd, 431569.400, 103
Trd, 431570.567, 103
Trd, 431570.700, 101
Trd, 431570.917, 93
Trd, 431571.500, 109
Trd, 431572.667, 123
Trd, 431573.583, 110
Trd, 431574.467, 111
Trd, 431575.033, 105
Trd, 431575.600, 104
Trd, 431576.317, 111
Trd, 431577.067, 107
Trd, 431577.100, 106
Trd, 431578.050, 101
Trd, 431578.117, 87
Trd, 431578.183, 103
Trd, 431580.917, 103
Trd, 431580.967, 104
Trd, 431581.033, 93
Trd, 431581.917, 116
Trd, 431582.133, 104
Trd, 431582.467, 103
Trd, 431583.900, 103
Trd, 431584.350, 111
Trd, 431584.733, 101
Trd, 431586.083, 112
Trd, 431586.383, 91
Trd, 431586.450, 97
Trd, 431586.750, 103
Trd, 431587.250, 118
Trd, 431587.750, 106
Trd, 431588.550, 105
Trd, 431590.817, 108
Trd, 431591.167, 106
Trd, 431592.967, 109
Trd, 431593.317, 100
Trd, 431594.000, 109
Trd, 431595.533, 95
Trd, 431596.167, 94
Trd, 431596.217, 110
Trd, 431597.017, 94
Trd, 431597.450, 107
Trd, 431597.567, 91
Trd, 431598.350, 112
Trd, 431598.600, 105
Trd, 431599.017, 103
Trd, 431599.550, 110
Trd, 431599.683, 102
Trd, 431599.767, 111
Trd, 431600.617, 101
Trd, 431601.483, 117
Trd, 431603.233, 112
Trd, 431603.367, 110
Trd, 431604.067, 109
Trd, 431605.183, 106
Trd, 431606.917, 105
Trd, 431607.117, 104
Trd, 431607.483, 109
Trd, 431607.550, 99
Trd, 431607.917, 99
Trd, 431608.233, 96
Trd, 431608.750, 82
Trd, 431609.783, 102
Trd, 431609.867, 104
Trd, 431612.500, 110
Trd, 431613.350, 109
Trd, 431614.617, 105
Trd, 431615.417, 111
Trd, 431615.850, 112
Trd, 431616.050, 108
Trd, 431616.883, 101
Trd, 431617.083, 102
Trd, 431617.400, 115
Trd, 431618.433, 103
Trd, 431620.000, 114
Trd, 431620.133, 109
Trd, 431621.033, 108
Trd, 431621.533, 114
Trd, 431623.133, 114
Trd, 431624.050, 105
Trd, 431624.450, 104
Trd, 431624.900, 103
Trd, 431627.467, 104
Trd, 431627.850, 101
Trd, 431628.633, 93
Trd, 431630.017, 96
Trd, 431630.367, 105
Trd, 431630.500, 95
Trd, 431631.150, 106
Trd, 431632.217, 89
Trd, 431632.233, 93
Trd, 431632.267, 82
Trd, 431632.617, 99
Trd, 431633.200, 112
Trd, 431633.733, 117
Trd, 431634.483, 98
Trd, 431636.883, 100
Trd, 431637.517, 101
Trd, 431638.333, 105
Trd, 431638.633, 101
Trd, 431638.833, 106
Trd, 431638.850, 91
Trd, 431639.267, 112
Trd, 431640.017, 82
Trd, 431640.350, 79
Trd, 431640.933, 101
Trd, 431641.500, 112
Trd, 431642.117, 82
Trd, 431644.667, 110
Trd, 431644.900, 111
Trd, 431645.500, 109
Trd, 431646.017, 108
Trd, 431646.750, 104
Trd, 431648.567, 96
Trd, 431648.633, 87
Trd, 431649.233, 96
Trd, 431649.267, 91
Trd, 431649.767, 104
Trd, 431649.883, 105
Trd, 431650.167, 112
Trd, 431650.350, 103
Trd, 431654.133, 105
Trd, 431655.217, 116
Trd, 431655.817, 104
Trd, 431656.283, 108
Trd, 431657.300, 115
Trd, 431657.667, 105
Trd, 431658.967, 101
Trd, 431660.267, 112
Trd, 431660.583, 111
Trd, 431661.150, 108
Trd, 431662.383, 112
Trd, 431663.050, 107
Trd, 431663.817, 111
Trd, 431664.550, 110
Trd, 431666.150, 103
Trd, 431666.383, 109
Trd, 431666.717, 101
Trd, 431666.833, 109
Trd, 431667.083, 93
Trd, 431667.133, 97
Trd, 431667.783, 95
Trd, 431668.250, 116
Trd, 431668.800, 111
Trd, 431668.883, 102
Trd, 431669.500, 95
Trd, 431670.833, 83
Trd, 431670.967, 101
Trd, 431671.333, 104
Trd, 431671.367, 116
Trd, 431672.983, 104
Trd, 431673.733, 104
Trd, 431673.900, 108
Trd, 431676.117, 104
Trd, 431676.167, 115
Trd, 431677.500, 101
Trd, 431677.850, 113
Trd, 431679.583, 100
Trd, 431679.600, 96
Trd, 431679.783, 95
Trd, 431680.017, 103
Trd, 431680.200, 93
Trd, 431681.333, 108
Trd, 431681.533, 92
Trd, 431682.200, 85
Trd, 431684.150, 97
Trd, 431684.300, 85
Trd, 431684.967, 107
Trd, 431685.600, 108
Trd, 431685.717, 114
Trd, 431686.500, 118
Trd, 431686.900, 110
Trd, 431688.633, 111
Trd, 431689.067, 112
Trd, 431689.317, 110
Trd, 431689.933, 109
Trd, 431691.200, 85
Trd, 431692.350, 103
Trd, 431692.767, 97
Trd, 431693.117, 96
Trd, 431693.467, 82
Trd, 431693.883, 106
Trd, 431693.917, 80
Trd, 431694.283, 79
Trd, 431694.750, 110
Trd, 431694.917, 112
Trd, 431695.767, 92
Trd, 431696.367, 102
Trd, 431698.633, 95
Trd, 431698.900, 92
Trd, 431699.167, 83
Trd, 431699.300, 117
Trd, 431699.483, 83
Trd, 431701.250, 108
Trd, 431702.117, 98
Trd, 431702.333, 111
Trd, 431702.567, 109
Trd, 431704.117, 102
Trd, 431704.600, 116
Trd, 431704.783, 120
Trd, 431705.750, 120
Trd, 431707.617, 119
Trd, 431707.967, 120
Trd, 431708.067, 106
Trd, 431708.783, 106
Trd, 431710.283, 105
Trd, 431710.317, 105
Trd, 431710.733, 126
Trd, 431713.050, 108
Trd, 431713.083, 104
Trd, 431713.250, 104
Trd, 431713.783, 116
Trd, 431713.967, 116
Trd, 431715.667, 104
Trd, 431716.350, 101
Trd, 431717.450, 94
Trd, 431717.667, 106
Trd, 431718.367, 113
Trd, 431719.050, 109
Trd, 431719.250, 108
Trd, 431719.467, 107
Trd, 431719.617, 106
Trd, 431719.700, 99
Trd, 431719.917, 94
Trd, 431721.467, 93
Trd, 431724.483, 103
Trd, 431724.533, 102
Trd, 431724.717, 101
Trd, 431725.950, 103
Trd, 431726.117, 105
Trd, 431726.250, 106
Trd, 431727.133, 101
Trd, 431727.300, 110
Trd, 431727.667, 104
Trd, 431728.350, 112
Trd, 431729.167, 120
Trd, 431730.200, 107
Trd, 431731.550, 107
Trd, 431731.600, 120
Trd, 431731.650, 104
Trd, 431732.333, 109
Trd, 431733.183, 101
Trd, 431735.450, 100
Trd, 431735.483, 99
Trd, 431735.883, 93
Trd, 431736.117, 110
Trd, 431738.467, 112
Trd, 431738.500, 109
Trd, 431738.850, 112
Trd, 431738.933, 104
Trd, 431739.000, 92
Trd, 431739.400, 87
Trd, 431739.450, 82
Trd, 431739.867, 112
Trd, 431741.000, 98
Trd, 431741.400, 101
Trd, 431743.167, 102
Trd, 431743.667, 101
Trd, 431744.033, 102
Trd, 431744.783, 113
Trd, 431746.950, 109
Trd, 431747.683, 106
Trd, 431748.500, 105
Trd, 431749.483, 108
Trd, 431749.583, 101
Trd, 431751.200, 110
Trd, 431751.433, 101
Trd, 431751.633, 98
Trd, 431751.783, 115
Trd, 431751.850, 116
Trd, 431752.883, 93
Trd, 431753.550, 98
Trd, 431753.967, 109
Trd, 431755.450, 113
Trd, 431756.417, 110
Trd, 431756.500, 109
Trd, 431757.033, 105
Trd, 431757.417, 105
Trd, 431758.217, 108
Trd, 431759.117, 103
Trd, 431759.500, 102
Trd, 431761.017, 103
Trd, 431762.050, 105
Trd, 431762.417, 106
Trd, 431762.800, 105
Trd, 431763.400, 112
Trd, 431765.000, 115
Trd, 431765.550, 104
Trd, 431766.133, 101
Trd, 431766.283, 98
Trd, 431766.650, 93
Trd, 431766.683, 109
Trd, 431768.317, 102
Trd, 431768.383, 112
Trd, 431769.117, 102
Trd, 431769.300, 101
Trd, 431770.000, 120
Trd, 431770.350, 85
Trd, 431770.500, 95
Trd, 431771.433, 95
Trd, 431771.667, 115
Trd, 431773.417, 88
Trd, 431774.333, 86
Trd, 431774.750, 97
Trd, 431775.433, 94
Trd, 431776.550, 103
Trd, 431777.467, 104
Trd, 431777.850, 98
Trd, 431778.317, 106
Trd, 431778.617, 107
Trd, 431779.250, 93
Trd, 431780.133, 112
Trd, 431783.033, 97
Trd, 431783.983, 94
Trd, 431784.000, 95
Trd, 431784.033, 106
Trd, 431784.117, 93
Trd, 431784.883, 106
Trd, 431785.183, 114
Trd, 431785.483, 101
Trd, 431786.500, 102
Trd, 431786.783, 98
Trd, 431787.483, 105
Trd, 431787.567, 98
Trd, 431787.650, 98
Trd, 431787.700, 97
Trd, 431787.967, 94
Trd, 431789.983, 106
Trd, 431791.600, 97
Trd, 431794.450, 102
Trd, 431794.967, 97
Trd, 431795.417, 100
Trd, 431795.483, 99
Trd, 431795.500, 104
Trd, 431795.533, 110
Trd, 431795.567, 113
Trd, 431795.967, 103
Trd, 431796.817, 110
Trd, 431797.483, 104
Trd, 431797.667, 100
Trd, 431798.883, 98
Trd, 431799.017, 93
Trd, 431800.067, 101
Trd, 431800.550, 94
Trd, 431800.917, 111
Trd, 431802.417, 112
Trd, 431802.550, 110
Trd, 431803.583, 108
Trd, 431804.083, 105
Trd, 431804.300, 114
Trd, 431806.483, 111
Trd, 431806.533, 104
Trd, 431806.583, 101
Trd, 431806.867, 115
Trd, 431807.483, 98
Trd, 431808.283, 94
Trd, 431808.667, 97
Trd, 431808.817, 120
Trd, 431810.033, 110
Trd, 431811.117, 105
Trd, 431811.667, 98
Trd, 431812.067, 118
Trd, 431813.117, 101
Trd, 431813.800, 101
Trd, 431815.100, 107
Trd, 431816.333, 105
Trd, 431816.617, 106
Trd, 431817.433, 108
Trd, 431817.617, 112
Trd, 431818.483, 107
Trd, 431818.733, 116
Trd, 431819.183, 120
Trd, 431819.383, 104
Trd, 431819.533, 99
Trd, 431821.317, 123
Trd, 431821.850, 121
Trd, 431821.933, 120
Trd, 431822.250, 117
Trd, 431822.267, 104
Trd, 431822.583, 110
Trd, 431824.167, 103
Trd, 431824.733, 106
Trd, 431825.100, 101
Trd, 431826.650, 99
Trd, 431829.217, 105
Trd, 431829.467, 110
Trd, 431829.917, 95
Trd, 431830.167, 119
Trd, 431830.233, 94
Trd, 431830.350, 93
Trd, 431832.817, 104
Trd, 431833.133, 112
Trd, 431833.850, 93
Trd, 431836.150, 107
Trd, 431836.250, 101
Trd, 431837.450, 106
Trd, 431838.567, 105
Trd, 431839.433, 112
Trd, 431839.617, 113
Trd, 431840.433, 105
Trd, 431840.683, 112
Trd, 431841.067, 119
Trd, 431841.533, 104
Trd, 431842.100, 101
Trd, 431842.150, 89
Trd, 431842.767, 108
Trd, 431843.100, 106
Trd, 431843.550, 87
Trd, 431843.667, 82
Trd, 431844.650, 119
Trd, 431844.783, 96
Trd, 431845.517, 96
Trd, 431847.300, 96
Trd, 431848.100, 95
Trd, 431848.350, 93
Trd, 431848.383, 82
Trd, 431849.917, 108
Trd, 431850.467, 112
Trd, 431850.933, 104
Trd, 431851.267, 101
Trd, 431853.967, 101
Trd, 431854.300, 108
Trd, 431854.767, 100
Trd, 431855.250, 110
Trd, 431855.800, 97
Trd, 431855.850, 95
Trd, 431855.950, 114
Trd, 431856.483, 95
Trd, 431857.583, 96
Trd, 431858.083, 95
Trd, 431858.300, 90
Trd, 431858.317, 84
Trd, 431858.567, 82
Trd, 431860.183, 93
Trd, 431861.700, 99
Trd, 431861.950, 101
Trd, 431863.733, 102
Trd, 431863.917, 104
Trd, 431864.017, 105
Trd, 431865.333, 106
Trd, 431866.250, 112
Trd, 431866.400, 115
Trd, 431866.483, 111
Trd, 431866.700, 109
Trd, 431867.283, 107
Trd, 431867.617, 104
Trd, 431868.083, 89
Trd, 431868.217, 116
Trd, 431869.100, 116
Trd, 431871.133, 112
Trd, 431871.367, 104
Trd, 431872.250, 101
Trd, 431872.267, 112
Trd, 431873.967, 102
Trd, 431876.650, 101
Trd, 431876.867, 100
Trd, 431877.050, 103
Trd, 431877.600, 104
Trd, 431878.133, 95
Trd, 431878.533, 101
Trd, 431880.750, 107
Trd, 431881.067, 106
Trd, 431881.650, 109
Trd, 431881.800, 112
Trd, 431881.817, 104
Trd, 431882.033, 113
Trd, 431882.467, 98
Trd, 431882.650, 96
Trd, 431884.833, 93
Trd, 431886.700, 109
Trd, 431886.717, 111
Trd, 431887.583, 106
Trd, 431888.617, 100
Trd, 431888.667, 102
Trd, 431888.933, 98
Trd, 431889.283, 94
Trd, 431890.083, 108
Trd, 431892.883, 109
Trd, 431893.033, 108
Trd, 431893.383, 108
Trd, 431893.817, 115
Trd, 431894.017, 108
Trd, 431894.300, 97
Trd, 431894.467, 93
Trd, 431894.917, 108
Trd, 431895.733, 99
Trd, 431896.883, 96
Trd, 431897.433, 97
Trd, 431899.217, 93
Trd, 431899.817, 112
Trd, 431900.250, 118
Trd, 431900.400, 96
Trd, 431900.433, 121
Trd, 431900.817, 122
Trd, 431901.033, 120
Trd, 431901.600, 96
Trd, 431903.417, 100
Trd, 431903.517, 93
Trd, 431903.983, 93
Trd, 431904.133, 101
Trd, 431905.917, 107
Trd, 431906.567, 95
Trd, 431906.650, 94
Trd, 431907.317, 111
Trd, 431907.967, 97
Trd, 431908.300, 112
Trd, 431908.633, 85
Trd, 431909.617, 85
Trd, 431910.417, 114
Trd, 431910.500, 85
Trd, 431910.717, 116
Trd, 431910.750, 82
Trd, 431912.283, 80
Trd, 431915.167, 110
Trd, 431915.583, 112
Trd, 431916.000, 103
Trd, 431916.183, 108
Trd, 431916.383, 101
Trd, 431916.683, 116
Trd, 431917.183, 121
Trd, 431918.300, 101
Trd, 431918.650, 102
Trd, 431919.000, 104
Trd, 431920.400, 103
Trd, 431921.850, 102
Trd, 431922.200, 113
Trd, 431922.850, 106
Trd, 431923.217, 118
Trd, 431923.533, 93
Trd, 431924.300, 106
Trd, 431925.333, 112
Trd, 431927.033, 103
Trd, 431927.650, 110
Trd, 431927.783, 94
Trd, 431927.833, 93
Trd, 431928.050, 87
Trd, 431929.083, 103
Trd, 431929.433, 109
Trd, 431929.483, 121
Trd, 431929.633, 123
Trd, 431930.150, 95
Trd, 431932.017, 112
Trd, 431932.633, 105
Trd, 431932.700, 102
Trd, 431934.250, 96
Trd, 431935.567, 101
Trd, 431935.967, 104
Trd, 431937.617, 86
Trd, 431938.917, 101
Trd, 431938.950, 100
Trd, 431938.983, 94
Trd, 431939.383, 104
Trd, 431940.050, 93
Trd, 431940.150, 82
Trd, 431940.167, 79
Trd, 431940.867, 83
Trd, 431942.767, 106
Trd, 431943.333, 108
Trd, 431945.750, 110
Trd, 431946.167, 101
Trd, 431947.350, 109
Trd, 431947.700, 105
Trd, 431947.933, 107
Trd, 431948.367, 93
Trd, 431948.417, 109
Trd, 431948.933, 84
Trd, 431950.300, 104
Trd, 431951.583, 104
Trd, 431952.317, 102
Trd, 431953.000, 82
Trd, 431953.983, 82
Trd, 431954.167, 89
Trd, 431954.183, 90
Trd, 431954.883, 83
Trd, 431955.717, 111
Trd, 431956.283, 96
Trd, 431956.583, 112
Trd, 431957.917, 105
Trd, 431958.417, 100
Trd, 431958.833, 110
Trd, 431958.933, 93
Trd, 431958.983, 112
Trd, 431960.550, 99
Trd, 431962.283, 100
Trd, 431963.000, 104
Trd, 431963.600, 110
Trd, 431964.283, 102
Trd, 431964.333, 101
Trd, 431964.750, 106
Trd, 431965.567, 101
Trd, 431966.283, 109
Trd, 431966.867, 97
Trd, 431966.967, 94
Trd, 431968.383, 97
Trd, 431968.467, 105
Trd, 431968.683, 96
Trd, 431969.417, 97
Trd, 431970.017, 112
Trd, 431970.317, 104
Trd, 431970.717, 115
Trd, 431971.250, 115
Trd, 431972.417, 106
Trd, 431972.450, 105
Trd, 431972.483, 104
Trd, 431973.567, 118
Trd, 431974.717, 101
Trd, 431975.300, 93
Trd, 431977.033, 107
Trd, 431977.783, 112
Trd, 431977.950, 109
Trd, 431978.600, 106
Trd, 431981.600, 103
Trd, 431983.050, 102
Trd, 431983.650, 101
Trd, 431984.783, 97
Trd, 431985.267, 103
Trd, 431985.300, 96
Trd, 431985.883, 104
Trd, 431986.150, 106
Trd, 431987.100, 93
Trd, 431987.217, 86
Trd, 431987.350, 104
Trd, 431987.600, 105
Trd, 431987.767, 112
Trd, 431988.683, 98
Trd, 431988.900, 115
Trd, 431989.733, 104
Trd, 431990.267, 102
Trd, 431990.550, 94
Trd, 431991.083, 118
Trd, 431991.717, 118
Trd, 431993.567, 118
Trd, 431993.667, 95
Trd, 431995.150, 103
Trd, 431997.400, 104
Trd, 431997.417, 103
Trd, 431997.600, 117
Trd, 431998.333, 103
Trd, 431998.900, 104
Trd, 431999.117, 111
Trd, 431999.183, 114
Trd, 431999.483, 106
Trd, 431999.650, 101
