Trd, 430606.633, 112
Trd, 430607.417, 101
Trd, 430609.950, 95
Trd, 430610.167, 116
Trd, 430610.350, 105
Trd, 430611.267, 98
Trd, 430611.750, 88
Trd, 430612.433, 86
Trd, 430612.650, 113
Trd, 430612.733, 118
Trd, 430614.100, 124
Trd, 430614.217, 96
Trd, 430614.250, 90
Trd, 430615.383, 94
Trd, 430616.117, 102
Trd, 430616.433, 107
Trd, 430616.483, 109
Trd, 430616.633, 83
Trd, 430617.600, 92
Trd, 430618.617, 83
Trd, 430620.933, 90
Trd, 430621.133, 108
Trd, 430621.400, 97
Trd, 430622.000, 123
Trd, 430623.717, 118
Trd, 430623.800, 105
Trd, 430625.900, 93
Trd, 430627.017, 84
Trd, 430628.467, 105
Trd, 430628.483, 87
Trd, 430629.767, 125
Trd, 430629.833, 87
Trd, 430630.050, 85
Trd, 430630.700, 95
Trd, 430631.450, 89
Trd, 430631.517, 105
Trd, 430633.017, 103
Trd, 430635.017, 97
Trd, 430635.517, 91
Trd, 430638.067, 99
Trd, 430638.450, 100
Trd, 430639.667, 92
Trd, 430639.717, 99
Trd, 430640.617, 83
Trd, 430640.650, 115
Trd, 430640.833, 80
Trd, 430642.183, 82
Trd, 430643.300, 113
Trd, 430644.367, 103
Trd, 430644.867, 101
Trd, 430645.533, 100
Trd, 430646.900, 89
Trd, 430646.967, 99
Trd, 430647.500, 125
Trd, 430647.667, 93
Trd, 430647.683, 82
Trd, 430649.983, 98
Trd, 430650.700, 98
Trd, 430652.350, 105
Trd, 430652.750, 114
Trd, 430655.417, 106
Trd, 430657.383, 119
Trd, 430657.550, 110
Trd, 430659.133, 101
Trd, 430659.383, 102
Trd, 430659.667, 106
Trd, 430660.717, 96
Trd, 430661.133, 92
Trd, 430663.083, 101
Trd, 430663.717, 95
Trd, 430664.817, 91
Trd, 430666.067, 89
Trd, 430666.167, 93
Trd, 430666.233, 101
Trd, 430667.000, 93
Trd, 430669.817, 94
Trd, 430670.033, 103
Trd, 430670.550, 121
Trd, 430671.300, 100
Trd, 430672.500, 96
Trd, 430673.117, 97
Trd, 430673.267, 98
Trd, 430674.150, 100
Trd, 430674.650, 101
Trd, 430675.250, 90
Trd, 430676.567, 111
Trd, 430676.833, 89
Trd, 430679.383, 117
Trd, 430679.867, 91
Trd, 430680.133, 86
Trd, 430680.933, 112
Trd, 430683.850, 80
Trd, 430684.633, 104
Trd, 430685.000, 100
Trd, 430685.367, 97
Trd, 430685.683, 99
Trd, 430686.800, 109
Trd, 430689.633, 92
Trd, 430690.350, 92
Trd, 430690.617, 91
Trd, 430692.867, 109
Trd, 430692.917, 112
Trd, 430693.217, 117
Trd, 430693.417, 90
Trd, 430694.667, 107
Trd, 430695.350, 108
Trd, 430695.817, 101
Trd, 430696.067, 101
Trd, 430696.800, 93
Trd, 430697.517, 99
Trd, 430698.517, 104
Trd, 430699.283, 93
Trd, 430699.900, 107
Trd, 430700.783, 112
Trd, 430703.283, 106
Trd, 430703.583, 93
Trd, 430703.883, 82
Trd, 430704.217, 94
Trd, 430706.300, 103
Trd, 430707.100, 102
Trd, 430707.667, 108
Trd, 430709.733, 116
Trd, 430710.517, 117
Trd, 430710.933, 101
Trd, 430711.983, 93
Trd, 430712.017, 92
Trd, 430712.800, 101
Trd, 430713.533, 105
Trd, 430715.033, 90
Trd, 430715.967, 112
Trd, 430716.700, 104
Trd, 430717.700, 101
Trd, 430717.950, 128
Trd, 430718.817, 100
Trd, 430719.650, 96
Trd, 430720.200, 101
Trd, 430721.367, 105
Trd, 430721.817, 87
Trd, 430723.267, 94
Trd, 430723.617, 99
Trd, 430723.700, 111
Trd, 430723.967, 92
Trd, 430724.967, 82
Trd, 430726.433, 97
Trd, 430727.133, 95
Trd, 430728.033, 102
Trd, 430729.383, 89
Trd, 430730.633, 103
Trd, 430730.717, 100
Trd, 430731.333, 106
Trd, 430732.200, 107
Trd, 430733.667, 98
Trd, 430733.783, 117
Trd, 430734.633, 93
Trd, 430735.783, 117
Trd, 430736.683, 95
Trd, 430737.517, 102
Trd, 430737.800, 106
Trd, 430737.900, 114
Trd, 430738.267, 94
Trd, 430739.733, 100
Trd, 430739.800, 76
Trd, 430741.067, 88
Trd, 430745.083, 103
Trd, 430745.500, 99
Trd, 430745.850, 88
Trd, 430746.450, 89
Trd, 430746.900, 80
Trd, 430747.700, 95
Trd, 430749.700, 96
Trd, 430750.317, 97
Trd, 430751.233, 114
Trd, 430751.883, 107
Trd, 430753.150, 109
Trd, 430753.750, 102
Trd, 430753.950, 101
Trd, 430755.650, 105
Trd, 430756.533, 122
Trd, 430758.283, 85
Trd, 430758.467, 102
Trd, 430759.667, 108
Trd, 430761.017, 105
Trd, 430761.233, 120
Trd, 430762.000, 104
Trd, 430762.333, 103
Trd, 430762.683, 101
Trd, 430763.017, 112
Trd, 430764.067, 120
Trd, 430764.150, 91
Trd, 430764.667, 100
Trd, 430764.967, 98
Trd, 430765.133, 83
Trd, 430765.583, 106
Trd, 430766.483, 98
Trd, 430767.383, 91
Trd, 430768.083, 84
Trd, 430768.533, 95
Trd, 430769.633, 106
Trd, 430771.300, 109
Trd, 430773.033, 109
Trd, 430773.067, 111
Trd, 430774.767, 101
Trd, 430776.267, 98
Trd, 430776.650, 102
Trd, 430777.983, 100
Trd, 430779.033, 98
Trd, 430781.033, 94
Trd, 430781.967, 95
Trd, 430783.100, 107
Trd, 430783.150, 96
Trd, 430783.917, 105
Trd, 430785.150, 111
Trd, 430786.550, 102
Trd, 430788.583, 112
Trd, 430789.033, 105
Trd, 430789.633, 108
Trd, 430790.917, 101
Trd, 430790.967, 104
Trd, 430791.000, 101
Trd, 430791.500, 90
Trd, 430791.917, 89
Trd, 430792.833, 108
Trd, 430794.233, 96
Trd, 430795.433, 98
Trd, 430797.233, 121
Trd, 430797.900, 97
Trd, 430798.400, 103
Trd, 430798.467, 89
Trd, 430798.717, 121
Trd, 430799.500, 99
Trd, 430799.867, 89
Trd, 430800.983, 86
Trd, 430801.250, 94
Trd, 430801.300, 103
Trd, 430803.250, 86
Trd, 430803.767, 98
Trd, 430805.250, 97
Trd, 430807.133, 101
Trd, 430807.450, 108
Trd, 430807.600, 97
Trd, 430808.433, 96
Trd, 430810.617, 106
Trd, 430811.517, 100
Trd, 430811.983, 100
Trd, 430812.433, 99
Trd, 430813.133, 98
Trd, 430814.417, 93
Trd, 430815.067, 103
Trd, 430815.717, 91
Trd, 430815.933, 89
Trd, 430818.017, 109
Trd, 430818.783, 102
Trd, 430820.017, 107
Trd, 430822.400, 107
Trd, 430823.400, 109
Trd, 430823.650, 102
Trd, 430825.067, 103
Trd, 430826.317, 101
Trd, 430827.167, 98
Trd, 430827.283, 106
Trd, 430827.717, 89
Trd, 430829.917, 100
Trd, 430830.417, 102
Trd, 430830.450, 109
Trd, 430832.967, 102
Trd, 430832.983, 98
Trd, 430833.000, 97
Trd, 430833.550, 124
Trd, 430834.183, 94
Trd, 430835.083, 106
Trd, 430835.233, 109
Trd, 430835.783, 105
Trd, 430837.400, 83
Trd, 430841.150, 98
Trd, 430842.800, 98
Trd, 430842.933, 111
Trd, 430843.117, 95
Trd, 430843.400, 94
Trd, 430843.683, 88
Trd, 430846.133, 107
Trd, 430847.933, 117
Trd, 430848.183, 122
Trd, 430848.883, 103
Trd, 430850.267, 100
Trd, 430850.567, 96
Trd, 430850.783, 98
Trd, 430851.550, 112
Trd, 430851.750, 92
Trd, 430853.367, 106
Trd, 430853.533, 82
Trd, 430855.017, 93
Trd, 430855.117, 96
Trd, 430855.300, 103
Trd, 430855.467, 83
Trd, 430856.433, 85
Trd, 430857.667, 96
Trd, 430858.367, 95
Trd, 430859.367, 89
Trd, 430860.733, 93
Trd, 430861.500, 99
Trd, 430862.617, 95
Trd, 430863.867, 102
Trd, 430864.600, 81
Trd, 430866.100, 79
Trd, 430866.450, 123
Trd, 430867.583, 119
Trd, 430867.817, 115
Trd, 430869.400, 121
Trd, 430871.167, 101
Trd, 430871.817, 115
Trd, 430872.167, 110
Trd, 430873.217, 113
Trd, 430873.833, 108
Trd, 430874.233, 105
Trd, 430875.267, 101
Trd, 430876.383, 97
Trd, 430876.633, 100
Trd, 430879.100, 108
Trd, 430879.600, 104
Trd, 430880.150, 96
Trd, 430880.267, 79
Trd, 430880.550, 118
Trd, 430881.000, 94
Trd, 430882.433, 111
Trd, 430882.583, 120
Trd, 430883.367, 115
Trd, 430883.583, 101
Trd, 430883.700, 96
Trd, 430883.783, 89
Trd, 430884.217, 96
Trd, 430885.300, 99
Trd, 430885.883, 84
Trd, 430887.317, 115
Trd, 430887.550, 99
Trd, 430888.567, 104
Trd, 430888.850, 108
Trd, 430889.983, 119
Trd, 430890.317, 98
Trd, 430893.050, 102
Trd, 430893.550, 95
Trd, 430894.000, 100
Trd, 430894.283, 97
Trd, 430894.350, 94
Trd, 430895.450, 98
Trd, 430895.983, 92
Trd, 430896.950, 99
Trd, 430897.317, 96
Trd, 430897.650, 92
Trd, 430897.967, 106
Trd, 430899.133, 107
Trd, 430900.150, 93
Trd, 430901.017, 124
Trd, 430901.417, 101
Trd, 430906.133, 92
Trd, 430906.483, 93
Trd, 430908.300, 92
Trd, 430909.500, 110
Trd, 430909.817, 107
Trd, 430911.583, 101
Trd, 430911.733, 84
Trd, 430912.117, 82
Trd, 430913.217, 84
Trd, 430913.383, 108
Trd, 430913.567, 111
Trd, 430914.617, 98
Trd, 430915.450, 104
Trd, 430916.450, 108
Trd, 430918.733, 112
Trd, 430918.767, 94
Trd, 430918.950, 93
Trd, 430919.783, 92
Trd, 430919.950, 77
Trd, 430921.900, 102
Trd, 430923.267, 106
Trd, 430924.167, 104
Trd, 430924.933, 91
Trd, 430925.383, 84
Trd, 430925.583, 84
Trd, 430925.933, 87
Trd, 430926.000, 115
Trd, 430926.950, 100
Trd, 430929.000, 104
Trd, 430930.850, 83
Trd, 430931.500, 94
Trd, 430932.383, 110
Trd, 430933.267, 97
Trd, 430933.983, 111
Trd, 430936.167, 113
Trd, 430936.200, 86
Trd, 430936.800, 116
Trd, 430937.683, 92
Trd, 430938.333, 110
Trd, 430938.500, 105
Trd, 430939.200, 83
Trd, 430940.133, 94
Trd, 430943.300, 91
Trd, 430943.383, 104
Trd, 430944.000, 97
Trd, 430944.900, 93
Trd, 430944.967, 105
Trd, 430944.983, 109
Trd, 430945.367, 104
Trd, 430948.417, 99
Trd, 430949.367, 106
Trd, 430949.667, 111
Trd, 430950.267, 93
Trd, 430951.783, 101
Trd, 430952.317, 99
Trd, 430954.550, 102
Trd, 430954.717, 98
Trd, 430955.883, 92
Trd, 430955.900, 89
Trd, 430956.683, 98
Trd, 430956.783, 106
Trd, 430959.983, 106
Trd, 430960.100, 116
Trd, 430960.317, 101
Trd, 430960.367, 90
Trd, 430960.800, 87
Trd, 430962.667, 101
Trd, 430962.950, 86
Trd, 430965.200, 113
Trd, 430966.100, 101
Trd, 430966.550, 108
Trd, 430969.333, 96
Trd, 430970.467, 96
Trd, 430970.633, 95
Trd, 430971.283, 103
Trd, 430973.600, 99
Trd, 430973.617, 104
Trd, 430973.967, 106
Trd, 430974.250, 81
Trd, 430975.550, 89
Trd, 430975.767, 98
Trd, 430975.917, 102
Trd, 430976.817, 94
Trd, 430977.367, 95
Trd, 430977.450, 107
Trd, 430978.050, 115
Trd, 430978.233, 125
Trd, 430980.300, 89
Trd, 430981.233, 89
Trd, 430981.417, 94
Trd, 430982.000, 88
Trd, 430982.950, 77
Trd, 430983.583, 111
Trd, 430984.250, 100
Trd, 430986.567, 101
Trd, 430988.617, 101
Trd, 430988.750, 113
Trd, 430989.450, 84
Trd, 430990.467, 86
Trd, 430990.567, 79
Trd, 430991.283, 94
Trd, 430991.950, 74
Trd, 430993.150, 105
Trd, 430993.200, 99
Trd, 430993.817, 112
Trd, 430995.050, 107
Trd, 430995.867, 103
Trd, 430997.133, 99
Trd, 430997.383, 100
Trd, 430999.250, 106
Trd, 431000.500, 98
Trd, 431000.933, 98
Trd, 431001.033, 113
Trd, 431003.083, 106
Trd, 431003.517, 112
Trd, 431003.850, 100
Trd, 431004.083, 94
Trd, 431005.750, 102
Trd, 431006.400, 99
Trd, 431007.500, 101
Trd, 431007.683, 113
Trd, 431009.033, 107
Trd, 431010.083, 99
Trd, 431010.450, 93
Trd, 431011.867, 88
Trd, 431012.050, 107
Trd, 431012.217, 88
Trd, 431013.100, 87
Trd, 431014.933, 87
Trd, 431015.167, 80
Trd, 431015.467, 102
Trd, 431016.050, 97
Trd, 431017.283, 96
Trd, 431018.150, 92
Trd, 431018.217, 82
Trd, 431018.983, 77
Trd, 431019.883, 93
Trd, 431020.183, 99
Trd, 431021.600, 81
Trd, 431022.967, 97
Trd, 431023.950, 89
Trd, 431024.033, 82
Trd, 431024.967, 104
Trd, 431027.217, 95
Trd, 431027.633, 111
Trd, 431027.833, 112
Trd, 431028.950, 110
Trd, 431029.117, 121
Trd, 431029.183, 105
Trd, 431029.667, 93
Trd, 431030.300, 104
Trd, 431033.083, 107
Trd, 431033.983, 95
Trd, 431034.750, 89
Trd, 431035.000, 87
Trd, 431035.283, 82
Trd, 431036.983, 109
Trd, 431038.533, 116
Trd, 431038.600, 112
Trd, 431040.683, 104
Trd, 431041.667, 109
Trd, 431042.617, 106
Trd, 431043.400, 101
Trd, 431043.733, 102
Trd, 431045.200, 101
Trd, 431045.433, 93
Trd, 431046.000, 106
Trd, 431047.283, 121
Trd, 431048.533, 98
Trd, 431048.783, 90
Trd, 431049.067, 118
Trd, 431050.100, 119
Trd, 431050.483, 112
Trd, 431050.783, 103
Trd, 431052.400, 106
Trd, 431054.000, 110
Trd, 431054.133, 86
Trd, 431054.567, 84
Trd, 431055.600, 94
Trd, 431058.067, 99
Trd, 431058.550, 105
Trd, 431059.450, 88
Trd, 431059.683, 87
Trd, 431060.433, 106
Trd, 431060.783, 93
Trd, 431061.117, 106
Trd, 431061.833, 94
Trd, 431062.683, 98
Trd, 431062.983, 105
Trd, 431063.150, 88
Trd, 431065.350, 99
Trd, 431066.217, 110
Trd, 431066.833, 108
Trd, 431067.850, 107
Trd, 431071.183, 107
Trd, 431071.650, 106
Trd, 431071.750, 101
Trd, 431072.500, 82
Trd, 431073.283, 96
Trd, 431073.350, 108
Trd, 431073.650, 110
Trd, 431074.750, 114
Trd, 431075.083, 82
Trd, 431078.100, 90
Trd, 431078.283, 86
Trd, 431078.683, 82
Trd, 431079.533, 81
Trd, 431080.617, 93
Trd, 431082.117, 103
Trd, 431082.233, 93
Trd, 431083.833, 101
Trd, 431084.817, 106
Trd, 431084.883, 114
Trd, 431086.050, 105
Trd, 431086.133, 90
Trd, 431087.817, 120
Trd, 431087.833, 105
Trd, 431088.033, 121
Trd, 431088.883, 100
Trd, 431089.650, 80
Trd, 431090.750, 80
Trd, 431091.233, 96
Trd, 431092.950, 97
Trd, 431094.133, 94
Trd, 431094.183, 107
Trd, 431094.300, 83
Trd, 431094.800, 113
Trd, 431095.100, 108
Trd, 431095.817, 125
Trd, 431096.667, 94
Trd, 431097.967, 102
Trd, 431100.217, 94
Trd, 431100.233, 101
Trd, 431101.383, 115
Trd, 431101.483, 111
Trd, 431101.533, 106
Trd, 431102.417, 101
Trd, 431103.933, 120
Trd, 431106.817, 75
Trd, 431107.050, 78
Trd, 431107.600, 74
Trd, 431109.433, 82
Trd, 431110.167, 90
Trd, 431110.483, 93
Trd, 431111.817, 92
Trd, 431111.950, 104
Trd, 431112.200, 107
Trd, 431114.250, 94
Trd, 431114.567, 108
Trd, 431115.250, 100
Trd, 431115.367, 97
Trd, 431115.667, 92
Trd, 431116.383, 93
Trd, 431117.500, 98
Trd, 431117.950, 103
Trd, 431119.117, 108
Trd, 431119.517, 116
Trd, 431119.600, 119
Trd, 431120.333, 101
Trd, 431122.383, 101
Trd, 431123.533, 107
Trd, 431124.050, 103
Trd, 431125.017, 76
Trd, 431125.150, 80
Trd, 431126.633, 85
Trd, 431126.733, 93
Trd, 431127.450, 115
Trd, 431127.700, 104
Trd, 431128.050, 104
Trd, 431131.550, 102
Trd, 431131.767, 102
Trd, 431135.217, 103
Trd, 431135.350, 101
Trd, 431135.400, 101
Trd, 431135.550, 98
Trd, 431136.517, 94
Trd, 431136.533, 93
Trd, 431137.450, 105
Trd, 431137.683, 105
Trd, 431138.183, 108
Trd, 431138.650, 94
Trd, 431139.383, 115
Trd, 431141.750, 98
Trd, 431141.867, 97
Trd, 431142.050, 109
Trd, 431142.350, 93
Trd, 431142.417, 102
Trd, 431144.383, 107
Trd, 431146.717, 101
Trd, 431147.150, 93
Trd, 431148.600, 112
Trd, 431148.833, 100
Trd, 431149.267, 102
Trd, 431149.433, 95
Trd, 431150.800, 80
Trd, 431152.383, 97
Trd, 431154.367, 92
Trd, 431154.383, 82
Trd, 431154.650, 109
Trd, 431154.967, 100
Trd, 431155.533, 104
Trd, 431156.567, 94
Trd, 431157.933, 104
Trd, 431158.850, 81
Trd, 431159.650, 110
Trd, 431160.533, 98
Trd, 431160.883, 98
Trd, 431161.950, 115
Trd, 431162.183, 112
Trd, 431162.433, 96
Trd, 431162.850, 110
Trd, 431164.900, 101
Trd, 431165.417, 99
Trd, 431165.933, 106
Trd, 431169.083, 111
Trd, 431169.233, 96
Trd, 431169.250, 114
Trd, 431169.883, 112
Trd, 431170.867, 123
Trd, 431171.183, 101
Trd, 431172.067, 95
Trd, 431172.700, 118
Trd, 431172.883, 103
Trd, 431174.817, 113
Trd, 431175.233, 112
Trd, 431175.517, 108
Trd, 431176.617, 78
Trd, 431177.483, 101
Trd, 431179.317, 98
Trd, 431180.167, 100
Trd, 431180.617, 97
Trd, 431182.833, 103
Trd, 431183.350, 110
Trd, 431184.083, 95
Trd, 431185.000, 94
Trd, 431185.317, 103
Trd, 431186.017, 113
Trd, 431186.867, 104
Trd, 431187.083, 116
Trd, 431187.233, 101
Trd, 431188.900, 91
Trd, 431190.817, 92
Trd, 431191.917, 93
Trd, 431192.083, 100
Trd, 431192.450, 90
Trd, 431193.083, 104
Trd, 431195.033, 97
Trd, 431196.483, 110
Trd, 431197.400, 92
Trd, 431197.750, 96
Trd, 431200.000, 112
Trd, 431200.017, 121
Trd, 431200.283, 123
Trd, 431200.633, 91
Trd, 431200.750, 97
Trd, 431202.250, 102
Trd, 431203.433, 95
Trd, 431204.617, 104
Trd, 431206.567, 94
Trd, 431207.550, 94
Trd, 431209.367, 104
Trd, 431209.633, 95
Trd, 431209.950, 115
Trd, 431211.267, 105
Trd, 431213.833, 103
Trd, 431213.867, 104
Trd, 431214.183, 106
Trd, 431215.267, 101
Trd, 431215.317, 100
Trd, 431216.733, 104
Trd, 431216.833, 100
Trd, 431216.850, 94
Trd, 431217.317, 110
Trd, 431217.650, 108
Trd, 431218.433, 105
Trd, 431218.600, 104
Trd, 431221.433, 94
Trd, 431223.383, 93
Trd, 431223.567, 93
Trd, 431224.433, 102
Trd, 431224.517, 90
Trd, 431225.483, 101
Trd, 431225.633, 86
Trd, 431226.583, 91
Trd, 431227.167, 85
Trd, 431228.667, 105
Trd, 431230.033, 87
Trd, 431230.633, 111
Trd, 431234.017, 105
Trd, 431234.983, 115
Trd, 431235.033, 101
Trd, 431236.717, 117
Trd, 431237.117, 100
Trd, 431238.700, 109
Trd, 431238.917, 108
Trd, 431239.633, 100
Trd, 431240.967, 101
Trd, 431241.133, 107
Trd, 431242.300, 121
Trd, 431243.450, 114
Trd, 431243.967, 98
Trd, 431246.117, 101
Trd, 431246.267, 98
Trd, 431246.633, 92
Trd, 431248.733, 101
Trd, 431249.267, 91
Trd, 431249.600, 107
Trd, 431251.500, 113
Trd, 431252.900, 96
Trd, 431253.250, 83
Trd, 431253.717, 116
Trd, 431253.983, 124
Trd, 431254.167, 120
Trd, 431254.200, 108
Trd, 431255.533, 91
Trd, 431256.983, 110
Trd, 431257.000, 100
Trd, 431258.433, 119
Trd, 431258.767, 100
Trd, 431259.600, 103
Trd, 431262.450, 88
Trd, 431262.467, 108
Trd, 431263.783, 111
Trd, 431263.917, 104
Trd, 431265.250, 91
Trd, 431265.733, 92
Trd, 431265.833, 112
Trd, 431266.683, 98
Trd, 431267.233, 97
Trd, 431268.067, 100
Trd, 431268.917, 95
Trd, 431269.267, 78
Trd, 431269.650, 115
Trd, 431270.517, 118
Trd, 431271.450, 100
Trd, 431273.683, 102
Trd, 431273.883, 112
Trd, 431274.367, 101
Trd, 431274.450, 104
Trd, 431274.850, 88
Trd, 431276.350, 99
Trd, 431276.850, 91
Trd, 431277.350, 88
Trd, 431277.833, 87
Trd, 431278.367, 83
Trd, 431279.933, 109
Trd, 431280.117, 101
Trd, 431280.450, 105
Trd, 431280.750, 103
Trd, 431283.000, 98
Trd, 431283.517, 99
Trd, 431283.667, 88
Trd, 431284.567, 100
Trd, 431285.050, 86
Trd, 431287.467, 92
Trd, 431287.700, 101
Trd, 431288.050, 112
Trd, 431289.383, 88
Trd, 431289.767, 115
Trd, 431291.117, 80
Trd, 431292.400, 98
Trd, 431293.167, 94
Trd, 431293.633, 84
Trd, 431294.333, 89
Trd, 431296.133, 97
Trd, 431298.717, 100
Trd, 431299.733, 103
Trd, 431300.067, 104
Trd, 431300.367, 102
Trd, 431300.400, 105
Trd, 431300.800, 97
Trd, 431300.867, 81
Trd, 431302.367, 91
Trd, 431303.717, 98
Trd, 431304.983, 82
Trd, 431305.183, 102
Trd, 431306.617, 88
Trd, 431306.833, 82
Trd, 431307.233, 112
Trd, 431308.550, 110
Trd, 431310.250, 112
Trd, 431311.317, 107
Trd, 431313.083, 101
Trd, 431313.467, 99
Trd, 431314.350, 96
Trd, 431314.767, 99
Trd, 431315.033, 94
Trd, 431315.833, 114
Trd, 431318.950, 86
Trd, 431319.150, 81
Trd, 431319.417, 95
Trd, 431319.517, 100
Trd, 431322.500, 103
Trd, 431323.200, 102
Trd, 431323.983, 103
Trd, 431324.050, 101
Trd, 431324.900, 107
Trd, 431324.983, 98
Trd, 431325.917, 94
Trd, 431326.317, 92
Trd, 431326.700, 94
Trd, 431326.867, 89
Trd, 431329.183, 95
Trd, 431329.417, 104
Trd, 431332.267, 112
Trd, 431333.717, 112
Trd, 431333.800, 97
Trd, 431334.650, 105
Trd, 431336.433, 113
Trd, 431337.317, 115
Trd, 431338.033, 110
Trd, 431338.350, 124
Trd, 431338.500, 119
Trd, 431338.667, 101
Trd, 431338.917, 118
Trd, 431341.150, 114
Trd, 431341.700, 108
Trd, 431341.983, 106
Trd, 431342.417, 86
Trd, 431342.467, 87
Trd, 431342.750, 77
Trd, 431345.333, 98
Trd, 431345.667, 101
Trd, 431346.000, 98
Trd, 431346.467, 110
Trd, 431347.600, 100
Trd, 431349.100, 104
Trd, 431350.667, 98
Trd, 431351.050, 91
Trd, 431351.667, 94
Trd, 431351.683, 87
Trd, 431352.050, 110
Trd, 431353.067, 98
Trd, 431353.867, 95
Trd, 431354.517, 106
Trd, 431354.567, 97
Trd, 431354.700, 108
Trd, 431357.000, 90
Trd, 431357.900, 92
Trd, 431361.233, 101
Trd, 431361.733, 101
Trd, 431361.783, 88
Trd, 431362.250, 89
Trd, 431363.733, 108
Trd, 431364.033, 106
Trd, 431364.317, 88
Trd, 431364.533, 114
Trd, 431365.217, 97
Trd, 431366.367, 95
Trd, 431368.400, 112
Trd, 431368.567, 105
Trd, 431369.183, 101
Trd, 431370.083, 107
Trd, 431371.450, 88
Trd, 431371.533, 100
Trd, 431372.500, 95
Trd, 431373.550, 97
Trd, 431374.267, 95
Trd, 431375.167, 94
Trd, 431375.900, 86
Trd, 431376.867, 114
Trd, 431377.267, 89
Trd, 431380.567, 87
Trd, 431381.083, 99
Trd, 431382.217, 117
Trd, 431383.417, 114
Trd, 431384.417, 113
Trd, 431384.483, 112
Trd, 431385.767, 110
Trd, 431386.167, 101
Trd, 431386.433, 97
Trd, 431387.333, 106
Trd, 431388.233, 90
Trd, 431388.667, 115
Trd, 431389.133, 84
Trd, 431389.183, 78
Trd, 431391.433, 95
Trd, 431392.333, 103
Trd, 431392.700, 114
Trd, 431393.617, 95
Trd, 431395.217, 106
Trd, 431395.567, 110
Trd, 431396.000, 85
Trd, 431397.183, 103
Trd, 431397.867, 89
Trd, 431400.033, 101
Trd, 431400.150, 95
Trd, 431401.350, 121
Trd, 431401.700, 99
Trd, 431402.433, 91
Trd, 431403.033, 101
Trd, 431403.667, 81
Trd, 431404.700, 78
Trd, 431405.100, 114
Trd, 431405.833, 118
Trd, 431405.917, 105
Trd, 431409.150, 91
Trd, 431409.533, 104
Trd, 431411.567, 88
Trd, 431412.417, 98
Trd, 431413.633, 100
Trd, 431414.217, 99
Trd, 431414.750, 99
Trd, 431415.433, 91
Trd, 431415.500, 109
Trd, 431415.600, 87
Trd, 431415.883, 73
Trd, 431416.000, 98
Trd, 431417.050, 121
Trd, 431417.533, 117
Trd, 431418.733, 117
Trd, 431418.783, 87
Trd, 431422.683, 106
Trd, 431423.550, 106
Trd, 431423.683, 90
Trd, 431424.417, 98
Trd, 431425.567, 106
Trd, 431425.633, 98
Trd, 431425.917, 92
Trd, 431426.000, 111
Trd, 431426.650, 79
Trd, 431426.700, 77
Trd, 431428.417, 88
Trd, 431428.450, 94
Trd, 431429.800, 109
Trd, 431429.867, 115
Trd, 431430.317, 121
Trd, 431430.633, 101
Trd, 431430.683, 92
Trd, 431431.133, 87
Trd, 431431.283, 94
Trd, 431432.217, 113
Trd, 431433.817, 90
Trd, 431434.617, 93
Trd, 431435.850, 104
Trd, 431435.983, 95
Trd, 431439.450, 105
Trd, 431439.700, 95
Trd, 431441.667, 101
Trd, 431442.983, 105
Trd, 431443.017, 90
Trd, 431443.283, 88
Trd, 431443.967, 96
Trd, 431444.167, 104
Trd, 431444.517, 107
Trd, 431444.833, 94
Trd, 431445.567, 110
Trd, 431446.800, 91
Trd, 431447.550, 103
Trd, 431449.633, 123
Trd, 431450.133, 102
Trd, 431450.367, 101
Trd, 431450.400, 113
Trd, 431451.567, 111
Trd, 431451.983, 113
Trd, 431452.450, 104
Trd, 431454.867, 104
Trd, 431454.950, 103
Trd, 431455.133, 91
Trd, 431455.200, 110
Trd, 431456.350, 105
Trd, 431457.650, 94
Trd, 431458.433, 102
Trd, 431459.067, 72
Trd, 431459.183, 103
Trd, 431459.617, 93
Trd, 431459.883, 114
Trd, 431460.133, 88
Trd, 431460.633, 82
Trd, 431461.750, 91
Trd, 431462.400, 88
Trd, 431463.800, 105
Trd, 431464.250, 101
Trd, 431464.983, 98
Trd, 431468.067, 115
Trd, 431469.233, 99
Trd, 431471.367, 115
Trd, 431471.400, 95
Trd, 431471.633, 86
Trd, 431472.350, 82
Trd, 431473.900, 89
Trd, 431474.067, 94
Trd, 431475.033, 93
Trd, 431475.600, 89
Trd, 431476.033, 109
Trd, 431476.900, 101
Trd, 431477.050, 110
Trd, 431477.950, 85
Trd, 431478.400, 88
Trd, 431478.583, 100
Trd, 431480.050, 106
Trd, 431480.067, 103
Trd, 431482.933, 112
Trd, 431483.033, 112
Trd, 431483.333, 99
Trd, 431485.167, 111
Trd, 431485.467, 106
Trd, 431485.783, 95
Trd, 431486.917, 108
Trd, 431487.383, 101
Trd, 431488.850, 103
Trd, 431488.900, 97
Trd, 431489.250, 109
Trd, 431491.283, 89
Trd, 431491.883, 103
Trd, 431493.017, 103
Trd, 431493.100, 101
Trd, 431494.383, 96
Trd, 431495.450, 102
Trd, 431496.283, 82
Trd, 431496.783, 87
Trd, 431497.000, 93
Trd, 431498.000, 103
Trd, 431498.433, 120
Trd, 431498.750, 81
Trd, 431500.000, 110
Trd, 431500.567, 111
Trd, 431500.917, 107
Trd, 431503.300, 90
Trd, 431504.533, 103
Trd, 431506.233, 108
Trd, 431506.283, 105
Trd, 431506.783, 101
Trd, 431507.550, 98
Trd, 431507.950, 98
Trd, 431508.033, 96
Trd, 431508.567, 88
Trd, 431510.433, 90
Trd, 431511.367, 103
Trd, 431513.267, 95
Trd, 431514.700, 96
Trd, 431514.867, 93
Trd, 431515.133, 103
Trd, 431515.533, 110
Trd, 431516.033, 99
Trd, 431516.250, 87
Trd, 431517.233, 92
Trd, 431517.417, 92
Trd, 431519.017, 105
Trd, 431519.250, 104
Trd, 431519.300, 126
Trd, 431520.017, 112
Trd, 431520.117, 101
Trd, 431521.667, 99
Trd, 431522.350, 99
Trd, 431522.867, 118
Trd, 431526.267, 99
Trd, 431527.100, 103
Trd, 431528.333, 108
Trd, 431528.950, 94
Trd, 431530.217, 83
Trd, 431530.283, 78
Trd, 431531.050, 108
Trd, 431532.833, 110
Trd, 431533.983, 95
Trd, 431534.067, 80
Trd, 431534.167, 102
Trd, 431535.717, 91
Trd, 431535.950, 102
Trd, 431536.667, 79
Trd, 431537.917, 104
Trd, 431538.200, 107
Trd, 431538.383, 81
Trd, 431539.833, 117
Trd, 431541.500, 110
Trd, 431541.633, 101
Trd, 431542.550, 102
Trd, 431542.700, 102
Trd, 431543.383, 105
Trd, 431545.217, 92
Trd, 431545.333, 85
Trd, 431547.900, 102
Trd, 431548.117, 94
Trd, 431548.517, 89
Trd, 431550.617, 110
Trd, 431551.567, 110
Trd, 431551.700, 105
Trd, 431551.883, 101
Trd, 431552.883, 106
Trd, 431553.067, 105
Trd, 431554.683, 101
Trd, 431554.800, 117
Trd, 431555.350, 117
Trd, 431556.283, 98
Trd, 431557.417, 94
Trd, 431557.517, 107
Trd, 431559.367, 111
Trd, 431560.217, 90
Trd, 431561.383, 100
Trd, 431561.683, 105
Trd, 431561.900, 89
Trd, 431562.700, 107
Trd, 431563.267, 118
Trd, 431564.200, 114
Trd, 431564.583, 109
Trd, 431565.483, 101
Trd, 431567.667, 93
Trd, 431568.067, 100
Trd, 431568.183, 115
Trd, 431570.917, 90
Trd, 431571.183, 92
Trd, 431571.883, 113
Trd, 431573.617, 96
Trd, 431573.783, 101
Trd, 431574.500, 106
Trd, 431575.550, 109
Trd, 431575.600, 104
Trd, 431575.633, 87
Trd, 431578.583, 102
Trd, 431579.700, 82
Trd, 431580.883, 105
Trd, 431580.933, 91
Trd, 431581.367, 108
Trd, 431581.400, 113
Trd, 431581.417, 88
Trd, 431581.733, 110
Trd, 431582.900, 110
Trd, 431583.500, 97
Trd, 431583.850, 113
Trd, 431584.367, 88
Trd, 431584.700, 82
Trd, 431585.233, 79
Trd, 431585.600, 87
Trd, 431588.733, 95
Trd, 431588.983, 88
Trd, 431589.750, 110
Trd, 431590.567, 87
Trd, 431592.633, 89
Trd, 431593.383, 97
Trd, 431593.883, 98
Trd, 431595.200, 89
Trd, 431596.500, 86
Trd, 431598.517, 88
Trd, 431598.700, 103
Trd, 431600.300, 87
Trd, 431601.033, 88
Trd, 431601.867, 101
Trd, 431603.417, 108
Trd, 431604.100, 108
Trd, 431604.567, 101
Trd, 431605.217, 100
Trd, 431605.567, 106
Trd, 431605.667, 108
Trd, 431608.800, 97
Trd, 431608.950, 103
Trd, 431609.767, 98
Trd, 431610.000, 97
Trd, 431611.033, 92
Trd, 431611.233, 109
Trd, 431612.117, 98
Trd, 431612.567, 108
Trd, 431613.817, 121
Trd, 431614.733, 100
Trd, 431615.300, 88
Trd, 431615.633, 121
Trd, 431616.967, 115
Trd, 431617.100, 92
Trd, 431617.750, 106
Trd, 431619.767, 107
Trd, 431621.400, 80
Trd, 431621.800, 104
Trd, 431622.800, 92
Trd, 431623.417, 78
Trd, 431624.750, 120
Trd, 431625.633, 90
Trd, 431627.367, 106
Trd, 431629.733, 90
Trd, 431630.217, 78
Trd, 431630.667, 77
Trd, 431631.400, 96
Trd, 431631.533, 107
Trd, 431631.733, 69
Trd, 431633.367, 123
Trd, 431635.750, 90
Trd, 431636.150, 109
Trd, 431636.717, 97
Trd, 431636.733, 107
Trd, 431636.983, 110
Trd, 431637.533, 111
Trd, 431637.933, 113
Trd, 431638.333, 102
Trd, 431639.117, 117
Trd, 431639.767, 105
Trd, 431641.050, 107
Trd, 431641.367, 120
Trd, 431642.850, 101
Trd, 431643.300, 123
Trd, 431643.917, 101
Trd, 431644.050, 95
Trd, 431646.433, 104
Trd, 431647.233, 109
Trd, 431647.517, 116
Trd, 431649.667, 107
Trd, 431649.950, 103
Trd, 431651.417, 101
Trd, 431652.933, 112
Trd, 431653.033, 101
Trd, 431654.217, 98
Trd, 431655.350, 114
Trd, 431655.700, 105
Trd, 431656.017, 94
Trd, 431656.217, 95
Trd, 431656.800, 104
Trd, 431657.417, 110
Trd, 431658.383, 87
Trd, 431658.683, 86
Trd, 431660.683, 79
Trd, 431662.167, 92
Trd, 431663.067, 96
Trd, 431664.083, 113
Trd, 431665.317, 108
Trd, 431666.383, 96
Trd, 431666.700, 92
Trd, 431667.117, 96
Trd, 431667.333, 90
Trd, 431667.767, 97
Trd, 431669.583, 88
Trd, 431670.250, 102
Trd, 431670.267, 108
Trd, 431670.533, 77
Trd, 431671.333, 109
Trd, 431672.717, 95
Trd, 431672.867, 100
Trd, 431675.667, 86
Trd, 431675.933, 112
Trd, 431676.917, 82
Trd, 431677.117, 87
Trd, 431678.483, 79
Trd, 431679.300, 93
Trd, 431680.117, 85
Trd, 431680.200, 93
Trd, 431680.400, 109
Trd, 431681.250, 109
Trd, 431681.567, 115
Trd, 431683.650, 101
Trd, 431684.483, 95
Trd, 431684.650, 96
Trd, 431685.983, 81
Trd, 431686.600, 111
Trd, 431689.467, 107
Trd, 431689.883, 81
Trd, 431690.333, 97
Trd, 431691.233, 114
Trd, 431691.933, 99
Trd, 431692.517, 106
Trd, 431693.067, 90
Trd, 431693.500, 91
Trd, 431693.833, 106
Trd, 431693.933, 92
Trd, 431694.333, 108
Trd, 431694.667, 108
Trd, 431695.133, 103
Trd, 431695.783, 88
Trd, 431696.483, 115
Trd, 431699.183, 92
Trd, 431701.033, 88
Trd, 431702.333, 86
Trd, 431702.350, 98
Trd, 431702.400, 84
Trd, 431702.733, 99
Trd, 431703.833, 87
Trd, 431703.850, 107
Trd, 431704.450, 117
Trd, 431705.500, 97
Trd, 431705.517, 89
Trd, 431705.600, 103
Trd, 431705.883, 98
Trd, 431706.250, 87
Trd, 431707.217, 114
Trd, 431708.550, 118
Trd, 431710.800, 111
Trd, 431712.483, 101
Trd, 431712.967, 118
Trd, 431713.067, 100
Trd, 431713.750, 97
Trd, 431714.317, 91
Trd, 431715.767, 113
Trd, 431715.783, 112
Trd, 431718.233, 79
Trd, 431718.517, 77
Trd, 431718.700, 78
Trd, 431719.233, 76
Trd, 431720.083, 98
Trd, 431720.967, 88
Trd, 431723.033, 94
Trd, 431723.183, 97
Trd, 431723.850, 102
Trd, 431725.000, 109
Trd, 431726.350, 114
Trd, 431727.083, 110
Trd, 431727.450, 97
Trd, 431727.717, 93
Trd, 431729.783, 105
Trd, 431730.150, 109
Trd, 431730.533, 98
Trd, 431731.183, 98
Trd, 431731.250, 110
Trd, 431732.333, 107
Trd, 431733.017, 102
Trd, 431734.633, 101
Trd, 431735.050, 103
Trd, 431735.450, 87
Trd, 431735.667, 106
Trd, 431737.083, 101
Trd, 431738.250, 102
Trd, 431738.567, 102
Trd, 431738.617, 103
Trd, 431739.067, 101
Trd, 431741.717, 101
Trd, 431742.500, 88
Trd, 431744.417, 106
Trd, 431744.800, 107
Trd, 431744.883, 118
Trd, 431747.383, 96
Trd, 431747.450, 92
Trd, 431748.300, 103
Trd, 431748.617, 96
Trd, 431750.000, 99
Trd, 431751.050, 92
Trd, 431751.567, 96
Trd, 431751.617, 95
Trd, 431751.733, 102
Trd, 431751.817, 99
Trd, 431755.500, 105
Trd, 431757.250, 111
Trd, 431758.917, 111
Trd, 431758.967, 107
Trd, 431759.700, 101
Trd, 431760.317, 95
Trd, 431761.100, 94
Trd, 431761.217, 103
Trd, 431763.150, 105
Trd, 431763.200, 93
Trd, 431764.950, 104
Trd, 431765.417, 97
Trd, 431766.133, 95
Trd, 431766.933, 90
Trd, 431767.283, 91
Trd, 431768.350, 98
Trd, 431768.833, 114
Trd, 431769.833, 107
Trd, 431772.417, 116
Trd, 431773.617, 98
Trd, 431773.683, 110
Trd, 431773.950, 95
Trd, 431774.100, 82
Trd, 431774.950, 97
Trd, 431775.467, 117
Trd, 431775.617, 92
Trd, 431776.817, 89
Trd, 431776.983, 87
Trd, 431777.300, 91
Trd, 431777.467, 93
Trd, 431778.900, 106
Trd, 431781.167, 111
Trd, 431781.750, 114
Trd, 431783.383, 103
Trd, 431783.400, 101
Trd, 431784.750, 103
Trd, 431785.450, 101
Trd, 431785.733, 100
Trd, 431786.783, 96
Trd, 431787.083, 90
Trd, 431787.383, 95
Trd, 431787.883, 87
Trd, 431788.100, 105
Trd, 431788.150, 89
Trd, 431788.800, 122
Trd, 431788.867, 78
Trd, 431791.267, 92
Trd, 431791.767, 101
Trd, 431792.233, 108
Trd, 431793.567, 107
Trd, 431793.650, 101
Trd, 431796.783, 109
Trd, 431797.250, 99
Trd, 431797.633, 82
Trd, 431799.517, 111
Trd, 431799.533, 104
Trd, 431800.200, 84
Trd, 431801.100, 122
Trd, 431801.183, 109
Trd, 431801.900, 111
Trd, 431804.017, 88
Trd, 431804.067, 82
Trd, 431804.717, 110
Trd, 431807.467, 88
Trd, 431810.017, 110
Trd, 431810.733, 95
Trd, 431811.083, 104
Trd, 431811.233, 93
Trd, 431811.450, 91
Trd, 431812.250, 98
Trd, 431812.817, 106
Trd, 431813.533, 104
Trd, 431814.083, 111
Trd, 431814.450, 96
Trd, 431816.183, 94
Trd, 431816.917, 97
Trd, 431818.600, 94
Trd, 431818.767, 96
Trd, 431818.817, 93
Trd, 431819.167, 93
Trd, 431819.650, 115
Trd, 431820.167, 110
Trd, 431820.267, 106
Trd, 431823.000, 101
Trd, 431823.367, 102
Trd, 431825.483, 95
Trd, 431825.850, 117
Trd, 431826.283, 85
Trd, 431827.133, 92
Trd, 431829.533, 101
Trd, 431830.467, 95
Trd, 431830.767, 123
Trd, 431830.950, 86
Trd, 431831.783, 110
Trd, 431832.700, 106
Trd, 431832.900, 100
Trd, 431833.550, 91
Trd, 431834.383, 102
Trd, 431836.383, 104
Trd, 431837.117, 98
Trd, 431838.533, 90
Trd, 431841.067, 104
Trd, 431842.117, 100
Trd, 431842.500, 101
Trd, 431842.950, 98
Trd, 431843.817, 102
Trd, 431844.600, 99
Trd, 431845.317, 112
Trd, 431846.867, 92
Trd, 431847.533, 95
Trd, 431847.650, 104
Trd, 431850.633, 98
Trd, 431851.200, 92
Trd, 431851.450, 107
Trd, 431852.850, 99
Trd, 431854.083, 117
Trd, 431855.433, 84
Trd, 431856.583, 108
Trd, 431857.200, 104
Trd, 431857.433, 106
Trd, 431858.183, 107
Trd, 431858.700, 101
Trd, 431858.950, 96
Trd, 431858.983, 108
Trd, 431859.600, 98
Trd, 431860.133, 94
Trd, 431860.717, 94
Trd, 431861.183, 95
Trd, 431862.217, 84
Trd, 431865.683, 85
Trd, 431866.683, 96
Trd, 431867.450, 82
Trd, 431867.983, 99
Trd, 431869.317, 104
Trd, 431870.217, 106
Trd, 431870.283, 102
Trd, 431870.533, 88
Trd, 431872.050, 104
Trd, 431873.417, 103
Trd, 431873.467, 102
Trd, 431874.467, 95
Trd, 431874.550, 93
Trd, 431874.700, 92
Trd, 431874.983, 98
Trd, 431875.083, 105
Trd, 431875.283, 87
Trd, 431875.683, 116
Trd, 431876.150, 77
Trd, 431877.933, 96
Trd, 431879.117, 109
Trd, 431880.283, 116
Trd, 431881.150, 84
Trd, 431883.333, 102
Trd, 431883.833, 104
Trd, 431883.983, 115
Trd, 431885.067, 108
Trd, 431885.600, 100
Trd, 431885.933, 127
Trd, 431886.583, 85
Trd, 431887.117, 96
Trd, 431887.917, 85
Trd, 431888.500, 82
Trd, 431891.117, 85
Trd, 431891.817, 93
Trd, 431891.950, 95
Trd, 431892.767, 90
Trd, 431893.350, 91
Trd, 431894.600, 82
Trd, 431896.700, 101
Trd, 431897.883, 116
Trd, 431898.850, 84
Trd, 431899.067, 83
Trd, 431899.433, 95
Trd, 431902.433, 112
Trd, 431902.483, 102
Trd, 431903.117, 110
Trd, 431904.167, 101
Trd, 431904.417, 85
Trd, 431904.450, 78
Trd, 431906.500, 98
Trd, 431906.600, 107
Trd, 431906.783, 114
Trd, 431906.850, 101
Trd, 431909.433, 101
Trd, 431910.900, 100
Trd, 431911.467, 86
Trd, 431911.633, 87
Trd, 431913.267, 98
Trd, 431913.783, 106
Trd, 431914.383, 76
Trd, 431915.350, 88
Trd, 431915.933, 108
Trd, 431916.883, 99
Trd, 431917.833, 115
Trd, 431918.000, 111
Trd, 431919.483, 95
Trd, 431920.467, 97
Trd, 431922.083, 114
Trd, 431922.817, 111
Trd, 431922.950, 115
Trd, 431924.367, 105
Trd, 431925.200, 100
Trd, 431925.633, 88
Trd, 431925.917, 88
Trd, 431927.667, 109
Trd, 431928.067, 105
Trd, 431930.517, 106
Trd, 431931.150, 99
Trd, 431931.750, 92
Trd, 431932.083, 103
Trd, 431933.367, 100
Trd, 431933.450, 93
Trd, 431933.883, 98
Trd, 431935.317, 104
Trd, 431936.017, 113
Trd, 431936.517, 101
Trd, 431937.483, 112
Trd, 431938.750, 120
Trd, 431938.850, 122
Trd, 431942.283, 91
Trd, 431943.100, 95
Trd, 431943.233, 97
Trd, 431943.500, 88
Trd, 431943.717, 82
Trd, 431943.833, 99
Trd, 431944.300, 93
Trd, 431945.100, 99
Trd, 431945.550, 111
Trd, 431945.650, 92
Trd, 431947.133, 96
Trd, 431948.733, 100
Trd, 431950.217, 112
Trd, 431950.383, 110
Trd, 431951.650, 97
Trd, 431951.717, 96
Trd, 431951.917, 98
Trd, 431951.933, 103
Trd, 431956.117, 95
Trd, 431956.233, 88
Trd, 431957.533, 109
Trd, 431957.583, 106
Trd, 431959.733, 104
Trd, 431961.100, 107
Trd, 431961.800, 103
Trd, 431962.267, 93
Trd, 431962.433, 108
Trd, 431962.767, 89
Trd, 431963.650, 122
Trd, 431964.083, 82
Trd, 431967.050, 101
Trd, 431967.183, 115
Trd, 431967.950, 118
Trd, 431967.983, 111
Trd, 431968.567, 102
Trd, 431970.717, 103
Trd, 431971.183, 101
Trd, 431971.883, 92
Trd, 431972.817, 99
Trd, 431973.483, 89
Trd, 431973.717, 111
Trd, 431975.083, 104
Trd, 431975.267, 97
Trd, 431976.567, 91
Trd, 431976.633, 93
Trd, 431977.317, 85
Trd, 431978.350, 101
Trd, 431979.867, 83
Trd, 431980.850, 100
Trd, 431983.367, 90
Trd, 431984.233, 99
Trd, 431984.617, 88
Trd, 431984.750, 82
Trd, 431985.233, 103
Trd, 431986.400, 85
Trd, 431988.550, 107
Trd, 431989.133, 107
Trd, 431989.250, 109
Trd, 431990.383, 101
Trd, 431992.567, 101
Trd, 431993.683, 96
Trd, 431993.983, 105
Trd, 431994.700, 78
Trd, 431994.900, 93
Trd, 431995.267, 73
Trd, 431996.583, 121
Trd, 431997.300, 96
Trd, 431997.883, 88
Trd, 431998.967, 72
Trd, 431999.550, 78
Trd, 431999.933, 102
