Trd, 430644.850, 104
Trd, 430645.783, 109
Trd, 430645.967, 97
Trd, 430646.300, 95
Trd, 430646.483, 94
Trd, 430646.933, 87
Trd, 430647.717, 99
Trd, 430649.967, 97
Trd, 430650.067, 93
Trd, 430651.517, 97
Trd, 430652.233, 97
Trd, 430652.917, 95
Trd, 430653.750, 103
Trd, 430654.650, 95
Trd, 430655.533, 104
Trd, 430656.267, 103
Trd, 430656.983, 106
Trd, 430657.317, 105
Trd, 430657.517, 112
Trd, 430659.717, 109
Trd, 430659.850, 108
Trd, 430660.000, 94
Trd, 430660.167, 102
Trd, 430660.767, 93
Trd, 430662.317, 94
Trd, 430662.583, 93
Trd, 430662.817, 91
Trd, 430662.950, 104
Trd, 430663.300, 106
Trd, 430663.483, 104
Trd, 430664.600, 101
Trd, 430666.200, 92
Trd, 430667.067, 97
Trd, 430667.700, 104
Trd, 430668.083, 95
Trd, 430668.600, 97
Trd, 430669.117, 107
Trd, 430669.733, 97
Trd, 430670.867, 87
Trd, 430671.467, 101
Trd, 430672.117, 84
Trd, 430672.333, 95
Trd, 430672.917, 81
Trd, 430675.250, 99
Trd, 430676.583, 103
Trd, 430677.467, 102
Trd, 430677.483, 96
Trd, 430678.283, 97
Trd, 430678.650, 98
Trd, 430679.617, 98
Trd, 430680.600, 95
Trd, 430680.700, 104
Trd, 430680.800, 105
Trd, 430681.017, 94
Trd, 430681.483, 101
Trd, 430683.217, 101
Trd, 430683.817, 101
Trd, 430684.083, 100
Trd, 430684.100, 98
Trd, 430684.533, 105
Trd, 430685.200, 106
Trd, 430685.267, 95
Trd, 430686.017, 93
Trd, 430688.333, 107
Trd, 430689.800, 90
Trd, 430689.867, 95
Trd, 430690.167, 89
Trd, 430690.283, 88
Trd, 430691.067, 88
Trd, 430692.467, 96
Trd, 430693.483, 105
Trd, 430693.550, 104
Trd, 430693.700, 96
Trd, 430694.533, 94
Trd, 430695.533, 104
Trd, 430696.117, 109
Trd, 430697.300, 95
Trd, 430699.317, 95
Trd, 430700.133, 95
Trd, 430700.283, 93
Trd, 430701.017, 88
Trd, 430702.283, 90
Trd, 430703.517, 97
Trd, 430703.867, 98
Trd, 430703.983, 103
Trd, 430704.633, 91
Trd, 430705.033, 105
Trd, 430705.267, 90
Trd, 430707.750, 101
Trd, 430708.183, 93
Trd, 430709.050, 86
Trd, 430709.450, 95
Trd, 430710.383, 105
Trd, 430710.517, 95
Trd, 430711.133, 106
Trd, 430712.317, 98
Trd, 430713.317, 110
Trd, 430713.767, 109
Trd, 430714.033, 108
Trd, 430714.133, 100
Trd, 430714.383, 98
Trd, 430714.850, 91
Trd, 430715.617, 90
Trd, 430718.467, 95
Trd, 430718.533, 88
Trd, 430719.167, 104
Trd, 430720.683, 100
Trd, 430722.183, 103
Trd, 430722.233, 93
Trd, 430722.917, 103
Trd, 430723.333, 106
Trd, 430723.783, 101
Trd, 430723.883, 87
Trd, 430724.667, 109
Trd, 430724.900, 89
Trd, 430725.383, 90
Trd, 430726.800, 94
Trd, 430727.650, 94
Trd, 430727.800, 97
Trd, 430728.700, 90
Trd, 430729.450, 90
Trd, 430730.100, 103
Trd, 430730.400, 105
Trd, 430731.233, 101
Trd, 430733.383, 90
Trd, 430736.367, 100
Trd, 430737.183, 100
Trd, 430737.233, 99
Trd, 430737.683, 105
Trd, 430737.783, 102
Trd, 430738.100, 95
Trd, 430738.317, 93
Trd, 430738.950, 113
Trd, 430739.300, 96
Trd, 430739.817, 111
Trd, 430740.233, 104
Trd, 430740.300, 85
Trd, 430740.867, 83
Trd, 430741.450, 88
Trd, 430742.300, 84
Trd, 430744.383, 95
Trd, 430747.417, 104
Trd, 430747.467, 93
Trd, 430748.250, 105
Trd, 430748.900, 103
Trd, 430749.183, 110
Trd, 430749.867, 98
Trd, 430750.600, 105
Trd, 430750.683, 95
Trd, 430751.883, 95
Trd, 430752.167, 94
Trd, 430752.933, 87
Trd, 430753.450, 86
Trd, 430753.533, 106
Trd, 430753.683, 111
Trd, 430753.767, 83
Trd, 430754.517, 111
Trd, 430755.900, 104
Trd, 430756.050, 94
Trd, 430756.817, 115
Trd, 430757.533, 94
Trd, 430758.767, 95
Trd, 430759.733, 94
Trd, 430759.767, 93
Trd, 430760.467, 88
Trd, 430761.717, 98
Trd, 430762.733, 95
Trd, 430763.383, 99
Trd, 430764.783, 94
Trd, 430765.267, 93
Trd, 430765.817, 105
Trd, 430767.083, 88
Trd, 430767.217, 105
Trd, 430768.250, 103
Trd, 430768.817, 95
Trd, 430769.783, 91
Trd, 430771.283, 94
Trd, 430771.333, 93
Trd, 430772.550, 95
Trd, 430772.733, 96
Trd, 430773.067, 95
Trd, 430774.450, 95
Trd, 430776.133, 96
Trd, 430777.350, 105
Trd, 430777.767, 104
Trd, 430777.800, 95
Trd, 430778.067, 93
Trd, 430780.033, 105
Trd, 430780.833, 95
Trd, 430781.283, 106
Trd, 430781.733, 89
Trd, 430782.000, 98
Trd, 430783.150, 97
Trd, 430784.083, 89
Trd, 430785.200, 110
Trd, 430785.383, 113
Trd, 430786.517, 105
Trd, 430786.900, 105
Trd, 430787.367, 104
Trd, 430787.400, 102
Trd, 430787.450, 108
Trd, 430788.667, 103
Trd, 430789.517, 103
Trd, 430791.117, 98
Trd, 430791.550, 102
Trd, 430791.750, 95
Trd, 430791.900, 109
Trd, 430791.917, 94
Trd, 430792.100, 86
Trd, 430793.850, 101
Trd, 430793.867, 106
Trd, 430794.900, 89
Trd, 430797.050, 98
Trd, 430797.083, 95
Trd, 430797.167, 93
Trd, 430797.583, 92
Trd, 430797.750, 95
Trd, 430798.733, 98
Trd, 430799.600, 102
Trd, 430800.250, 93
Trd, 430800.483, 106
Trd, 430802.267, 91
Trd, 430802.583, 89
Trd, 430803.417, 97
Trd, 430804.550, 98
Trd, 430805.017, 93
Trd, 430805.483, 93
Trd, 430807.233, 90
Trd, 430808.950, 103
Trd, 430809.283, 95
Trd, 430809.333, 93
Trd, 430809.783, 92
Trd, 430810.050, 94
Trd, 430810.550, 104
Trd, 430810.883, 86
Trd, 430810.967, 106
Trd, 430811.767, 96
Trd, 430812.850, 95
Trd, 430813.767, 94
Trd, 430814.417, 93
Trd, 430816.817, 90
Trd, 430817.017, 94
Trd, 430818.333, 95
Trd, 430818.750, 85
Trd, 430819.033, 90
Trd, 430820.283, 104
Trd, 430820.517, 92
Trd, 430821.483, 91
Trd, 430821.833, 92
Trd, 430822.617, 104
Trd, 430822.850, 102
Trd, 430822.867, 106
Trd, 430823.267, 92
Trd, 430824.767, 96
Trd, 430825.500, 96
Trd, 430825.833, 94
Trd, 430826.817, 94
Trd, 430828.267, 104
Trd, 430830.217, 99
Trd, 430830.250, 96
Trd, 430830.450, 103
Trd, 430830.667, 95
Trd, 430830.833, 93
Trd, 430830.867, 86
Trd, 430831.750, 97
Trd, 430832.767, 105
Trd, 430832.983, 110
Trd, 430833.717, 109
Trd, 430834.167, 108
Trd, 430834.917, 107
Trd, 430835.683, 108
Trd, 430836.600, 98
Trd, 430838.117, 104
Trd, 430839.000, 106
Trd, 430840.567, 107
Trd, 430840.683, 106
Trd, 430841.800, 93
Trd, 430841.950, 117
Trd, 430842.550, 100
Trd, 430843.900, 118
Trd, 430844.050, 95
Trd, 430844.167, 92
Trd, 430845.750, 97
Trd, 430847.767, 105
Trd, 430847.900, 103
Trd, 430849.517, 119
Trd, 430849.533, 112
Trd, 430849.583, 112
Trd, 430850.667, 115
Trd, 430850.867, 96
Trd, 430851.533, 104
Trd, 430852.700, 98
Trd, 430852.750, 95
Trd, 430853.050, 106
Trd, 430853.100, 93
Trd, 430853.600, 105
Trd, 430855.233, 104
Trd, 430855.450, 103
Trd, 430855.967, 100
Trd, 430856.100, 99
Trd, 430857.117, 102
Trd, 430857.250, 84
Trd, 430858.300, 88
Trd, 430858.567, 89
Trd, 430859.200, 94
Trd, 430860.033, 106
Trd, 430861.033, 106
Trd, 430861.167, 110
Trd, 430862.300, 113
Trd, 430862.483, 104
Trd, 430862.933, 93
Trd, 430863.583, 115
Trd, 430864.183, 98
Trd, 430864.500, 109
Trd, 430865.167, 104
Trd, 430865.550, 115
Trd, 430865.867, 99
Trd, 430867.367, 94
Trd, 430868.683, 91
Trd, 430869.367, 91
Trd, 430870.033, 92
Trd, 430870.333, 90
Trd, 430870.383, 89
Trd, 430871.200, 103
Trd, 430871.633, 95
Trd, 430871.833, 95
Trd, 430872.533, 93
Trd, 430873.317, 106
Trd, 430874.733, 100
Trd, 430875.433, 106
Trd, 430876.600, 94
Trd, 430876.783, 93
Trd, 430877.167, 106
Trd, 430878.817, 85
Trd, 430879.000, 86
Trd, 430879.383, 98
Trd, 430879.667, 85
Trd, 430880.917, 87
Trd, 430880.950, 93
Trd, 430881.667, 85
Trd, 430882.383, 106
Trd, 430883.400, 110
Trd, 430883.483, 103
Trd, 430883.700, 106
Trd, 430883.883, 115
Trd, 430884.700, 109
Trd, 430885.567, 116
Trd, 430885.650, 106
Trd, 430886.800, 97
Trd, 430887.100, 106
Trd, 430887.433, 95
Trd, 430888.633, 95
Trd, 430889.917, 101
Trd, 430890.650, 96
Trd, 430891.317, 95
Trd, 430892.700, 93
Trd, 430893.233, 95
Trd, 430894.067, 101
Trd, 430895.150, 95
Trd, 430895.600, 95
Trd, 430895.733, 93
Trd, 430898.117, 104
Trd, 430898.133, 102
Trd, 430898.633, 105
Trd, 430898.750, 109
Trd, 430899.133, 111
Trd, 430899.800, 106
Trd, 430900.017, 104
Trd, 430900.467, 94
Trd, 430900.883, 109
Trd, 430903.500, 100
Trd, 430903.667, 109
Trd, 430903.750, 106
Trd, 430904.650, 98
Trd, 430905.417, 102
Trd, 430907.817, 99
Trd, 430909.267, 98
Trd, 430909.800, 102
Trd, 430910.650, 103
Trd, 430910.883, 95
Trd, 430910.967, 94
Trd, 430911.150, 93
Trd, 430913.450, 106
Trd, 430913.483, 94
Trd, 430914.200, 95
Trd, 430914.633, 106
Trd, 430914.650, 87
Trd, 430915.400, 85
Trd, 430916.733, 103
Trd, 430917.017, 106
Trd, 430918.400, 92
Trd, 430918.767, 101
Trd, 430918.967, 95
Trd, 430920.867, 106
Trd, 430921.917, 95
Trd, 430923.450, 101
Trd, 430923.483, 100
Trd, 430923.883, 103
Trd, 430924.533, 101
Trd, 430924.667, 100
Trd, 430926.467, 91
Trd, 430926.883, 93
Trd, 430927.100, 95
Trd, 430927.617, 92
Trd, 430928.817, 92
Trd, 430930.000, 102
Trd, 430930.800, 97
Trd, 430931.133, 93
Trd, 430931.900, 90
Trd, 430933.567, 88
Trd, 430933.633, 87
Trd, 430934.500, 103
Trd, 430934.600, 104
Trd, 430935.567, 98
Trd, 430935.717, 99
Trd, 430936.100, 105
Trd, 430936.383, 106
Trd, 430936.550, 104
Trd, 430936.850, 102
Trd, 430936.950, 93
Trd, 430938.583, 89
Trd, 430941.800, 95
Trd, 430942.567, 95
Trd, 430943.567, 94
Trd, 430944.050, 96
Trd, 430945.283, 96
Trd, 430946.483, 101
Trd, 430946.783, 93
Trd, 430946.900, 104
Trd, 430948.383, 106
Trd, 430948.583, 95
Trd, 430949.017, 107
Trd, 430949.600, 93
Trd, 430950.883, 110
Trd, 430951.600, 88
Trd, 430951.650, 87
Trd, 430951.983, 100
Trd, 430952.367, 111
Trd, 430952.683, 110
Trd, 430952.917, 93
Trd, 430954.550, 90
Trd, 430954.817, 89
Trd, 430954.883, 84
Trd, 430955.117, 80
Trd, 430955.300, 79
Trd, 430955.433, 93
Trd, 430956.133, 96
Trd, 430957.483, 81
Trd, 430958.283, 95
Trd, 430960.150, 103
Trd, 430960.517, 103
Trd, 430962.033, 105
Trd, 430962.133, 99
Trd, 430962.183, 110
Trd, 430962.833, 95
Trd, 430963.033, 94
Trd, 430963.333, 88
Trd, 430965.033, 92
Trd, 430965.200, 104
Trd, 430965.300, 97
Trd, 430965.833, 92
Trd, 430966.050, 108
Trd, 430966.233, 92
Trd, 430968.567, 95
Trd, 430969.833, 105
Trd, 430969.983, 104
Trd, 430970.367, 106
Trd, 430970.767, 99
Trd, 430971.600, 101
Trd, 430971.733, 100
Trd, 430973.333, 105
Trd, 430974.200, 108
Trd, 430974.217, 110
Trd, 430974.300, 104
Trd, 430975.733, 102
Trd, 430976.083, 97
Trd, 430976.300, 117
Trd, 430976.550, 95
Trd, 430977.267, 93
Trd, 430977.850, 85
Trd, 430978.233, 85
Trd, 430978.333, 99
Trd, 430979.233, 84
Trd, 430980.583, 87
Trd, 430982.617, 88
Trd, 430983.050, 104
Trd, 430983.250, 95
Trd, 430985.783, 100
Trd, 430987.300, 98
Trd, 430987.367, 98
Trd, 430988.783, 101
Trd, 430989.217, 106
Trd, 430989.467, 93
Trd, 430989.850, 109
Trd, 430991.083, 106
Trd, 430991.983, 107
Trd, 430992.683, 106
Trd, 430993.050, 104
Trd, 430993.467, 113
Trd, 430993.567, 95
Trd, 430994.500, 110
Trd, 430994.683, 97
Trd, 430995.583, 105
Trd, 430996.167, 105
Trd, 430996.350, 110
Trd, 430996.417, 104
Trd, 430996.667, 95
Trd, 430997.133, 91
Trd, 430997.867, 87
Trd, 430998.017, 87
Trd, 430998.250, 86
Trd, 430999.933, 83
Trd, 431000.567, 96
Trd, 431001.233, 106
Trd, 431002.617, 89
Trd, 431003.333, 84
Trd, 431003.700, 92
Trd, 431005.117, 86
Trd, 431005.817, 100
Trd, 431007.267, 99
Trd, 431007.550, 97
Trd, 431007.783, 102
Trd, 431008.100, 97
Trd, 431008.767, 106
Trd, 431009.183, 97
Trd, 431010.900, 100
Trd, 431011.750, 110
Trd, 431012.350, 100
Trd, 431012.983, 99
Trd, 431014.000, 109
Trd, 431014.050, 103
Trd, 431015.267, 106
Trd, 431017.217, 98
Trd, 431017.700, 102
Trd, 431018.417, 94
Trd, 431018.867, 99
Trd, 431018.967, 105
Trd, 431020.033, 95
Trd, 431020.200, 94
Trd, 431020.317, 93
Trd, 431020.517, 96
Trd, 431021.233, 106
Trd, 431021.883, 100
Trd, 431021.933, 93
Trd, 431023.300, 89
Trd, 431023.367, 106
Trd, 431023.800, 99
Trd, 431025.383, 98
Trd, 431025.617, 109
Trd, 431025.933, 99
Trd, 431026.083, 113
Trd, 431026.100, 94
Trd, 431027.883, 102
Trd, 431028.433, 96
Trd, 431031.567, 110
Trd, 431031.667, 109
Trd, 431031.750, 104
Trd, 431032.183, 111
Trd, 431033.583, 108
Trd, 431034.300, 99
Trd, 431034.667, 98
Trd, 431034.900, 95
Trd, 431035.300, 93
Trd, 431036.550, 98
Trd, 431037.417, 106
Trd, 431038.033, 104
Trd, 431039.233, 108
Trd, 431040.267, 108
Trd, 431040.483, 101
Trd, 431040.617, 114
Trd, 431041.283, 96
Trd, 431041.867, 104
Trd, 431042.150, 95
Trd, 431043.083, 89
Trd, 431044.250, 96
Trd, 431044.383, 106
Trd, 431046.200, 97
Trd, 431046.967, 99
Trd, 431047.117, 98
Trd, 431047.233, 94
Trd, 431047.250, 104
Trd, 431048.783, 104
Trd, 431049.483, 104
Trd, 431050.217, 95
Trd, 431051.017, 106
Trd, 431051.233, 94
Trd, 431051.267, 93
Trd, 431051.750, 93
Trd, 431052.000, 87
Trd, 431054.517, 85
Trd, 431054.583, 84
Trd, 431055.500, 104
Trd, 431057.467, 89
Trd, 431058.083, 105
Trd, 431058.383, 94
Trd, 431059.233, 96
Trd, 431059.717, 94
Trd, 431059.983, 96
Trd, 431060.833, 105
Trd, 431060.933, 91
Trd, 431061.117, 87
Trd, 431062.583, 95
Trd, 431062.600, 93
Trd, 431064.633, 111
Trd, 431065.767, 110
Trd, 431067.867, 99
Trd, 431069.000, 93
Trd, 431069.167, 97
Trd, 431069.367, 93
Trd, 431069.467, 93
Trd, 431069.900, 88
Trd, 431070.233, 86
Trd, 431070.517, 95
Trd, 431071.333, 90
Trd, 431071.700, 91
Trd, 431072.283, 82
Trd, 431072.583, 84
Trd, 431073.150, 83
Trd, 431074.967, 94
Trd, 431077.333, 95
Trd, 431078.767, 93
Trd, 431079.700, 106
Trd, 431079.867, 109
Trd, 431080.017, 105
Trd, 431080.350, 103
Trd, 431080.667, 109
Trd, 431081.917, 107
Trd, 431082.500, 106
Trd, 431083.283, 104
Trd, 431083.417, 101
Trd, 431083.517, 99
Trd, 431084.383, 95
Trd, 431085.833, 98
Trd, 431086.167, 95
Trd, 431086.200, 95
Trd, 431087.483, 99
Trd, 431087.800, 109
Trd, 431088.167, 96
Trd, 431089.233, 98
Trd, 431089.350, 93
Trd, 431090.617, 92
Trd, 431091.467, 106
Trd, 431093.250, 92
Trd, 431093.883, 103
Trd, 431094.000, 91
Trd, 431094.683, 91
Trd, 431095.417, 89
Trd, 431096.367, 85
Trd, 431097.150, 84
Trd, 431097.483, 83
Trd, 431097.967, 95
Trd, 431098.233, 94
Trd, 431098.450, 92
Trd, 431100.500, 95
Trd, 431101.350, 96
Trd, 431102.067, 101
Trd, 431102.350, 105
Trd, 431103.617, 96
Trd, 431105.133, 95
Trd, 431105.217, 93
Trd, 431107.450, 96
Trd, 431107.500, 106
Trd, 431107.650, 95
Trd, 431109.367, 96
Trd, 431109.633, 98
Trd, 431110.933, 94
Trd, 431111.500, 96
Trd, 431111.883, 100
Trd, 431111.983, 105
Trd, 431112.333, 105
Trd, 431112.883, 103
Trd, 431112.933, 96
Trd, 431113.350, 95
Trd, 431113.700, 93
Trd, 431115.000, 102
Trd, 431115.433, 104
Trd, 431118.183, 101
Trd, 431120.350, 103
Trd, 431120.700, 98
Trd, 431120.917, 97
Trd, 431123.333, 101
Trd, 431123.833, 102
Trd, 431124.183, 98
Trd, 431124.883, 93
Trd, 431124.967, 107
Trd, 431126.417, 99
Trd, 431126.967, 104
Trd, 431127.400, 96
Trd, 431127.700, 104
Trd, 431129.867, 105
Trd, 431129.917, 102
Trd, 431129.967, 95
Trd, 431130.533, 99
Trd, 431131.350, 94
Trd, 431132.083, 90
Trd, 431132.100, 104
Trd, 431132.633, 106
Trd, 431134.250, 103
Trd, 431134.350, 94
Trd, 431135.683, 104
Trd, 431135.933, 95
Trd, 431136.100, 95
Trd, 431137.267, 95
Trd, 431139.133, 94
Trd, 431139.583, 93
Trd, 431139.867, 96
Trd, 431140.083, 106
Trd, 431141.233, 88
Trd, 431142.367, 86
Trd, 431144.050, 86
Trd, 431144.950, 100
Trd, 431145.300, 102
Trd, 431145.817, 105
Trd, 431146.283, 93
Trd, 431146.333, 106
Trd, 431146.950, 92
Trd, 431148.150, 94
Trd, 431149.333, 84
Trd, 431150.100, 104
Trd, 431150.117, 83
Trd, 431151.933, 105
Trd, 431152.400, 106
Trd, 431152.550, 96
Trd, 431153.350, 107
Trd, 431153.417, 95
Trd, 431154.500, 96
Trd, 431155.017, 95
Trd, 431155.033, 93
Trd, 431155.833, 103
Trd, 431158.183, 93
Trd, 431158.833, 101
Trd, 431159.400, 115
Trd, 431159.817, 94
Trd, 431160.200, 96
Trd, 431160.650, 115
Trd, 431161.000, 85
Trd, 431162.333, 95
Trd, 431163.250, 88
Trd, 431163.833, 95
Trd, 431164.567, 100
Trd, 431165.033, 90
Trd, 431165.133, 89
Trd, 431165.550, 88
Trd, 431166.000, 101
Trd, 431166.700, 104
Trd, 431167.517, 102
Trd, 431169.500, 87
Trd, 431169.683, 84
Trd, 431170.467, 76
Trd, 431170.800, 95
Trd, 431172.383, 87
Trd, 431173.067, 96
Trd, 431173.350, 104
Trd, 431176.133, 101
Trd, 431176.417, 101
Trd, 431177.133, 95
Trd, 431177.517, 106
Trd, 431178.383, 99
Trd, 431178.633, 95
Trd, 431179.467, 108
Trd, 431179.517, 95
Trd, 431179.733, 110
Trd, 431180.683, 109
Trd, 431181.033, 108
Trd, 431181.267, 104
Trd, 431183.183, 96
Trd, 431183.717, 108
Trd, 431183.967, 97
Trd, 431185.267, 109
Trd, 431186.250, 99
Trd, 431186.967, 98
Trd, 431188.717, 104
Trd, 431189.467, 102
Trd, 431190.500, 102
Trd, 431190.800, 102
Trd, 431192.417, 95
Trd, 431192.617, 93
Trd, 431193.100, 87
Trd, 431193.133, 96
Trd, 431193.150, 104
Trd, 431194.417, 106
Trd, 431195.650, 85
Trd, 431196.017, 92
Trd, 431196.233, 106
Trd, 431196.550, 84
Trd, 431197.100, 90
Trd, 431198.300, 85
Trd, 431199.383, 92
Trd, 431200.067, 89
Trd, 431201.233, 97
Trd, 431201.417, 95
Trd, 431202.917, 84
Trd, 431203.100, 88
Trd, 431203.333, 82
Trd, 431203.717, 95
Trd, 431204.600, 95
Trd, 431205.050, 96
Trd, 431205.550, 87
Trd, 431208.367, 103
Trd, 431208.450, 102
Trd, 431208.533, 105
Trd, 431209.683, 106
Trd, 431209.850, 110
Trd, 431211.217, 108
Trd, 431211.450, 107
Trd, 431211.483, 106
Trd, 431211.833, 97
Trd, 431213.083, 98
Trd, 431213.650, 98
Trd, 431214.983, 98
Trd, 431215.517, 102
Trd, 431215.933, 107
Trd, 431216.417, 101
Trd, 431218.633, 104
Trd, 431219.050, 103
Trd, 431219.750, 106
Trd, 431220.017, 110
Trd, 431221.950, 104
Trd, 431222.617, 100
Trd, 431223.100, 94
Trd, 431223.150, 93
Trd, 431223.800, 96
Trd, 431225.317, 93
Trd, 431225.700, 94
Trd, 431226.167, 91
Trd, 431226.400, 101
Trd, 431226.533, 106
Trd, 431228.283, 106
Trd, 431229.333, 92
Trd, 431229.567, 89
Trd, 431230.300, 88
Trd, 431230.550, 87
Trd, 431231.383, 85
Trd, 431232.083, 91
Trd, 431234.267, 97
Trd, 431235.367, 106
Trd, 431235.483, 103
Trd, 431235.783, 94
Trd, 431236.667, 104
Trd, 431236.783, 103
Trd, 431237.567, 93
Trd, 431238.150, 93
Trd, 431239.033, 95
Trd, 431239.517, 96
Trd, 431240.900, 92
Trd, 431241.217, 85
Trd, 431242.100, 93
Trd, 431242.933, 89
Trd, 431244.733, 95
Trd, 431244.783, 105
Trd, 431244.917, 94
Trd, 431247.700, 97
Trd, 431248.417, 96
Trd, 431250.533, 103
Trd, 431250.817, 103
Trd, 431251.083, 104
Trd, 431251.283, 106
Trd, 431251.400, 103
Trd, 431252.067, 100
Trd, 431254.250, 107
Trd, 431254.350, 106
Trd, 431254.433, 104
Trd, 431254.833, 95
Trd, 431255.417, 93
Trd, 431255.683, 92
Trd, 431257.750, 97
Trd, 431258.000, 105
Trd, 431258.300, 85
Trd, 431258.800, 85
Trd, 431259.717, 105
Trd, 431260.450, 96
Trd, 431260.650, 96
Trd, 431262.567, 106
Trd, 431262.983, 104
Trd, 431263.533, 102
Trd, 431264.183, 104
Trd, 431264.217, 103
Trd, 431264.267, 89
Trd, 431264.450, 87
Trd, 431266.083, 101
Trd, 431266.150, 98
Trd, 431266.350, 104
Trd, 431268.133, 96
Trd, 431268.567, 104
Trd, 431270.983, 96
Trd, 431271.083, 106
Trd, 431272.550, 103
Trd, 431272.733, 110
Trd, 431272.917, 102
Trd, 431273.583, 99
Trd, 431274.250, 95
Trd, 431275.717, 100
Trd, 431275.800, 93
Trd, 431275.967, 113
Trd, 431277.233, 104
Trd, 431279.967, 109
Trd, 431281.300, 95
Trd, 431281.733, 107
Trd, 431283.217, 101
Trd, 431283.267, 100
Trd, 431283.767, 97
Trd, 431283.817, 95
Trd, 431283.883, 100
Trd, 431284.083, 95
Trd, 431284.450, 88
Trd, 431284.817, 107
Trd, 431286.767, 96
Trd, 431287.917, 101
Trd, 431288.967, 100
Trd, 431289.117, 87
Trd, 431289.700, 88
Trd, 431290.300, 94
Trd, 431290.850, 96
Trd, 431291.217, 91
Trd, 431292.600, 89
Trd, 431292.850, 87
Trd, 431293.200, 106
Trd, 431294.133, 85
Trd, 431295.283, 84
Trd, 431295.350, 95
Trd, 431297.717, 105
Trd, 431298.000, 97
Trd, 431299.083, 97
Trd, 431299.183, 93
Trd, 431300.017, 96
Trd, 431300.067, 102
Trd, 431300.417, 96
Trd, 431300.783, 102
Trd, 431302.033, 103
Trd, 431302.383, 96
Trd, 431303.933, 92
Trd, 431304.567, 88
Trd, 431307.133, 103
Trd, 431307.700, 100
Trd, 431307.800, 98
Trd, 431308.183, 106
Trd, 431308.383, 97
Trd, 431308.817, 93
Trd, 431311.017, 101
Trd, 431311.067, 100
Trd, 431311.567, 98
Trd, 431312.933, 103
Trd, 431313.133, 102
Trd, 431313.800, 102
Trd, 431314.183, 106
Trd, 431314.750, 95
Trd, 431314.967, 107
Trd, 431315.750, 93
Trd, 431317.017, 109
Trd, 431317.583, 102
Trd, 431319.200, 115
Trd, 431319.500, 117
Trd, 431319.550, 106
Trd, 431319.783, 104
Trd, 431320.533, 95
Trd, 431321.117, 95
Trd, 431322.417, 105
Trd, 431323.017, 107
Trd, 431323.217, 93
Trd, 431323.450, 95
Trd, 431324.083, 106
Trd, 431324.367, 93
Trd, 431324.983, 102
Trd, 431325.217, 108
Trd, 431326.433, 96
Trd, 431328.500, 102
Trd, 431328.800, 103
Trd, 431329.583, 101
Trd, 431330.833, 94
Trd, 431331.517, 94
Trd, 431331.683, 114
Trd, 431331.800, 93
Trd, 431331.850, 110
Trd, 431331.933, 86
Trd, 431332.000, 84
Trd, 431332.650, 112
Trd, 431336.050, 103
Trd, 431336.117, 102
Trd, 431336.217, 107
Trd, 431337.700, 105
Trd, 431338.100, 96
Trd, 431339.300, 102
Trd, 431340.200, 104
Trd, 431341.450, 105
Trd, 431341.767, 107
Trd, 431342.017, 98
Trd, 431343.117, 94
Trd, 431343.233, 109
Trd, 431343.467, 113
Trd, 431343.717, 87
Trd, 431344.233, 105
Trd, 431346.200, 109
Trd, 431346.733, 95
Trd, 431347.817, 116
Trd, 431348.683, 97
Trd, 431349.050, 86
Trd, 431350.067, 81
Trd, 431351.267, 101
Trd, 431352.017, 91
Trd, 431353.400, 94
Trd, 431354.000, 93
Trd, 431354.317, 90
Trd, 431355.117, 103
Trd, 431355.783, 95
Trd, 431356.067, 87
Trd, 431358.150, 88
Trd, 431359.217, 91
Trd, 431359.317, 96
Trd, 431359.733, 93
Trd, 431360.867, 104
Trd, 431361.900, 96
Trd, 431361.950, 95
Trd, 431362.467, 104
Trd, 431363.817, 99
Trd, 431364.533, 105
Trd, 431364.567, 106
Trd, 431365.850, 104
Trd, 431365.867, 98
Trd, 431366.017, 115
Trd, 431366.217, 117
Trd, 431367.817, 102
Trd, 431370.067, 106
Trd, 431370.383, 107
Trd, 431370.533, 95
Trd, 431370.683, 93
Trd, 431371.550, 88
Trd, 431372.867, 87
Trd, 431373.467, 96
Trd, 431375.567, 95
Trd, 431376.133, 101
Trd, 431376.850, 100
Trd, 431377.317, 94
Trd, 431378.133, 98
Trd, 431378.917, 99
Trd, 431380.767, 101
Trd, 431381.267, 107
Trd, 431381.317, 110
Trd, 431381.667, 95
Trd, 431382.817, 115
Trd, 431383.750, 114
Trd, 431383.933, 106
Trd, 431384.933, 93
Trd, 431385.267, 93
Trd, 431385.517, 87
Trd, 431385.567, 85
Trd, 431387.283, 94
Trd, 431387.333, 86
Trd, 431387.883, 95
Trd, 431388.567, 102
Trd, 431389.283, 94
Trd, 431391.000, 83
Trd, 431391.900, 83
Trd, 431392.117, 84
Trd, 431392.167, 87
Trd, 431392.367, 77
Trd, 431392.467, 106
Trd, 431395.117, 97
Trd, 431396.617, 106
Trd, 431396.950, 107
Trd, 431397.083, 103
Trd, 431397.383, 104
Trd, 431398.200, 105
Trd, 431398.333, 104
Trd, 431399.150, 87
Trd, 431400.650, 102
Trd, 431400.667, 106
Trd, 431401.200, 109
Trd, 431401.450, 96
Trd, 431401.950, 93
Trd, 431402.200, 110
Trd, 431402.217, 84
Trd, 431402.483, 95
Trd, 431405.217, 105
Trd, 431405.417, 102
Trd, 431405.783, 101
Trd, 431407.400, 104
Trd, 431408.883, 101
Trd, 431409.217, 104
Trd, 431409.800, 95
Trd, 431410.317, 86
Trd, 431410.400, 80
Trd, 431411.433, 96
Trd, 431411.883, 103
Trd, 431412.367, 98
Trd, 431412.550, 104
Trd, 431413.400, 93
Trd, 431413.733, 106
Trd, 431415.850, 108
Trd, 431415.983, 107
Trd, 431416.117, 104
Trd, 431416.783, 107
Trd, 431417.333, 109
Trd, 431417.617, 106
Trd, 431417.883, 110
Trd, 431419.033, 94
Trd, 431419.350, 104
Trd, 431420.667, 93
Trd, 431421.917, 105
Trd, 431422.333, 104
Trd, 431423.533, 109
Trd, 431424.367, 100
Trd, 431424.683, 100
Trd, 431424.783, 99
Trd, 431427.067, 101
Trd, 431428.350, 91
Trd, 431430.483, 85
Trd, 431431.100, 96
Trd, 431431.683, 95
Trd, 431432.467, 102
Trd, 431432.583, 106
Trd, 431433.300, 99
Trd, 431433.383, 90
Trd, 431433.483, 109
Trd, 431434.533, 91
Trd, 431435.050, 92
Trd, 431437.083, 97
Trd, 431437.183, 95
Trd, 431437.450, 106
Trd, 431438.533, 95
Trd, 431439.533, 107
Trd, 431440.183, 106
Trd, 431440.250, 102
Trd, 431440.617, 95
Trd, 431442.583, 92
Trd, 431442.850, 91
Trd, 431443.267, 87
Trd, 431444.233, 99
Trd, 431444.367, 98
Trd, 431444.567, 111
Trd, 431446.550, 108
Trd, 431446.833, 108
Trd, 431447.367, 106
Trd, 431447.750, 90
Trd, 431448.400, 97
Trd, 431449.200, 105
Trd, 431449.517, 105
Trd, 431450.233, 106
Trd, 431450.533, 93
Trd, 431450.583, 104
Trd, 431451.983, 93
Trd, 431452.350, 109
Trd, 431453.467, 98
Trd, 431454.383, 98
Trd, 431457.383, 94
Trd, 431457.550, 102
Trd, 431458.200, 87
Trd, 431459.100, 108
Trd, 431459.667, 109
Trd, 431460.633, 94
Trd, 431460.767, 91
Trd, 431461.817, 110
Trd, 431462.100, 106
Trd, 431462.350, 106
Trd, 431462.633, 104
Trd, 431463.833, 98
Trd, 431465.450, 101
Trd, 431466.100, 100
Trd, 431466.150, 93
Trd, 431467.500, 95
Trd, 431468.500, 87
Trd, 431469.817, 98
Trd, 431470.467, 98
Trd, 431470.533, 100
Trd, 431470.583, 97
Trd, 431472.017, 106
Trd, 431472.717, 104
Trd, 431473.883, 110
Trd, 431474.067, 99
Trd, 431474.150, 112
Trd, 431476.100, 105
Trd, 431476.750, 113
Trd, 431477.667, 106
Trd, 431477.833, 105
Trd, 431480.500, 94
Trd, 431480.550, 92
Trd, 431480.633, 84
Trd, 431481.250, 106
Trd, 431481.483, 104
Trd, 431482.200, 105
Trd, 431483.467, 94
Trd, 431483.700, 103
Trd, 431483.783, 93
Trd, 431484.367, 93
Trd, 431484.900, 100
Trd, 431484.950, 97
Trd, 431485.483, 101
Trd, 431486.733, 87
Trd, 431487.333, 95
Trd, 431488.400, 106
Trd, 431488.883, 96
Trd, 431489.133, 96
Trd, 431489.167, 86
Trd, 431489.183, 106
Trd, 431491.783, 97
Trd, 431491.817, 109
Trd, 431492.450, 105
Trd, 431493.167, 104
Trd, 431494.750, 98
Trd, 431494.867, 99
Trd, 431494.917, 95
Trd, 431495.067, 109
Trd, 431496.367, 108
Trd, 431496.600, 105
Trd, 431497.017, 96
Trd, 431497.483, 104
Trd, 431498.217, 95
Trd, 431499.100, 109
Trd, 431501.050, 107
Trd, 431502.283, 111
Trd, 431502.350, 99
Trd, 431504.450, 108
Trd, 431504.733, 107
Trd, 431505.317, 106
Trd, 431508.267, 98
Trd, 431508.417, 97
Trd, 431508.567, 104
Trd, 431508.683, 100
Trd, 431509.150, 97
Trd, 431510.100, 96
Trd, 431510.967, 93
Trd, 431512.533, 93
Trd, 431513.000, 88
Trd, 431513.617, 99
Trd, 431513.683, 89
Trd, 431514.467, 89
Trd, 431515.017, 104
Trd, 431515.267, 106
Trd, 431516.000, 95
Trd, 431516.750, 87
Trd, 431517.117, 96
Trd, 431517.217, 87
Trd, 431518.167, 93
Trd, 431518.217, 85
Trd, 431518.917, 104
Trd, 431519.450, 109
Trd, 431520.183, 95
Trd, 431520.767, 102
Trd, 431520.933, 99
Trd, 431521.467, 96
Trd, 431521.683, 95
Trd, 431522.533, 104
Trd, 431522.933, 95
Trd, 431526.117, 94
Trd, 431526.450, 106
Trd, 431527.367, 96
Trd, 431527.517, 98
Trd, 431527.817, 94
Trd, 431529.500, 95
Trd, 431529.833, 97
Trd, 431530.050, 96
Trd, 431530.983, 101
Trd, 431531.067, 100
Trd, 431533.600, 103
Trd, 431534.083, 99
Trd, 431535.450, 104
Trd, 431536.050, 98
Trd, 431536.550, 97
Trd, 431536.950, 103
Trd, 431537.733, 97
Trd, 431537.850, 95
Trd, 431539.350, 102
Trd, 431539.717, 96
Trd, 431540.300, 94
Trd, 431540.533, 86
Trd, 431541.417, 106
Trd, 431541.750, 107
Trd, 431542.033, 105
Trd, 431546.267, 105
Trd, 431546.367, 107
Trd, 431546.767, 104
Trd, 431547.983, 95
Trd, 431548.133, 94
Trd, 431548.467, 95
Trd, 431548.967, 93
Trd, 431550.083, 102
Trd, 431550.283, 97
Trd, 431551.067, 93
Trd, 431551.233, 99
Trd, 431551.583, 88
Trd, 431553.117, 93
Trd, 431553.317, 91
Trd, 431553.550, 95
Trd, 431554.467, 95
Trd, 431554.550, 104
Trd, 431554.633, 109
Trd, 431555.250, 110
Trd, 431556.800, 92
Trd, 431557.033, 91
Trd, 431557.467, 96
Trd, 431558.183, 97
Trd, 431558.383, 98
Trd, 431558.817, 104
Trd, 431558.867, 97
Trd, 431559.683, 92
Trd, 431562.050, 89
Trd, 431562.367, 91
Trd, 431562.450, 106
Trd, 431562.483, 109
Trd, 431563.417, 86
Trd, 431564.467, 87
Trd, 431566.583, 98
Trd, 431567.783, 98
Trd, 431567.983, 99
Trd, 431569.450, 102
Trd, 431572.067, 92
Trd, 431572.450, 93
Trd, 431572.883, 92
Trd, 431573.183, 88
Trd, 431573.400, 106
Trd, 431575.267, 102
Trd, 431575.583, 103
Trd, 431578.000, 102
Trd, 431578.067, 104
Trd, 431578.667, 95
Trd, 431579.133, 95
Trd, 431580.817, 98
Trd, 431580.883, 97
Trd, 431580.917, 96
Trd, 431582.500, 93
Trd, 431583.083, 88
Trd, 431583.250, 86
Trd, 431583.950, 94
Trd, 431584.717, 103
Trd, 431585.467, 104
Trd, 431586.950, 104
Trd, 431587.800, 104
Trd, 431589.317, 93
Trd, 431590.333, 91
Trd, 431590.383, 92
Trd, 431591.900, 103
Trd, 431592.883, 102
Trd, 431593.383, 96
Trd, 431593.800, 106
Trd, 431594.150, 95
Trd, 431594.650, 93
Trd, 431595.333, 87
Trd, 431596.500, 97
Trd, 431597.033, 95
Trd, 431598.283, 93
Trd, 431598.850, 96
Trd, 431599.833, 97
Trd, 431600.817, 95
Trd, 431600.950, 95
Trd, 431601.483, 93
Trd, 431601.583, 87
Trd, 431602.033, 101
Trd, 431603.417, 96
Trd, 431604.067, 87
Trd, 431605.400, 104
Trd, 431605.750, 106
Trd, 431606.317, 105
Trd, 431607.400, 110
Trd, 431608.550, 112
Trd, 431608.900, 111
Trd, 431609.283, 106
Trd, 431609.550, 104
Trd, 431610.050, 104
Trd, 431610.650, 102
Trd, 431611.917, 101
Trd, 431612.383, 106
Trd, 431612.717, 101
Trd, 431613.017, 95
Trd, 431614.133, 93
Trd, 431615.817, 93
Trd, 431615.850, 105
Trd, 431617.233, 96
Trd, 431618.133, 100
Trd, 431618.317, 85
Trd, 431619.033, 85
Trd, 431620.850, 87
Trd, 431621.150, 106
Trd, 431622.683, 105
Trd, 431623.667, 105
Trd, 431624.117, 109
Trd, 431624.717, 104
Trd, 431625.150, 94
Trd, 431625.167, 93
Trd, 431625.450, 95
Trd, 431626.283, 106
Trd, 431627.767, 100
Trd, 431628.300, 101
Trd, 431628.450, 106
Trd, 431630.183, 94
Trd, 431630.433, 86
Trd, 431632.200, 90
Trd, 431633.167, 93
Trd, 431633.317, 97
Trd, 431633.500, 104
Trd, 431633.683, 84
Trd, 431634.633, 88
Trd, 431635.467, 93
Trd, 431635.600, 89
Trd, 431637.517, 100
Trd, 431637.583, 98
Trd, 431639.333, 101
Trd, 431640.867, 101
Trd, 431641.417, 98
Trd, 431641.500, 96
Trd, 431641.967, 97
Trd, 431643.217, 105
Trd, 431644.433, 99
Trd, 431644.583, 97
Trd, 431644.967, 96
Trd, 431645.533, 105
Trd, 431645.700, 94
Trd, 431646.483, 94
Trd, 431647.117, 103
Trd, 431648.633, 95
Trd, 431648.883, 99
Trd, 431649.033, 102
Trd, 431649.300, 93
Trd, 431649.983, 88
Trd, 431650.983, 91
Trd, 431652.433, 100
Trd, 431653.700, 100
Trd, 431653.950, 104
Trd, 431654.783, 91
Trd, 431655.367, 99
Trd, 431655.683, 100
Trd, 431656.750, 99
Trd, 431657.900, 97
Trd, 431658.900, 98
Trd, 431658.967, 97
Trd, 431659.467, 95
Trd, 431660.767, 106
Trd, 431661.250, 117
Trd, 431661.317, 92
Trd, 431663.467, 96
Trd, 431663.717, 97
Trd, 431664.033, 98
Trd, 431664.450, 99
Trd, 431664.583, 101
Trd, 431664.733, 97
Trd, 431665.550, 106
Trd, 431665.583, 109
Trd, 431665.833, 87
Trd, 431666.667, 85
Trd, 431669.217, 104
Trd, 431669.250, 107
Trd, 431669.783, 93
Trd, 431670.917, 92
Trd, 431671.500, 95
Trd, 431673.100, 95
Trd, 431673.117, 93
Trd, 431673.300, 84
Trd, 431673.800, 98
Trd, 431675.017, 91
Trd, 431675.233, 87
Trd, 431675.950, 96
Trd, 431676.300, 104
Trd, 431677.383, 94
Trd, 431677.750, 103
Trd, 431678.850, 103
Trd, 431679.583, 94
Trd, 431680.017, 90
Trd, 431680.633, 94
Trd, 431680.733, 104
Trd, 431681.100, 95
Trd, 431681.517, 95
Trd, 431682.033, 106
Trd, 431682.067, 95
Trd, 431682.200, 94
Trd, 431683.667, 93
Trd, 431686.483, 104
Trd, 431687.450, 96
Trd, 431690.000, 104
Trd, 431691.550, 95
Trd, 431692.083, 89
Trd, 431693.067, 91
Trd, 431693.717, 97
Trd, 431694.467, 95
Trd, 431694.617, 96
Trd, 431694.833, 106
Trd, 431695.433, 107
Trd, 431695.583, 112
Trd, 431695.750, 106
Trd, 431696.750, 94
Trd, 431696.817, 92
Trd, 431697.117, 93
Trd, 431698.083, 91
Trd, 431698.283, 88
Trd, 431698.317, 87
Trd, 431698.367, 86
Trd, 431698.967, 82
Trd, 431699.067, 96
Trd, 431699.450, 105
Trd, 431702.133, 95
Trd, 431702.600, 104
Trd, 431703.783, 105
Trd, 431704.300, 104
Trd, 431704.583, 95
Trd, 431705.100, 109
Trd, 431706.267, 102
Trd, 431708.267, 102
Trd, 431709.533, 101
Trd, 431710.533, 104
Trd, 431710.550, 100
Trd, 431711.217, 95
Trd, 431712.200, 104
Trd, 431712.283, 102
Trd, 431713.133, 94
Trd, 431713.800, 106
Trd, 431714.883, 112
Trd, 431715.333, 91
Trd, 431715.600, 89
Trd, 431715.883, 115
Trd, 431716.850, 97
Trd, 431718.083, 94
Trd, 431718.783, 96
Trd, 431720.267, 99
Trd, 431721.250, 100
Trd, 431722.717, 87
Trd, 431722.850, 87
Trd, 431724.333, 96
Trd, 431724.667, 98
Trd, 431725.967, 102
Trd, 431727.467, 103
Trd, 431728.217, 104
Trd, 431728.600, 104
Trd, 431728.983, 106
Trd, 431730.600, 106
Trd, 431731.100, 105
Trd, 431731.117, 95
Trd, 431731.500, 89
Trd, 431732.767, 90
Trd, 431733.833, 90
Trd, 431733.933, 95
Trd, 431734.983, 96
Trd, 431735.200, 98
Trd, 431736.317, 96
Trd, 431736.483, 96
Trd, 431737.300, 93
Trd, 431737.433, 93
Trd, 431738.300, 99
Trd, 431738.350, 86
Trd, 431740.100, 102
Trd, 431740.133, 101
Trd, 431740.400, 101
Trd, 431742.000, 104
Trd, 431742.917, 106
Trd, 431743.250, 111
Trd, 431744.117, 103
Trd, 431744.617, 104
Trd, 431744.950, 97
Trd, 431745.433, 102
Trd, 431748.533, 96
Trd, 431748.617, 95
Trd, 431749.450, 98
Trd, 431749.700, 99
Trd, 431750.183, 105
Trd, 431751.350, 106
Trd, 431751.933, 106
Trd, 431752.833, 101
Trd, 431753.150, 93
Trd, 431755.117, 110
Trd, 431756.000, 94
Trd, 431756.233, 93
Trd, 431756.817, 94
Trd, 431756.983, 93
Trd, 431757.583, 95
Trd, 431758.683, 86
Trd, 431759.600, 87
Trd, 431760.333, 86
Trd, 431760.383, 85
Trd, 431761.350, 109
Trd, 431761.683, 100
Trd, 431761.800, 110
Trd, 431762.100, 91
Trd, 431763.100, 104
Trd, 431764.100, 98
Trd, 431765.883, 98
Trd, 431766.233, 103
Trd, 431766.833, 102
Trd, 431767.483, 105
Trd, 431767.883, 94
Trd, 431768.683, 94
Trd, 431770.067, 96
Trd, 431771.017, 94
Trd, 431772.867, 94
Trd, 431772.933, 95
Trd, 431773.383, 94
Trd, 431773.833, 93
Trd, 431773.933, 96
Trd, 431774.800, 105
Trd, 431775.333, 95
Trd, 431775.367, 93
Trd, 431777.683, 106
Trd, 431778.083, 106
Trd, 431778.183, 96
Trd, 431778.667, 107
Trd, 431779.117, 108
Trd, 431779.883, 104
Trd, 431780.133, 95
Trd, 431781.150, 106
Trd, 431781.833, 87
Trd, 431782.417, 86
Trd, 431785.067, 94
Trd, 431785.283, 90
Trd, 431787.117, 99
Trd, 431787.650, 96
Trd, 431788.117, 95
Trd, 431789.450, 106
Trd, 431789.467, 105
Trd, 431789.867, 109
Trd, 431791.600, 109
Trd, 431792.250, 109
Trd, 431793.033, 106
Trd, 431794.633, 106
Trd, 431794.700, 110
Trd, 431796.100, 105
Trd, 431796.917, 104
Trd, 431797.000, 95
Trd, 431797.167, 94
Trd, 431797.350, 104
Trd, 431797.667, 93
Trd, 431798.400, 105
Trd, 431799.300, 101
Trd, 431801.150, 94
Trd, 431801.483, 107
Trd, 431803.100, 105
Trd, 431804.067, 104
Trd, 431805.300, 107
Trd, 431805.767, 105
Trd, 431805.917, 102
Trd, 431806.667, 106
Trd, 431807.000, 98
Trd, 431807.083, 95
Trd, 431807.400, 94
Trd, 431807.550, 87
Trd, 431807.617, 109
Trd, 431808.900, 90
Trd, 431809.633, 99
Trd, 431809.650, 90
Trd, 431812.333, 94
Trd, 431812.367, 97
Trd, 431812.500, 104
Trd, 431812.800, 95
Trd, 431813.817, 98
Trd, 431814.167, 98
Trd, 431814.333, 104
Trd, 431814.383, 111
Trd, 431814.583, 97
Trd, 431816.100, 93
Trd, 431816.583, 104
Trd, 431818.567, 108
Trd, 431820.683, 104
Trd, 431820.717, 107
Trd, 431821.217, 103
Trd, 431821.350, 102
Trd, 431822.650, 94
Trd, 431823.433, 95
Trd, 431824.283, 104
Trd, 431825.133, 96
Trd, 431825.150, 95
Trd, 431825.500, 93
Trd, 431827.450, 94
Trd, 431828.033, 92
Trd, 431828.083, 103
Trd, 431828.400, 86
Trd, 431829.550, 102
Trd, 431829.700, 98
Trd, 431829.800, 94
Trd, 431831.200, 104
Trd, 431831.500, 109
Trd, 431831.967, 104
Trd, 431832.200, 110
Trd, 431832.267, 88
Trd, 431833.817, 94
Trd, 431834.900, 103
Trd, 431834.983, 93
Trd, 431835.517, 98
Trd, 431835.583, 97
Trd, 431837.550, 99
Trd, 431839.750, 101
Trd, 431839.817, 99
Trd, 431839.850, 97
Trd, 431840.483, 103
Trd, 431840.583, 87
Trd, 431842.367, 86
Trd, 431843.100, 91
Trd, 431843.450, 102
Trd, 431844.717, 105
Trd, 431845.667, 104
Trd, 431847.033, 106
Trd, 431847.167, 102
Trd, 431847.400, 109
Trd, 431848.033, 101
Trd, 431848.150, 110
Trd, 431848.633, 93
Trd, 431849.067, 92
Trd, 431849.567, 103
Trd, 431850.217, 87
Trd, 431850.317, 110
Trd, 431851.000, 116
Trd, 431853.783, 93
Trd, 431853.833, 90
Trd, 431854.017, 110
Trd, 431855.783, 99
Trd, 431856.850, 101
Trd, 431857.333, 101
Trd, 431857.350, 87
Trd, 431857.717, 92
Trd, 431859.050, 91
Trd, 431860.067, 94
Trd, 431860.317, 93
Trd, 431861.317, 92
Trd, 431861.767, 87
Trd, 431862.783, 104
Trd, 431863.017, 106
Trd, 431863.200, 101
Trd, 431863.617, 102
Trd, 431866.300, 105
Trd, 431866.433, 96
Trd, 431867.183, 106
Trd, 431867.700, 105
Trd, 431868.750, 106
Trd, 431868.933, 109
Trd, 431871.000, 111
Trd, 431872.317, 106
Trd, 431873.100, 105
Trd, 431873.550, 104
Trd, 431873.683, 102
Trd, 431874.400, 102
Trd, 431874.967, 100
Trd, 431875.050, 99
Trd, 431876.217, 95
Trd, 431877.333, 95
Trd, 431878.350, 93
Trd, 431878.467, 97
Trd, 431880.050, 93
Trd, 431880.283, 104
Trd, 431880.600, 87
Trd, 431880.917, 86
Trd, 431881.217, 97
Trd, 431882.583, 103
Trd, 431882.917, 98
Trd, 431883.483, 96
Trd, 431883.933, 99
Trd, 431885.017, 103
Trd, 431885.467, 97
Trd, 431887.317, 106
Trd, 431887.583, 98
Trd, 431887.717, 96
Trd, 431889.133, 104
Trd, 431889.900, 106
Trd, 431889.983, 104
Trd, 431890.267, 103
Trd, 431890.550, 97
Trd, 431891.250, 96
Trd, 431891.683, 106
Trd, 431891.750, 104
Trd, 431893.033, 95
Trd, 431893.433, 106
Trd, 431893.867, 98
Trd, 431895.450, 87
Trd, 431895.733, 99
Trd, 431897.833, 86
Trd, 431898.467, 100
Trd, 431898.533, 99
Trd, 431899.500, 96
Trd, 431900.467, 101
Trd, 431901.350, 106
Trd, 431902.217, 104
Trd, 431902.233, 98
Trd, 431902.433, 97
Trd, 431905.383, 95
Trd, 431905.950, 91
Trd, 431906.450, 106
Trd, 431907.283, 95
Trd, 431908.217, 96
Trd, 431908.450, 94
Trd, 431908.933, 97
Trd, 431909.200, 93
Trd, 431909.650, 101
Trd, 431911.517, 98
Trd, 431911.767, 93
Trd, 431913.700, 106
Trd, 431914.717, 98
Trd, 431915.167, 106
Trd, 431915.500, 105
Trd, 431916.717, 106
Trd, 431916.867, 104
Trd, 431917.417, 93
Trd, 431917.817, 107
Trd, 431918.350, 109
Trd, 431918.833, 113
Trd, 431918.917, 104
Trd, 431919.500, 106
Trd, 431919.617, 105
Trd, 431919.817, 92
Trd, 431919.867, 93
Trd, 431921.250, 98
Trd, 431921.283, 97
Trd, 431921.383, 95
Trd, 431921.833, 107
Trd, 431922.350, 93
Trd, 431924.383, 94
Trd, 431925.517, 103
Trd, 431926.450, 103
Trd, 431927.033, 104
Trd, 431928.683, 99
Trd, 431928.733, 99
Trd, 431928.917, 109
Trd, 431929.850, 106
Trd, 431930.467, 102
Trd, 431931.300, 95
Trd, 431932.733, 93
Trd, 431932.967, 87
Trd, 431933.900, 96
Trd, 431934.017, 106
Trd, 431934.367, 88
Trd, 431936.833, 106
Trd, 431937.267, 86
Trd, 431939.050, 90
Trd, 431939.367, 95
Trd, 431940.133, 95
Trd, 431942.317, 100
Trd, 431943.183, 101
Trd, 431943.350, 105
Trd, 431944.183, 104
Trd, 431944.750, 102
Trd, 431944.783, 106
Trd, 431945.083, 99
Trd, 431945.767, 98
Trd, 431946.050, 93
Trd, 431946.217, 93
Trd, 431946.517, 105
Trd, 431947.683, 103
Trd, 431948.000, 110
Trd, 431948.233, 101
Trd, 431948.467, 87
Trd, 431948.850, 84
Trd, 431949.733, 92
Trd, 431950.017, 110
Trd, 431950.150, 86
Trd, 431951.250, 101
Trd, 431953.650, 114
Trd, 431953.767, 112
Trd, 431954.350, 107
Trd, 431954.717, 106
Trd, 431955.833, 109
Trd, 431956.217, 116
Trd, 431957.183, 103
Trd, 431957.583, 104
Trd, 431957.817, 95
Trd, 431958.617, 101
Trd, 431958.700, 95
Trd, 431959.383, 93
Trd, 431960.750, 98
Trd, 431961.150, 87
Trd, 431961.533, 105
Trd, 431962.783, 86
Trd, 431963.250, 93
Trd, 431963.833, 85
Trd, 431964.317, 97
Trd, 431966.883, 107
Trd, 431966.933, 106
Trd, 431967.167, 102
Trd, 431967.650, 106
Trd, 431968.983, 95
Trd, 431970.167, 95
Trd, 431970.700, 104
Trd, 431970.800, 96
Trd, 431971.450, 95
Trd, 431971.683, 93
Trd, 431972.283, 106
Trd, 431972.400, 109
Trd, 431974.050, 91
Trd, 431975.867, 92
Trd, 431976.200, 93
Trd, 431976.567, 103
Trd, 431977.033, 87
Trd, 431978.217, 97
Trd, 431979.017, 92
Trd, 431981.233, 93
Trd, 431981.433, 104
Trd, 431981.617, 101
Trd, 431982.050, 94
Trd, 431982.317, 105
Trd, 431983.350, 106
Trd, 431983.700, 105
Trd, 431983.767, 107
Trd, 431984.133, 104
Trd, 431984.767, 103
Trd, 431985.517, 93
Trd, 431986.133, 95
Trd, 431986.217, 86
Trd, 431986.783, 86
Trd, 431987.617, 91
Trd, 431989.633, 109
Trd, 431989.917, 107
Trd, 431990.683, 111
Trd, 431991.617, 108
Trd, 431992.400, 111
Trd, 431992.617, 108
Trd, 431992.850, 106
Trd, 431993.633, 102
Trd, 431994.200, 102
Trd, 431994.567, 89
Trd, 431994.767, 88
Trd, 431996.750, 92
Trd, 431999.017, 101
