Trd, 430703.950, 96
Trd, 430704.067, 100
Trd, 430704.100, 104
Trd, 430704.267, 92
Trd, 430705.217, 106
Trd, 430705.833, 101
Trd, 430706.250, 114
Trd, 430707.650, 89
Trd, 430707.867, 87
Trd, 430708.350, 100
Trd, 430708.383, 102
Trd, 430708.900, 119
Trd, 430710.383, 104
Trd, 430710.433, 109
Trd, 430711.117, 106
Trd, 430711.150, 101
Trd, 430711.600, 104
Trd, 430712.800, 100
Trd, 430713.567, 99
Trd, 430713.800, 98
Trd, 430714.000, 98
Trd, 430714.400, 95
Trd, 430715.083, 94
Trd, 430715.300, 95
Trd, 430715.733, 93
Trd, 430716.550, 92
Trd, 430717.250, 93
Trd, 430718.533, 96
Trd, 430719.250, 98
Trd, 430719.533, 104
Trd, 430720.850, 94
Trd, 430720.883, 94
Trd, 430721.250, 104
Trd, 430721.383, 94
Trd, 430721.567, 94
Trd, 430721.683, 107
Trd, 430722.583, 111
Trd, 430724.517, 87
Trd, 430724.700, 107
Trd, 430726.083, 107
Trd, 430726.617, 111
Trd, 430726.717, 112
Trd, 430727.133, 110
Trd, 430728.183, 87
Trd, 430729.267, 100
Trd, 430729.683, 101
Trd, 430730.033, 98
Trd, 430730.250, 97
Trd, 430730.667, 106
Trd, 430730.950, 105
Trd, 430731.150, 96
Trd, 430731.900, 95
Trd, 430732.100, 84
Trd, 430732.617, 100
Trd, 430733.883, 103
Trd, 430733.967, 95
Trd, 430734.367, 101
Trd, 430734.450, 114
Trd, 430735.450, 96
Trd, 430737.083, 92
Trd, 430737.267, 88
Trd, 430738.383, 93
Trd, 430738.917, 88
Trd, 430739.550, 88
Trd, 430740.317, 87
Trd, 430741.217, 90
Trd, 430741.483, 91
Trd, 430741.667, 92
Trd, 430742.217, 87
Trd, 430742.300, 97
Trd, 430742.850, 98
Trd, 430743.750, 104
Trd, 430745.150, 101
Trd, 430745.583, 105
Trd, 430747.083, 99
Trd, 430747.867, 99
Trd, 430748.133, 105
Trd, 430748.433, 98
Trd, 430748.533, 110
Trd, 430749.150, 109
Trd, 430749.700, 114
Trd, 430750.383, 98
Trd, 430750.567, 118
Trd, 430751.350, 87
Trd, 430751.633, 87
Trd, 430751.833, 90
Trd, 430752.167, 115
Trd, 430752.367, 79
Trd, 430753.000, 87
Trd, 430753.533, 87
Trd, 430755.467, 101
Trd, 430755.750, 95
Trd, 430757.083, 99
Trd, 430757.467, 100
Trd, 430757.600, 94
Trd, 430757.650, 94
Trd, 430758.633, 98
Trd, 430758.683, 99
Trd, 430758.967, 93
Trd, 430759.400, 94
Trd, 430761.283, 96
Trd, 430761.667, 107
Trd, 430761.883, 108
Trd, 430762.650, 96
Trd, 430762.717, 87
Trd, 430763.600, 101
Trd, 430764.550, 99
Trd, 430765.500, 87
Trd, 430766.150, 97
Trd, 430766.533, 98
Trd, 430766.783, 104
Trd, 430768.433, 105
Trd, 430768.733, 92
Trd, 430769.700, 95
Trd, 430769.733, 102
Trd, 430770.383, 102
Trd, 430770.750, 104
Trd, 430770.883, 100
Trd, 430770.900, 99
Trd, 430770.983, 109
Trd, 430771.217, 113
Trd, 430771.850, 111
Trd, 430772.467, 95
Trd, 430773.833, 98
Trd, 430774.750, 101
Trd, 430774.900, 108
Trd, 430775.183, 114
Trd, 430775.717, 95
Trd, 430777.200, 111
Trd, 430778.283, 112
Trd, 430778.300, 93
Trd, 430778.733, 94
Trd, 430778.950, 115
Trd, 430779.000, 100
Trd, 430779.200, 93
Trd, 430779.267, 89
Trd, 430780.433, 93
Trd, 430780.583, 92
Trd, 430780.817, 90
Trd, 430782.967, 87
Trd, 430783.017, 81
Trd, 430783.300, 95
Trd, 430783.700, 88
Trd, 430784.183, 84
Trd, 430785.117, 104
Trd, 430785.483, 103
Trd, 430785.633, 103
Trd, 430786.233, 93
Trd, 430786.350, 95
Trd, 430786.500, 107
Trd, 430787.383, 100
Trd, 430789.283, 103
Trd, 430789.450, 100
Trd, 430789.483, 98
Trd, 430789.517, 104
Trd, 430790.333, 106
Trd, 430790.683, 109
Trd, 430790.783, 95
Trd, 430792.083, 110
Trd, 430793.033, 103
Trd, 430793.200, 102
Trd, 430793.450, 109
Trd, 430794.033, 115
Trd, 430794.783, 101
Trd, 430794.817, 97
Trd, 430794.883, 107
Trd, 430795.983, 91
Trd, 430796.250, 111
Trd, 430798.283, 110
Trd, 430798.617, 102
Trd, 430799.833, 101
Trd, 430799.933, 87
Trd, 430799.983, 111
Trd, 430800.117, 85
Trd, 430801.533, 112
Trd, 430803.433, 105
Trd, 430805.083, 100
Trd, 430805.467, 101
Trd, 430805.617, 96
Trd, 430805.800, 103
Trd, 430805.950, 96
Trd, 430806.183, 95
Trd, 430806.217, 104
Trd, 430806.567, 105
Trd, 430806.683, 95
Trd, 430806.717, 88
Trd, 430808.150, 93
Trd, 430809.117, 102
Trd, 430809.467, 107
Trd, 430811.567, 108
Trd, 430812.033, 108
Trd, 430812.883, 106
Trd, 430812.900, 105
Trd, 430813.083, 87
Trd, 430813.483, 82
Trd, 430815.050, 108
Trd, 430815.067, 116
Trd, 430815.267, 103
Trd, 430816.133, 101
Trd, 430816.217, 101
Trd, 430816.500, 110
Trd, 430817.117, 86
Trd, 430817.300, 84
Trd, 430817.717, 85
Trd, 430817.950, 110
Trd, 430818.667, 95
Trd, 430820.883, 89
Trd, 430823.533, 97
Trd, 430823.550, 98
Trd, 430823.667, 98
Trd, 430823.833, 101
Trd, 430824.183, 101
Trd, 430825.217, 97
Trd, 430825.317, 108
Trd, 430825.950, 93
Trd, 430826.850, 106
Trd, 430827.183, 112
Trd, 430827.850, 114
Trd, 430828.750, 103
Trd, 430829.117, 115
Trd, 430829.383, 98
Trd, 430829.417, 95
Trd, 430829.783, 90
Trd, 430831.300, 97
Trd, 430831.550, 98
Trd, 430832.567, 98
Trd, 430832.800, 99
Trd, 430832.950, 100
Trd, 430833.083, 94
Trd, 430833.900, 101
Trd, 430834.833, 96
Trd, 430835.583, 105
Trd, 430837.367, 94
Trd, 430837.767, 101
Trd, 430838.083, 89
Trd, 430839.450, 95
Trd, 430839.983, 99
Trd, 430840.567, 88
Trd, 430840.700, 100
Trd, 430840.967, 102
Trd, 430841.150, 110
Trd, 430841.700, 99
Trd, 430842.433, 93
Trd, 430843.200, 106
Trd, 430843.283, 95
Trd, 430843.967, 104
Trd, 430844.167, 93
Trd, 430844.867, 93
Trd, 430845.217, 104
Trd, 430846.567, 110
Trd, 430847.300, 95
Trd, 430847.833, 96
Trd, 430848.367, 101
Trd, 430849.183, 101
Trd, 430849.667, 102
Trd, 430849.783, 99
Trd, 430849.917, 102
Trd, 430850.533, 95
Trd, 430850.567, 103
Trd, 430850.583, 104
Trd, 430851.550, 87
Trd, 430852.583, 91
Trd, 430853.417, 93
Trd, 430854.433, 101
Trd, 430854.633, 109
Trd, 430854.667, 92
Trd, 430855.833, 98
Trd, 430855.950, 98
Trd, 430856.400, 98
Trd, 430856.700, 104
Trd, 430856.883, 111
Trd, 430857.350, 104
Trd, 430858.267, 87
Trd, 430858.767, 84
Trd, 430858.783, 82
Trd, 430859.017, 110
Trd, 430860.200, 91
Trd, 430861.117, 112
Trd, 430862.500, 101
Trd, 430862.683, 106
Trd, 430862.933, 99
Trd, 430863.417, 115
Trd, 430864.033, 116
Trd, 430864.217, 95
Trd, 430864.633, 115
Trd, 430865.250, 82
Trd, 430865.283, 82
Trd, 430865.683, 115
Trd, 430866.717, 99
Trd, 430867.433, 93
Trd, 430869.567, 92
Trd, 430870.217, 107
Trd, 430870.533, 107
Trd, 430872.017, 93
Trd, 430872.417, 94
Trd, 430872.617, 95
Trd, 430872.833, 92
Trd, 430874.783, 95
Trd, 430875.483, 102
Trd, 430875.883, 104
Trd, 430876.367, 110
Trd, 430877.383, 105
Trd, 430877.433, 103
Trd, 430877.567, 104
Trd, 430878.283, 101
Trd, 430878.800, 103
Trd, 430878.933, 87
Trd, 430879.633, 92
Trd, 430879.700, 93
Trd, 430880.400, 94
Trd, 430882.550, 98
Trd, 430882.600, 97
Trd, 430882.617, 104
Trd, 430883.400, 95
Trd, 430883.667, 95
Trd, 430884.667, 106
Trd, 430884.933, 106
Trd, 430885.133, 115
Trd, 430885.283, 93
Trd, 430885.567, 92
Trd, 430885.833, 115
Trd, 430887.617, 97
Trd, 430887.983, 114
Trd, 430889.717, 118
Trd, 430890.067, 117
Trd, 430890.983, 118
Trd, 430891.683, 102
Trd, 430891.733, 101
Trd, 430892.317, 98
Trd, 430892.650, 100
Trd, 430892.783, 100
Trd, 430893.317, 100
Trd, 430893.850, 94
Trd, 430893.967, 99
Trd, 430894.283, 90
Trd, 430896.250, 96
Trd, 430896.467, 90
Trd, 430898.133, 90
Trd, 430898.267, 96
Trd, 430898.700, 98
Trd, 430899.017, 89
Trd, 430899.400, 104
Trd, 430899.433, 105
Trd, 430899.567, 87
Trd, 430900.200, 106
Trd, 430900.217, 115
Trd, 430901.733, 102
Trd, 430902.317, 90
Trd, 430903.100, 106
Trd, 430903.500, 106
Trd, 430903.967, 104
Trd, 430904.200, 101
Trd, 430904.833, 103
Trd, 430906.133, 95
Trd, 430906.250, 87
Trd, 430906.667, 87
Trd, 430907.800, 97
Trd, 430907.900, 82
Trd, 430908.050, 86
Trd, 430910.150, 86
Trd, 430910.333, 86
Trd, 430910.500, 91
Trd, 430910.767, 94
Trd, 430911.617, 97
Trd, 430912.017, 98
Trd, 430912.583, 104
Trd, 430913.400, 103
Trd, 430914.400, 103
Trd, 430914.650, 101
Trd, 430914.900, 100
Trd, 430915.150, 99
Trd, 430915.283, 101
Trd, 430915.550, 98
Trd, 430916.283, 116
Trd, 430916.500, 117
Trd, 430916.683, 115
Trd, 430917.583, 96
Trd, 430918.150, 95
Trd, 430919.817, 98
Trd, 430920.300, 99
Trd, 430920.383, 100
Trd, 430921.217, 98
Trd, 430921.683, 96
Trd, 430922.883, 98
Trd, 430923.483, 104
Trd, 430924.033, 96
Trd, 430924.850, 96
Trd, 430925.433, 104
Trd, 430925.867, 108
Trd, 430927.433, 107
Trd, 430927.867, 97
Trd, 430928.650, 111
Trd, 430928.983, 115
Trd, 430929.150, 101
Trd, 430929.900, 111
Trd, 430930.350, 101
Trd, 430931.183, 104
Trd, 430931.200, 97
Trd, 430931.517, 114
Trd, 430932.783, 96
Trd, 430933.017, 95
Trd, 430933.417, 88
Trd, 430934.267, 88
Trd, 430934.900, 87
Trd, 430935.967, 110
Trd, 430936.150, 100
Trd, 430936.183, 112
Trd, 430937.067, 110
Trd, 430937.783, 111
Trd, 430937.817, 100
Trd, 430937.833, 95
Trd, 430938.500, 109
Trd, 430938.683, 104
Trd, 430939.333, 92
Trd, 430939.383, 87
Trd, 430940.033, 82
Trd, 430940.417, 102
Trd, 430941.217, 94
Trd, 430942.733, 98
Trd, 430943.417, 96
Trd, 430943.717, 96
Trd, 430944.983, 95
Trd, 430945.133, 96
Trd, 430945.400, 97
Trd, 430947.233, 97
Trd, 430947.400, 98
Trd, 430947.583, 95
Trd, 430948.950, 96
Trd, 430949.683, 102
Trd, 430949.733, 104
Trd, 430950.233, 96
Trd, 430950.267, 109
Trd, 430950.417, 95
Trd, 430951.300, 116
Trd, 430952.083, 113
Trd, 430952.217, 91
Trd, 430953.317, 95
Trd, 430953.683, 87
Trd, 430954.417, 93
Trd, 430955.617, 94
Trd, 430955.767, 92
Trd, 430955.817, 94
Trd, 430955.967, 87
Trd, 430959.400, 97
Trd, 430959.500, 100
Trd, 430959.650, 101
Trd, 430960.233, 98
Trd, 430960.300, 97
Trd, 430961.183, 92
Trd, 430961.400, 103
Trd, 430961.500, 104
Trd, 430962.333, 99
Trd, 430962.767, 111
Trd, 430963.217, 111
Trd, 430963.750, 109
Trd, 430963.867, 110
Trd, 430964.283, 103
Trd, 430964.733, 112
Trd, 430964.867, 101
Trd, 430964.983, 114
Trd, 430965.200, 100
Trd, 430965.950, 113
Trd, 430966.833, 87
Trd, 430967.467, 81
Trd, 430967.500, 94
Trd, 430969.300, 90
Trd, 430969.450, 93
Trd, 430970.683, 95
Trd, 430971.017, 87
Trd, 430971.033, 103
Trd, 430972.350, 104
Trd, 430973.467, 90
Trd, 430973.600, 92
Trd, 430975.217, 105
Trd, 430975.617, 106
Trd, 430975.767, 102
Trd, 430976.317, 101
Trd, 430976.833, 103
Trd, 430976.850, 101
Trd, 430977.083, 101
Trd, 430977.517, 97
Trd, 430978.233, 110
Trd, 430978.883, 116
Trd, 430979.000, 117
Trd, 430980.550, 98
Trd, 430981.150, 97
Trd, 430982.767, 103
Trd, 430982.933, 104
Trd, 430983.033, 99
Trd, 430984.217, 98
Trd, 430984.717, 100
Trd, 430984.933, 98
Trd, 430984.983, 105
Trd, 430985.850, 102
Trd, 430986.700, 97
Trd, 430987.483, 95
Trd, 430987.500, 100
Trd, 430988.050, 94
Trd, 430988.650, 94
Trd, 430989.167, 84
Trd, 430989.533, 83
Trd, 430989.700, 99
Trd, 430990.250, 101
Trd, 430991.733, 97
Trd, 430993.633, 101
Trd, 430994.133, 103
Trd, 430994.600, 101
Trd, 430995.800, 100
Trd, 430996.917, 103
Trd, 430996.933, 98
Trd, 430997.317, 97
Trd, 430997.983, 98
Trd, 430998.267, 104
Trd, 430999.000, 107
Trd, 430999.617, 101
Trd, 431000.283, 98
Trd, 431000.833, 112
Trd, 431002.567, 100
Trd, 431002.617, 111
Trd, 431003.633, 111
Trd, 431004.150, 98
Trd, 431004.400, 111
Trd, 431004.417, 95
Trd, 431005.083, 104
Trd, 431005.733, 93
Trd, 431006.250, 100
Trd, 431006.867, 93
Trd, 431007.700, 101
Trd, 431007.817, 102
Trd, 431008.383, 104
Trd, 431008.950, 93
Trd, 431009.033, 104
Trd, 431009.667, 107
Trd, 431012.083, 95
Trd, 431012.350, 96
Trd, 431013.133, 89
Trd, 431013.917, 94
Trd, 431014.550, 91
Trd, 431014.850, 89
Trd, 431015.217, 89
Trd, 431015.317, 84
Trd, 431015.817, 92
Trd, 431016.033, 94
Trd, 431016.833, 97
Trd, 431018.717, 98
Trd, 431019.883, 96
Trd, 431020.183, 96
Trd, 431020.950, 96
Trd, 431021.517, 95
Trd, 431021.600, 96
Trd, 431022.117, 98
Trd, 431022.150, 87
Trd, 431023.167, 93
Trd, 431023.567, 88
Trd, 431024.133, 102
Trd, 431024.617, 101
Trd, 431025.083, 95
Trd, 431026.200, 103
Trd, 431026.217, 104
Trd, 431027.233, 98
Trd, 431027.317, 103
Trd, 431028.200, 95
Trd, 431028.467, 98
Trd, 431031.917, 90
Trd, 431032.683, 95
Trd, 431033.233, 95
Trd, 431034.050, 93
Trd, 431034.150, 99
Trd, 431034.300, 101
Trd, 431034.783, 91
Trd, 431035.250, 104
Trd, 431035.567, 106
Trd, 431036.250, 95
Trd, 431036.767, 96
Trd, 431037.600, 100
Trd, 431038.267, 101
Trd, 431038.950, 101
Trd, 431039.483, 103
Trd, 431039.500, 104
Trd, 431039.533, 109
Trd, 431039.583, 101
Trd, 431040.433, 101
Trd, 431042.100, 93
Trd, 431043.317, 97
Trd, 431043.717, 97
Trd, 431043.783, 94
Trd, 431044.333, 87
Trd, 431044.633, 93
Trd, 431045.217, 93
Trd, 431045.567, 93
Trd, 431045.933, 95
Trd, 431046.633, 98
Trd, 431047.217, 99
Trd, 431047.817, 101
Trd, 431048.917, 103
Trd, 431049.050, 101
Trd, 431049.533, 104
Trd, 431049.950, 99
Trd, 431050.900, 95
Trd, 431051.700, 99
Trd, 431051.950, 102
Trd, 431054.017, 103
Trd, 431054.100, 98
Trd, 431054.233, 91
Trd, 431054.567, 104
Trd, 431054.950, 115
Trd, 431055.117, 115
Trd, 431055.233, 100
Trd, 431056.000, 116
Trd, 431057.750, 106
Trd, 431058.217, 105
Trd, 431058.867, 106
Trd, 431059.483, 107
Trd, 431059.800, 103
Trd, 431059.883, 98
Trd, 431060.917, 102
Trd, 431061.367, 103
Trd, 431061.450, 96
Trd, 431061.900, 114
Trd, 431062.500, 94
Trd, 431063.100, 81
Trd, 431063.533, 81
Trd, 431063.683, 84
Trd, 431064.383, 81
Trd, 431064.417, 82
Trd, 431064.650, 98
Trd, 431065.600, 81
Trd, 431065.867, 113
Trd, 431066.567, 86
Trd, 431068.517, 113
Trd, 431068.783, 111
Trd, 431069.150, 109
Trd, 431069.317, 88
Trd, 431069.333, 115
Trd, 431069.650, 94
Trd, 431071.383, 109
Trd, 431072.250, 112
Trd, 431072.383, 101
Trd, 431072.600, 113
Trd, 431073.400, 115
Trd, 431073.500, 98
Trd, 431073.800, 115
Trd, 431074.033, 88
Trd, 431074.183, 88
Trd, 431075.433, 87
Trd, 431076.000, 99
Trd, 431077.467, 97
Trd, 431078.733, 97
Trd, 431079.250, 98
Trd, 431079.617, 99
Trd, 431080.283, 101
Trd, 431080.700, 98
Trd, 431080.750, 87
Trd, 431081.433, 103
Trd, 431081.583, 95
Trd, 431082.350, 97
Trd, 431082.767, 108
Trd, 431083.217, 109
Trd, 431083.650, 93
Trd, 431084.317, 104
Trd, 431084.617, 93
Trd, 431086.033, 107
Trd, 431086.100, 97
Trd, 431086.250, 93
Trd, 431086.333, 111
Trd, 431086.467, 117
Trd, 431087.033, 83
Trd, 431088.067, 83
Trd, 431089.717, 112
Trd, 431089.800, 104
Trd, 431091.550, 104
Trd, 431091.600, 100
Trd, 431092.067, 108
Trd, 431092.400, 98
Trd, 431093.100, 84
Trd, 431093.250, 97
Trd, 431094.100, 102
Trd, 431094.183, 84
Trd, 431095.300, 102
Trd, 431096.733, 96
Trd, 431096.800, 94
Trd, 431097.267, 99
Trd, 431097.350, 92
Trd, 431099.683, 101
Trd, 431099.983, 102
Trd, 431100.050, 101
Trd, 431100.133, 98
Trd, 431100.867, 103
Trd, 431101.583, 103
Trd, 431102.183, 102
Trd, 431102.350, 102
Trd, 431103.250, 101
Trd, 431103.967, 103
Trd, 431104.183, 99
Trd, 431104.483, 105
Trd, 431106.050, 94
Trd, 431106.150, 106
Trd, 431106.317, 96
Trd, 431106.350, 106
Trd, 431108.533, 109
Trd, 431109.217, 95
Trd, 431109.850, 91
Trd, 431109.983, 103
Trd, 431110.217, 87
Trd, 431110.367, 81
Trd, 431110.900, 76
Trd, 431111.683, 101
Trd, 431112.400, 113
Trd, 431113.117, 113
Trd, 431113.883, 101
Trd, 431115.033, 107
Trd, 431115.483, 100
Trd, 431115.917, 102
Trd, 431115.983, 99
Trd, 431116.283, 112
Trd, 431116.317, 98
Trd, 431116.717, 119
Trd, 431117.117, 112
Trd, 431117.900, 90
Trd, 431118.117, 105
Trd, 431118.633, 104
Trd, 431119.450, 88
Trd, 431120.333, 93
Trd, 431120.467, 88
Trd, 431120.967, 95
Trd, 431121.633, 94
Trd, 431122.883, 96
Trd, 431122.933, 98
Trd, 431123.067, 95
Trd, 431123.650, 107
Trd, 431125.233, 98
Trd, 431125.733, 97
Trd, 431126.033, 107
Trd, 431128.417, 95
Trd, 431128.850, 108
Trd, 431128.867, 109
Trd, 431129.350, 113
Trd, 431129.567, 88
Trd, 431129.717, 111
Trd, 431129.900, 113
Trd, 431130.750, 101
Trd, 431130.767, 99
Trd, 431131.967, 109
Trd, 431132.267, 82
Trd, 431132.550, 85
Trd, 431133.833, 85
Trd, 431134.167, 96
Trd, 431134.183, 98
Trd, 431134.817, 92
Trd, 431135.583, 101
Trd, 431135.617, 83
Trd, 431136.467, 106
Trd, 431136.950, 87
Trd, 431138.233, 113
Trd, 431139.050, 103
Trd, 431139.150, 112
Trd, 431139.367, 113
Trd, 431139.583, 114
Trd, 431140.033, 101
Trd, 431141.233, 102
Trd, 431142.383, 102
Trd, 431143.817, 101
Trd, 431144.233, 100
Trd, 431144.567, 101
Trd, 431144.600, 99
Trd, 431144.817, 98
Trd, 431145.100, 101
Trd, 431145.383, 100
Trd, 431146.483, 95
Trd, 431147.217, 94
Trd, 431148.233, 101
Trd, 431150.183, 102
Trd, 431150.250, 97
Trd, 431150.783, 107
Trd, 431151.633, 109
Trd, 431152.433, 100
Trd, 431152.650, 101
Trd, 431152.817, 99
Trd, 431153.733, 101
Trd, 431154.317, 98
Trd, 431154.500, 104
Trd, 431154.917, 90
Trd, 431155.250, 87
Trd, 431155.350, 99
Trd, 431155.800, 99
Trd, 431155.867, 104
Trd, 431157.567, 108
Trd, 431158.333, 95
Trd, 431159.750, 89
Trd, 431160.417, 100
Trd, 431161.150, 95
Trd, 431161.183, 103
Trd, 431161.283, 108
Trd, 431161.367, 115
Trd, 431162.233, 99
Trd, 431162.617, 107
Trd, 431163.917, 95
Trd, 431164.067, 94
Trd, 431164.233, 101
Trd, 431166.433, 99
Trd, 431166.783, 90
Trd, 431167.433, 98
Trd, 431168.600, 88
Trd, 431169.183, 87
Trd, 431169.333, 90
Trd, 431170.167, 91
Trd, 431170.300, 98
Trd, 431170.983, 102
Trd, 431171.300, 101
Trd, 431171.400, 104
Trd, 431171.633, 82
Trd, 431171.783, 109
Trd, 431172.133, 91
Trd, 431172.333, 92
Trd, 431172.350, 83
Trd, 431174.100, 96
Trd, 431174.450, 96
Trd, 431176.167, 100
Trd, 431176.917, 101
Trd, 431176.967, 98
Trd, 431177.650, 102
Trd, 431178.017, 101
Trd, 431178.933, 104
Trd, 431179.000, 97
Trd, 431179.817, 95
Trd, 431179.900, 87
Trd, 431181.233, 89
Trd, 431181.867, 88
Trd, 431182.833, 87
Trd, 431182.883, 106
Trd, 431183.400, 108
Trd, 431183.533, 101
Trd, 431183.900, 82
Trd, 431184.033, 115
Trd, 431184.350, 115
Trd, 431184.533, 119
Trd, 431184.583, 120
Trd, 431184.683, 125
Trd, 431185.150, 88
Trd, 431186.100, 100
Trd, 431186.200, 105
Trd, 431186.533, 119
Trd, 431188.933, 97
Trd, 431188.950, 96
Trd, 431189.317, 97
Trd, 431189.550, 98
Trd, 431190.467, 91
Trd, 431192.333, 93
Trd, 431192.533, 92
Trd, 431192.867, 93
Trd, 431192.883, 87
Trd, 431192.967, 82
Trd, 431193.183, 95
Trd, 431194.750, 94
Trd, 431195.583, 80
Trd, 431196.183, 78
Trd, 431197.250, 95
Trd, 431197.717, 94
Trd, 431197.933, 104
Trd, 431198.900, 94
Trd, 431200.283, 91
Trd, 431200.383, 86
Trd, 431200.417, 96
Trd, 431200.733, 98
Trd, 431200.767, 104
Trd, 431201.700, 105
Trd, 431204.150, 98
Trd, 431204.283, 97
Trd, 431204.700, 99
Trd, 431205.333, 101
Trd, 431205.550, 98
Trd, 431205.850, 93
Trd, 431206.283, 104
Trd, 431207.000, 106
Trd, 431207.083, 97
Trd, 431207.700, 107
Trd, 431208.083, 95
Trd, 431208.317, 87
Trd, 431209.600, 82
Trd, 431210.100, 86
Trd, 431212.583, 90
Trd, 431213.333, 91
Trd, 431213.383, 92
Trd, 431213.900, 95
Trd, 431214.500, 98
Trd, 431214.717, 104
Trd, 431214.833, 104
Trd, 431215.600, 101
Trd, 431215.883, 109
Trd, 431215.950, 117
Trd, 431216.167, 99
Trd, 431218.350, 103
Trd, 431218.783, 101
Trd, 431219.150, 106
Trd, 431219.467, 100
Trd, 431220.100, 99
Trd, 431221.150, 98
Trd, 431221.483, 95
Trd, 431222.250, 106
Trd, 431222.833, 101
Trd, 431223.283, 108
Trd, 431223.350, 108
Trd, 431224.317, 107
Trd, 431224.333, 105
Trd, 431225.317, 108
Trd, 431225.567, 110
Trd, 431225.733, 109
Trd, 431226.033, 106
Trd, 431227.017, 96
Trd, 431227.217, 111
Trd, 431227.867, 110
Trd, 431228.217, 95
Trd, 431228.567, 110
Trd, 431229.633, 102
Trd, 431229.833, 108
Trd, 431231.233, 102
Trd, 431231.750, 101
Trd, 431233.400, 99
Trd, 431233.450, 100
Trd, 431234.450, 102
Trd, 431234.650, 93
Trd, 431234.733, 91
Trd, 431235.383, 105
Trd, 431236.850, 104
Trd, 431237.150, 93
Trd, 431237.300, 92
Trd, 431239.000, 94
Trd, 431240.200, 91
Trd, 431240.283, 100
Trd, 431240.417, 101
Trd, 431240.500, 104
Trd, 431240.867, 85
Trd, 431241.217, 84
Trd, 431241.300, 83
Trd, 431241.867, 81
Trd, 431242.083, 106
Trd, 431242.767, 96
Trd, 431243.500, 93
Trd, 431244.283, 100
Trd, 431245.083, 102
Trd, 431245.350, 114
Trd, 431245.733, 100
Trd, 431246.367, 111
Trd, 431246.667, 95
Trd, 431247.683, 111
Trd, 431247.767, 114
Trd, 431250.017, 93
Trd, 431250.583, 93
Trd, 431251.167, 95
Trd, 431251.850, 102
Trd, 431252.100, 104
Trd, 431252.617, 112
Trd, 431253.850, 102
Trd, 431254.150, 102
Trd, 431255.100, 111
Trd, 431255.300, 103
Trd, 431255.817, 101
Trd, 431256.467, 94
Trd, 431256.633, 98
Trd, 431256.967, 103
Trd, 431258.083, 98
Trd, 431258.533, 102
Trd, 431259.867, 92
Trd, 431260.367, 93
Trd, 431260.500, 97
Trd, 431261.583, 104
Trd, 431262.300, 99
Trd, 431263.150, 98
Trd, 431263.167, 99
Trd, 431263.500, 98
Trd, 431263.550, 95
Trd, 431264.267, 93
Trd, 431265.050, 104
Trd, 431265.950, 95
Trd, 431266.050, 104
Trd, 431266.517, 107
Trd, 431268.367, 109
Trd, 431268.550, 109
Trd, 431268.867, 99
Trd, 431269.750, 100
Trd, 431269.817, 98
Trd, 431270.017, 105
Trd, 431270.150, 105
Trd, 431270.333, 106
Trd, 431271.933, 102
Trd, 431272.883, 106
Trd, 431273.467, 102
Trd, 431274.450, 99
Trd, 431274.567, 98
Trd, 431274.683, 95
Trd, 431274.767, 92
Trd, 431276.000, 100
Trd, 431277.150, 91
Trd, 431278.417, 93
Trd, 431278.717, 92
Trd, 431279.383, 95
Trd, 431280.083, 98
Trd, 431281.333, 101
Trd, 431281.467, 100
Trd, 431281.867, 102
Trd, 431282.467, 102
Trd, 431283.233, 97
Trd, 431283.550, 96
Trd, 431283.617, 88
Trd, 431283.633, 98
Trd, 431284.767, 87
Trd, 431285.800, 101
Trd, 431285.917, 82
Trd, 431286.067, 104
Trd, 431286.567, 81
Trd, 431287.650, 88
Trd, 431289.400, 101
Trd, 431289.650, 94
Trd, 431289.833, 103
Trd, 431290.283, 94
Trd, 431291.683, 91
Trd, 431292.133, 101
Trd, 431293.300, 101
Trd, 431293.783, 94
Trd, 431294.167, 97
Trd, 431294.617, 100
Trd, 431294.633, 94
Trd, 431294.967, 104
Trd, 431295.067, 108
Trd, 431295.367, 94
Trd, 431295.667, 95
Trd, 431297.300, 106
Trd, 431297.500, 107
Trd, 431298.533, 106
Trd, 431299.267, 109
Trd, 431300.267, 97
Trd, 431300.317, 95
Trd, 431301.167, 116
Trd, 431301.917, 91
Trd, 431303.033, 93
Trd, 431303.400, 102
Trd, 431303.717, 101
Trd, 431304.083, 94
Trd, 431304.133, 101
Trd, 431304.850, 102
Trd, 431305.000, 104
Trd, 431305.350, 93
Trd, 431305.717, 87
Trd, 431305.933, 98
Trd, 431306.533, 88
Trd, 431306.767, 80
Trd, 431306.950, 94
Trd, 431307.283, 92
Trd, 431307.883, 104
Trd, 431308.517, 114
Trd, 431309.817, 115
Trd, 431310.467, 100
Trd, 431310.550, 79
Trd, 431312.417, 108
Trd, 431312.500, 87
Trd, 431312.783, 109
Trd, 431313.167, 121
Trd, 431313.917, 120
Trd, 431315.117, 90
Trd, 431315.600, 86
Trd, 431315.917, 90
Trd, 431316.300, 90
Trd, 431317.500, 93
Trd, 431317.717, 95
Trd, 431317.817, 92
Trd, 431318.850, 90
Trd, 431319.367, 89
Trd, 431320.233, 99
Trd, 431320.567, 98
Trd, 431323.067, 86
Trd, 431323.133, 83
Trd, 431324.900, 87
Trd, 431324.950, 93
Trd, 431325.100, 98
Trd, 431325.267, 90
Trd, 431325.650, 102
Trd, 431325.817, 104
Trd, 431326.233, 105
Trd, 431327.183, 106
Trd, 431327.283, 101
Trd, 431327.817, 100
Trd, 431329.033, 105
Trd, 431329.583, 103
Trd, 431329.867, 103
Trd, 431330.533, 101
Trd, 431330.850, 104
Trd, 431331.333, 109
Trd, 431333.317, 98
Trd, 431333.533, 98
Trd, 431333.733, 102
Trd, 431333.933, 95
Trd, 431334.450, 106
Trd, 431334.600, 95
Trd, 431335.833, 101
Trd, 431336.200, 104
Trd, 431336.900, 100
Trd, 431338.083, 93
Trd, 431338.233, 91
Trd, 431339.350, 92
Trd, 431339.567, 98
Trd, 431340.650, 95
Trd, 431340.967, 93
Trd, 431341.017, 102
Trd, 431341.583, 91
Trd, 431342.267, 109
Trd, 431342.483, 93
Trd, 431342.817, 107
Trd, 431343.400, 88
Trd, 431344.033, 106
Trd, 431344.867, 108
Trd, 431345.383, 90
Trd, 431345.767, 91
Trd, 431345.933, 90
Trd, 431346.500, 101
Trd, 431347.133, 89
Trd, 431347.917, 93
Trd, 431348.050, 90
Trd, 431348.383, 90
Trd, 431348.917, 102
Trd, 431349.567, 91
Trd, 431349.933, 104
Trd, 431350.767, 113
Trd, 431352.833, 101
Trd, 431352.850, 96
Trd, 431353.267, 103
Trd, 431354.100, 103
Trd, 431354.150, 104
Trd, 431355.117, 102
Trd, 431356.367, 103
Trd, 431356.700, 107
Trd, 431356.883, 97
Trd, 431357.067, 115
Trd, 431357.933, 106
Trd, 431357.967, 110
Trd, 431358.467, 101
Trd, 431360.033, 103
Trd, 431360.867, 104
Trd, 431361.150, 102
Trd, 431361.167, 101
Trd, 431361.650, 99
Trd, 431362.133, 99
Trd, 431362.633, 98
Trd, 431362.733, 95
Trd, 431363.133, 98
Trd, 431363.200, 86
Trd, 431364.050, 104
Trd, 431364.417, 84
Trd, 431366.383, 96
Trd, 431366.900, 101
Trd, 431367.000, 102
Trd, 431367.200, 102
Trd, 431368.033, 95
Trd, 431369.800, 100
Trd, 431369.867, 104
Trd, 431370.117, 118
Trd, 431371.600, 120
Trd, 431371.733, 103
Trd, 431371.850, 124
Trd, 431372.050, 102
Trd, 431372.067, 100
Trd, 431372.667, 116
Trd, 431373.083, 98
Trd, 431373.767, 98
Trd, 431375.967, 93
Trd, 431376.250, 106
Trd, 431376.367, 107
Trd, 431376.633, 90
Trd, 431376.933, 88
Trd, 431377.300, 101
Trd, 431377.800, 102
Trd, 431377.883, 90
Trd, 431378.117, 104
Trd, 431378.183, 101
Trd, 431378.733, 111
Trd, 431380.983, 101
Trd, 431382.067, 100
Trd, 431382.350, 99
Trd, 431382.400, 92
Trd, 431382.850, 102
Trd, 431383.917, 101
Trd, 431384.117, 87
Trd, 431384.200, 82
Trd, 431384.650, 104
Trd, 431385.133, 103
Trd, 431385.267, 96
Trd, 431387.350, 96
Trd, 431388.317, 96
Trd, 431388.950, 102
Trd, 431389.067, 105
Trd, 431389.283, 95
Trd, 431389.367, 95
Trd, 431390.283, 105
Trd, 431391.300, 94
Trd, 431391.917, 100
Trd, 431392.050, 101
Trd, 431392.867, 102
Trd, 431394.833, 104
Trd, 431395.017, 102
Trd, 431395.183, 98
Trd, 431395.800, 104
Trd, 431396.067, 112
Trd, 431396.450, 99
Trd, 431396.500, 106
Trd, 431396.967, 110
Trd, 431397.600, 114
Trd, 431397.917, 110
Trd, 431398.067, 106
Trd, 431398.700, 87
Trd, 431400.750, 105
Trd, 431402.000, 106
Trd, 431403.100, 104
Trd, 431403.550, 101
Trd, 431403.833, 102
Trd, 431404.233, 104
Trd, 431404.600, 100
Trd, 431404.850, 98
Trd, 431405.250, 93
Trd, 431405.483, 92
Trd, 431405.900, 87
Trd, 431406.083, 93
Trd, 431406.467, 92
Trd, 431406.617, 93
Trd, 431407.083, 83
Trd, 431407.200, 93
Trd, 431407.883, 107
Trd, 431409.350, 107
Trd, 431409.433, 91
Trd, 431410.833, 85
Trd, 431411.500, 99
Trd, 431412.983, 107
Trd, 431413.133, 108
Trd, 431414.433, 98
Trd, 431414.600, 96
Trd, 431415.067, 99
Trd, 431416.150, 95
Trd, 431416.367, 104
Trd, 431417.817, 97
Trd, 431418.900, 94
Trd, 431418.917, 93
Trd, 431419.533, 84
Trd, 431419.733, 95
Trd, 431420.783, 88
Trd, 431421.250, 89
Trd, 431421.600, 83
Trd, 431421.983, 90
Trd, 431422.850, 98
Trd, 431423.100, 100
Trd, 431423.267, 84
Trd, 431423.683, 84
Trd, 431424.200, 101
Trd, 431424.833, 99
Trd, 431425.033, 85
Trd, 431426.100, 104
Trd, 431426.433, 106
Trd, 431426.600, 110
Trd, 431427.200, 83
Trd, 431427.233, 115
Trd, 431427.667, 92
Trd, 431427.950, 81
Trd, 431428.367, 93
Trd, 431429.500, 93
Trd, 431429.950, 78
Trd, 431431.017, 83
Trd, 431432.683, 98
Trd, 431433.000, 99
Trd, 431434.833, 98
Trd, 431435.450, 101
Trd, 431435.650, 100
Trd, 431436.083, 101
Trd, 431436.500, 102
Trd, 431436.517, 104
Trd, 431437.333, 104
Trd, 431437.533, 106
Trd, 431437.867, 98
Trd, 431438.550, 110
Trd, 431438.750, 97
Trd, 431438.933, 94
Trd, 431439.267, 92
Trd, 431439.317, 112
Trd, 431439.367, 84
Trd, 431439.950, 102
Trd, 431442.500, 91
Trd, 431442.617, 93
Trd, 431444.133, 95
Trd, 431444.317, 90
Trd, 431444.850, 98
Trd, 431444.867, 107
Trd, 431445.000, 91
Trd, 431445.950, 107
Trd, 431446.217, 106
Trd, 431447.167, 104
Trd, 431447.383, 98
Trd, 431448.767, 98
Trd, 431448.983, 98
Trd, 431449.167, 108
Trd, 431449.200, 98
Trd, 431449.500, 87
Trd, 431449.700, 112
Trd, 431450.150, 84
Trd, 431451.467, 85
Trd, 431452.333, 87
Trd, 431452.533, 98
Trd, 431453.333, 104
Trd, 431453.367, 100
Trd, 431456.150, 100
Trd, 431456.950, 102
Trd, 431456.967, 101
Trd, 431457.417, 98
Trd, 431457.517, 104
Trd, 431457.833, 95
Trd, 431458.817, 108
Trd, 431459.250, 102
Trd, 431459.383, 101
Trd, 431459.433, 98
Trd, 431461.700, 94
Trd, 431462.567, 90
Trd, 431462.717, 93
Trd, 431462.833, 87
Trd, 431462.967, 95
Trd, 431463.717, 98
Trd, 431465.200, 97
Trd, 431465.600, 104
Trd, 431466.000, 105
Trd, 431466.167, 106
Trd, 431468.167, 96
Trd, 431468.883, 102
Trd, 431469.433, 104
Trd, 431469.950, 101
Trd, 431470.600, 103
Trd, 431471.050, 100
Trd, 431471.283, 99
Trd, 431471.467, 98
Trd, 431473.017, 95
Trd, 431473.083, 100
Trd, 431473.117, 101
Trd, 431473.150, 101
Trd, 431473.833, 106
Trd, 431474.267, 113
Trd, 431475.433, 94
Trd, 431475.450, 93
Trd, 431475.500, 87
Trd, 431476.333, 113
Trd, 431477.217, 84
Trd, 431477.600, 82
Trd, 431478.600, 84
Trd, 431480.367, 82
Trd, 431481.417, 85
Trd, 431482.083, 85
Trd, 431482.267, 93
Trd, 431482.933, 88
Trd, 431482.950, 98
Trd, 431483.100, 86
Trd, 431483.350, 105
Trd, 431483.383, 83
Trd, 431483.817, 82
Trd, 431484.883, 104
Trd, 431485.517, 95
Trd, 431486.117, 103
Trd, 431486.200, 105
Trd, 431487.000, 84
Trd, 431488.867, 101
Trd, 431489.050, 103
Trd, 431489.333, 91
Trd, 431489.750, 104
Trd, 431490.467, 95
Trd, 431491.017, 95
Trd, 431491.517, 103
Trd, 431492.167, 103
Trd, 431492.567, 93
Trd, 431492.933, 106
Trd, 431492.950, 92
Trd, 431493.517, 87
Trd, 431493.583, 109
Trd, 431494.217, 94
Trd, 431495.633, 110
Trd, 431495.683, 113
Trd, 431495.783, 102
Trd, 431496.500, 101
Trd, 431498.633, 106
Trd, 431499.217, 109
Trd, 431499.750, 94
Trd, 431502.100, 106
Trd, 431502.700, 86
Trd, 431503.233, 103
Trd, 431503.267, 104
Trd, 431503.617, 84
Trd, 431504.450, 104
Trd, 431504.700, 95
Trd, 431504.950, 104
Trd, 431505.083, 95
Trd, 431505.583, 111
Trd, 431505.667, 117
Trd, 431505.900, 118
Trd, 431505.967, 97
Trd, 431506.083, 95
Trd, 431506.500, 82
Trd, 431506.550, 92
Trd, 431507.133, 78
Trd, 431507.867, 94
Trd, 431508.067, 101
Trd, 431508.967, 77
Trd, 431509.517, 104
Trd, 431510.450, 105
Trd, 431511.483, 103
Trd, 431512.917, 103
Trd, 431513.617, 104
Trd, 431513.700, 101
Trd, 431513.833, 100
Trd, 431514.367, 102
Trd, 431515.433, 93
Trd, 431517.017, 95
Trd, 431517.450, 97
Trd, 431517.867, 96
Trd, 431518.967, 92
Trd, 431519.817, 95
Trd, 431520.017, 87
Trd, 431520.033, 98
Trd, 431520.683, 100
Trd, 431521.083, 89
Trd, 431521.417, 87
Trd, 431522.233, 85
Trd, 431522.533, 81
Trd, 431522.700, 87
Trd, 431523.467, 101
Trd, 431523.500, 104
Trd, 431523.933, 107
Trd, 431525.183, 97
Trd, 431525.500, 110
Trd, 431525.633, 101
Trd, 431527.800, 98
Trd, 431527.950, 109
Trd, 431528.233, 94
Trd, 431529.433, 82
Trd, 431530.150, 102
Trd, 431530.200, 106
Trd, 431530.433, 110
Trd, 431530.600, 101
Trd, 431531.700, 98
Trd, 431531.750, 102
Trd, 431532.333, 98
Trd, 431532.500, 97
Trd, 431533.600, 93
Trd, 431534.750, 108
Trd, 431535.400, 105
Trd, 431535.667, 101
Trd, 431535.867, 108
Trd, 431536.567, 101
Trd, 431536.817, 105
Trd, 431536.850, 101
Trd, 431537.167, 105
Trd, 431537.467, 106
Trd, 431537.883, 109
Trd, 431538.600, 95
Trd, 431539.033, 113
Trd, 431540.000, 116
Trd, 431540.367, 104
Trd, 431541.033, 103
Trd, 431541.083, 102
Trd, 431542.200, 95
Trd, 431544.067, 87
Trd, 431544.083, 106
Trd, 431544.600, 99
Trd, 431545.233, 86
Trd, 431545.250, 85
Trd, 431545.550, 96
Trd, 431545.683, 97
Trd, 431547.617, 103
Trd, 431547.950, 104
Trd, 431548.433, 93
Trd, 431549.633, 92
Trd, 431551.067, 84
Trd, 431551.133, 80
Trd, 431551.283, 84
Trd, 431551.467, 79
Trd, 431551.867, 87
Trd, 431552.833, 98
Trd, 431553.050, 104
Trd, 431553.500, 104
Trd, 431553.650, 106
Trd, 431553.717, 81
Trd, 431554.950, 93
Trd, 431555.050, 109
Trd, 431555.600, 92
Trd, 431556.933, 116
Trd, 431557.300, 119
Trd, 431557.433, 115
Trd, 431557.783, 114
Trd, 431558.767, 112
Trd, 431558.917, 106
Trd, 431559.150, 115
Trd, 431559.517, 103
Trd, 431560.350, 115
Trd, 431561.617, 115
Trd, 431562.667, 100
Trd, 431563.017, 116
Trd, 431563.917, 109
Trd, 431564.650, 99
Trd, 431565.433, 99
Trd, 431565.467, 98
Trd, 431565.817, 94
Trd, 431566.700, 92
Trd, 431566.817, 92
Trd, 431566.883, 93
Trd, 431567.383, 104
Trd, 431567.800, 87
Trd, 431568.183, 90
Trd, 431568.983, 95
Trd, 431569.933, 95
Trd, 431570.100, 96
Trd, 431570.133, 84
Trd, 431570.850, 83
Trd, 431572.183, 98
Trd, 431572.417, 104
Trd, 431573.083, 89
Trd, 431574.350, 90
Trd, 431574.767, 93
Trd, 431574.817, 93
Trd, 431574.983, 116
Trd, 431575.683, 101
Trd, 431576.250, 96
Trd, 431576.833, 95
Trd, 431577.483, 99
Trd, 431577.983, 101
Trd, 431580.317, 93
Trd, 431580.583, 88
Trd, 431580.650, 87
Trd, 431580.917, 101
Trd, 431581.417, 103
Trd, 431581.683, 105
Trd, 431581.967, 85
Trd, 431583.267, 103
Trd, 431583.367, 101
Trd, 431585.300, 99
Trd, 431586.150, 100
Trd, 431587.017, 104
Trd, 431587.150, 105
Trd, 431587.267, 97
Trd, 431587.900, 105
Trd, 431588.317, 106
Trd, 431588.417, 99
Trd, 431588.433, 112
Trd, 431589.400, 99
Trd, 431589.500, 106
Trd, 431589.867, 98
Trd, 431590.867, 113
Trd, 431591.233, 100
Trd, 431591.283, 95
Trd, 431594.783, 92
Trd, 431594.900, 92
Trd, 431595.300, 101
Trd, 431595.750, 85
Trd, 431595.950, 85
Trd, 431596.617, 90
Trd, 431596.650, 98
Trd, 431596.950, 83
Trd, 431597.433, 90
Trd, 431598.833, 88
Trd, 431599.333, 87
Trd, 431601.633, 93
Trd, 431602.217, 89
Trd, 431602.333, 94
Trd, 431602.667, 93
Trd, 431602.767, 97
Trd, 431603.150, 97
Trd, 431603.733, 98
Trd, 431605.033, 101
Trd, 431605.517, 104
Trd, 431606.200, 99
Trd, 431606.467, 97
Trd, 431606.817, 107
Trd, 431607.267, 109
Trd, 431607.733, 115
Trd, 431609.217, 105
Trd, 431610.617, 104
Trd, 431610.667, 105
Trd, 431611.717, 107
Trd, 431611.967, 98
Trd, 431612.417, 111
Trd, 431612.950, 111
Trd, 431613.817, 101
Trd, 431614.567, 111
Trd, 431614.700, 95
Trd, 431614.917, 87
Trd, 431615.417, 106
Trd, 431616.450, 101
Trd, 431616.650, 81
Trd, 431616.917, 82
Trd, 431617.133, 106
Trd, 431617.467, 113
Trd, 431617.583, 119
Trd, 431618.583, 82
Trd, 431618.683, 83
Trd, 431618.817, 80
Trd, 431619.333, 101
Trd, 431619.683, 80
Trd, 431620.450, 87
Trd, 431621.600, 96
Trd, 431621.633, 95
Trd, 431621.783, 106
Trd, 431623.983, 91
Trd, 431625.117, 98
Trd, 431625.550, 88
Trd, 431625.850, 95
Trd, 431627.017, 103
Trd, 431627.083, 105
Trd, 431627.217, 107
Trd, 431628.433, 92
Trd, 431629.117, 104
Trd, 431630.400, 106
Trd, 431630.933, 93
Trd, 431631.217, 92
Trd, 431631.650, 109
Trd, 431632.683, 101
Trd, 431632.700, 95
Trd, 431632.717, 109
Trd, 431633.100, 116
Trd, 431633.600, 119
Trd, 431634.133, 95
Trd, 431634.317, 100
Trd, 431635.150, 94
Trd, 431636.150, 93
Trd, 431637.300, 86
Trd, 431637.483, 94
Trd, 431638.183, 95
Trd, 431639.150, 93
Trd, 431639.817, 103
Trd, 431640.417, 99
Trd, 431640.550, 97
Trd, 431641.450, 104
Trd, 431643.450, 99
Trd, 431643.633, 87
Trd, 431643.700, 99
Trd, 431644.350, 103
Trd, 431645.233, 95
Trd, 431645.833, 93
Trd, 431646.183, 89
Trd, 431646.550, 83
Trd, 431647.267, 87
Trd, 431648.733, 88
Trd, 431648.783, 87
Trd, 431649.167, 87
Trd, 431650.567, 89
Trd, 431650.767, 90
Trd, 431650.783, 90
Trd, 431651.067, 101
Trd, 431651.100, 104
Trd, 431651.317, 95
Trd, 431651.683, 87
Trd, 431652.517, 111
Trd, 431652.533, 112
Trd, 431655.417, 111
Trd, 431655.983, 114
Trd, 431656.033, 96
Trd, 431658.417, 108
Trd, 431658.833, 108
Trd, 431659.067, 108
Trd, 431659.533, 111
Trd, 431660.383, 103
Trd, 431660.400, 105
Trd, 431661.000, 106
Trd, 431661.033, 102
Trd, 431661.300, 101
Trd, 431661.350, 100
Trd, 431662.033, 98
Trd, 431664.717, 98
Trd, 431664.817, 98
Trd, 431664.883, 95
Trd, 431665.133, 113
Trd, 431665.583, 93
Trd, 431666.017, 94
Trd, 431666.033, 87
Trd, 431666.833, 92
Trd, 431667.550, 81
Trd, 431668.800, 90
Trd, 431669.433, 91
Trd, 431670.283, 92
Trd, 431670.783, 93
Trd, 431670.883, 86
Trd, 431670.917, 85
Trd, 431671.850, 107
Trd, 431673.417, 113
Trd, 431673.883, 117
Trd, 431674.000, 101
Trd, 431674.217, 100
Trd, 431675.517, 98
Trd, 431676.000, 100
Trd, 431676.617, 99
Trd, 431676.850, 97
Trd, 431678.083, 103
Trd, 431678.367, 104
Trd, 431679.183, 100
Trd, 431680.000, 99
Trd, 431680.333, 99
Trd, 431680.700, 101
Trd, 431680.883, 98
Trd, 431682.033, 96
Trd, 431682.367, 105
Trd, 431683.400, 96
Trd, 431683.867, 104
Trd, 431684.333, 95
Trd, 431685.483, 102
Trd, 431685.850, 88
Trd, 431686.067, 104
Trd, 431686.333, 92
Trd, 431686.483, 101
Trd, 431687.483, 102
Trd, 431687.917, 108
Trd, 431688.633, 87
Trd, 431689.000, 106
Trd, 431690.550, 95
Trd, 431691.383, 95
Trd, 431691.833, 94
Trd, 431692.150, 87
Trd, 431692.300, 101
Trd, 431692.367, 102
Trd, 431692.433, 102
Trd, 431693.683, 100
Trd, 431693.900, 108
Trd, 431695.067, 93
Trd, 431696.333, 91
Trd, 431696.433, 89
Trd, 431697.150, 94
Trd, 431697.433, 93
Trd, 431697.583, 103
Trd, 431697.883, 88
Trd, 431698.033, 116
Trd, 431698.750, 115
Trd, 431699.067, 96
Trd, 431699.250, 93
Trd, 431700.233, 106
Trd, 431700.250, 105
Trd, 431700.500, 83
Trd, 431701.967, 92
Trd, 431702.400, 93
Trd, 431702.817, 92
Trd, 431704.000, 95
Trd, 431704.100, 104
Trd, 431704.283, 90
Trd, 431705.083, 87
Trd, 431705.550, 101
Trd, 431706.800, 106
Trd, 431707.950, 104
Trd, 431708.967, 105
Trd, 431709.183, 108
Trd, 431709.283, 114
Trd, 431709.967, 109
Trd, 431711.700, 102
Trd, 431711.967, 101
Trd, 431712.500, 95
Trd, 431713.017, 95
Trd, 431713.300, 92
Trd, 431713.767, 110
Trd, 431714.283, 100
Trd, 431714.800, 87
Trd, 431715.100, 101
Trd, 431715.650, 90
Trd, 431716.317, 102
Trd, 431716.417, 86
Trd, 431717.417, 91
Trd, 431719.050, 92
Trd, 431720.283, 92
Trd, 431720.317, 94
Trd, 431720.883, 82
Trd, 431721.033, 104
Trd, 431721.550, 101
Trd, 431721.600, 108
Trd, 431722.300, 85
Trd, 431723.867, 95
Trd, 431724.067, 93
Trd, 431724.133, 92
Trd, 431724.200, 105
Trd, 431724.950, 101
Trd, 431726.967, 102
Trd, 431727.200, 104
Trd, 431727.550, 94
Trd, 431729.883, 94
Trd, 431730.133, 87
Trd, 431730.717, 106
Trd, 431731.117, 112
Trd, 431732.533, 104
Trd, 431732.800, 101
Trd, 431733.217, 103
Trd, 431734.133, 103
Trd, 431734.617, 101
Trd, 431734.683, 99
Trd, 431734.950, 101
Trd, 431735.300, 98
Trd, 431735.383, 103
Trd, 431735.567, 95
Trd, 431736.317, 115
Trd, 431736.450, 102
Trd, 431736.650, 99
Trd, 431736.867, 94
Trd, 431736.967, 114
Trd, 431738.383, 99
Trd, 431738.733, 111
Trd, 431739.033, 94
Trd, 431739.233, 94
Trd, 431739.417, 87
Trd, 431739.967, 107
Trd, 431740.150, 83
Trd, 431742.233, 101
Trd, 431742.583, 101
Trd, 431743.167, 101
Trd, 431743.233, 100
Trd, 431744.083, 101
Trd, 431745.600, 100
Trd, 431745.917, 98
Trd, 431746.350, 101
Trd, 431746.567, 105
Trd, 431746.783, 113
Trd, 431747.367, 90
Trd, 431747.950, 96
Trd, 431748.067, 107
Trd, 431748.667, 95
Trd, 431750.233, 87
Trd, 431750.800, 82
Trd, 431751.367, 98
Trd, 431751.417, 90
Trd, 431752.833, 84
Trd, 431753.233, 96
Trd, 431753.350, 97
Trd, 431753.617, 106
Trd, 431753.767, 108
Trd, 431754.067, 110
Trd, 431754.117, 104
Trd, 431754.967, 94
Trd, 431755.483, 111
Trd, 431756.300, 93
Trd, 431759.683, 88
Trd, 431760.400, 92
Trd, 431760.450, 88
Trd, 431760.733, 94
Trd, 431760.783, 95
Trd, 431762.133, 91
Trd, 431762.800, 91
Trd, 431763.133, 94
Trd, 431763.533, 98
Trd, 431764.600, 89
Trd, 431764.967, 104
Trd, 431765.233, 88
Trd, 431765.800, 91
Trd, 431766.017, 88
Trd, 431766.317, 106
Trd, 431766.817, 102
Trd, 431767.100, 101
Trd, 431769.000, 96
Trd, 431769.367, 100
Trd, 431769.633, 104
Trd, 431769.733, 106
Trd, 431772.567, 109
Trd, 431772.633, 101
Trd, 431773.450, 101
Trd, 431773.850, 98
Trd, 431774.300, 79
Trd, 431774.367, 108
Trd, 431774.650, 92
Trd, 431774.817, 93
Trd, 431774.967, 85
Trd, 431776.633, 99
Trd, 431777.017, 85
Trd, 431778.350, 97
Trd, 431778.600, 98
Trd, 431780.517, 93
Trd, 431781.417, 95
Trd, 431782.683, 98
Trd, 431782.883, 96
Trd, 431783.033, 98
Trd, 431783.233, 99
Trd, 431783.850, 97
Trd, 431783.900, 101
Trd, 431784.467, 104
Trd, 431785.467, 99
Trd, 431785.717, 101
Trd, 431785.783, 98
Trd, 431786.250, 98
Trd, 431786.483, 106
Trd, 431787.883, 101
Trd, 431789.783, 95
Trd, 431789.967, 98
Trd, 431790.117, 87
Trd, 431791.083, 82
Trd, 431791.150, 105
Trd, 431793.700, 103
Trd, 431794.117, 104
Trd, 431794.250, 106
Trd, 431794.833, 89
Trd, 431795.583, 100
Trd, 431795.717, 101
Trd, 431796.333, 101
Trd, 431796.433, 99
Trd, 431796.683, 93
Trd, 431797.900, 95
Trd, 431797.933, 99
Trd, 431797.950, 88
Trd, 431798.067, 100
Trd, 431798.533, 99
Trd, 431799.550, 92
Trd, 431799.683, 93
Trd, 431800.467, 95
Trd, 431801.783, 100
Trd, 431802.200, 98
Trd, 431802.617, 92
Trd, 431803.083, 91
Trd, 431804.367, 88
Trd, 431804.600, 100
Trd, 431804.950, 87
Trd, 431806.233, 102
Trd, 431806.317, 108
Trd, 431806.983, 114
Trd, 431807.133, 116
Trd, 431807.183, 112
Trd, 431808.750, 101
Trd, 431809.150, 104
Trd, 431809.333, 104
Trd, 431809.450, 89
Trd, 431809.567, 84
Trd, 431809.633, 110
Trd, 431810.733, 94
Trd, 431812.417, 112
Trd, 431813.200, 87
Trd, 431814.167, 91
Trd, 431814.450, 97
Trd, 431815.183, 93
Trd, 431815.300, 104
Trd, 431816.133, 103
Trd, 431816.750, 104
Trd, 431817.700, 97
Trd, 431818.400, 99
Trd, 431818.583, 100
Trd, 431819.250, 94
Trd, 431819.517, 104
Trd, 431820.100, 98
Trd, 431821.800, 105
Trd, 431822.317, 97
Trd, 431822.333, 88
Trd, 431822.750, 87
Trd, 431822.767, 91
Trd, 431823.533, 103
Trd, 431823.550, 104
Trd, 431825.967, 98
Trd, 431826.833, 100
Trd, 431827.733, 103
Trd, 431827.750, 101
Trd, 431827.933, 107
Trd, 431828.467, 103
Trd, 431829.067, 112
Trd, 431829.133, 101
Trd, 431829.983, 100
Trd, 431831.417, 110
Trd, 431832.100, 98
Trd, 431832.550, 109
Trd, 431832.900, 98
Trd, 431833.600, 98
Trd, 431833.817, 108
Trd, 431834.850, 107
Trd, 431835.567, 108
Trd, 431836.200, 101
Trd, 431836.850, 100
Trd, 431836.967, 99
Trd, 431837.833, 95
Trd, 431837.867, 102
Trd, 431838.383, 96
Trd, 431839.150, 102
Trd, 431839.517, 103
Trd, 431839.983, 106
Trd, 431841.033, 109
Trd, 431841.383, 108
Trd, 431841.500, 110
Trd, 431843.600, 106
Trd, 431843.933, 104
Trd, 431844.617, 98
Trd, 431844.817, 105
Trd, 431845.133, 95
Trd, 431845.383, 104
Trd, 431847.483, 99
Trd, 431847.517, 99
Trd, 431848.000, 100
Trd, 431848.367, 90
Trd, 431848.400, 100
Trd, 431848.533, 114
Trd, 431849.867, 91
Trd, 431850.017, 91
Trd, 431850.617, 95
Trd, 431850.683, 88
Trd, 431850.917, 87
Trd, 431851.183, 102
Trd, 431852.950, 106
Trd, 431854.450, 101
Trd, 431854.500, 102
Trd, 431855.133, 93
Trd, 431856.083, 97
Trd, 431856.283, 104
Trd, 431856.450, 98
Trd, 431856.600, 98
Trd, 431857.017, 95
Trd, 431857.767, 105
Trd, 431858.283, 96
Trd, 431859.183, 107
Trd, 431859.317, 95
Trd, 431861.117, 92
Trd, 431861.900, 100
Trd, 431862.033, 95
Trd, 431862.150, 105
Trd, 431863.017, 89
Trd, 431863.283, 87
Trd, 431863.483, 94
Trd, 431864.250, 82
Trd, 431864.417, 83
Trd, 431865.050, 95
Trd, 431865.450, 102
Trd, 431865.583, 101
Trd, 431866.050, 108
Trd, 431866.250, 114
Trd, 431867.133, 102
Trd, 431867.400, 114
Trd, 431868.000, 90
Trd, 431870.750, 90
Trd, 431871.367, 92
Trd, 431871.967, 92
Trd, 431871.983, 93
Trd, 431872.033, 89
Trd, 431872.067, 87
Trd, 431872.333, 98
Trd, 431873.667, 104
Trd, 431873.733, 95
Trd, 431875.267, 103
Trd, 431875.383, 102
Trd, 431876.400, 101
Trd, 431876.433, 105
Trd, 431876.867, 102
Trd, 431877.167, 105
Trd, 431879.317, 101
Trd, 431880.200, 99
Trd, 431880.683, 108
Trd, 431882.050, 99
Trd, 431882.233, 98
Trd, 431882.967, 94
Trd, 431883.033, 104
Trd, 431883.417, 104
Trd, 431884.633, 102
Trd, 431884.967, 102
Trd, 431885.067, 105
Trd, 431885.150, 97
Trd, 431885.317, 109
Trd, 431885.817, 98
Trd, 431886.200, 108
Trd, 431887.000, 92
Trd, 431887.467, 93
Trd, 431888.400, 95
Trd, 431888.967, 93
Trd, 431889.333, 101
Trd, 431891.100, 94
Trd, 431891.433, 95
Trd, 431891.533, 101
Trd, 431891.600, 103
Trd, 431892.000, 105
Trd, 431894.567, 93
Trd, 431895.567, 106
Trd, 431896.083, 106
Trd, 431896.617, 106
Trd, 431896.900, 105
Trd, 431897.050, 106
Trd, 431897.250, 104
Trd, 431897.567, 108
Trd, 431897.867, 99
Trd, 431897.883, 109
Trd, 431898.483, 105
Trd, 431899.600, 104
Trd, 431900.650, 115
Trd, 431901.817, 112
Trd, 431901.917, 105
Trd, 431902.050, 115
Trd, 431902.283, 109
Trd, 431903.117, 94
Trd, 431903.633, 92
Trd, 431904.033, 100
Trd, 431905.800, 90
Trd, 431906.383, 91
Trd, 431906.600, 91
Trd, 431906.867, 92
Trd, 431907.500, 91
Trd, 431908.417, 94
Trd, 431908.600, 98
Trd, 431908.650, 87
Trd, 431909.083, 82
Trd, 431910.050, 82
Trd, 431910.150, 80
Trd, 431910.217, 108
Trd, 431910.300, 109
Trd, 431911.100, 108
Trd, 431911.300, 109
Trd, 431912.417, 101
Trd, 431913.483, 105
Trd, 431913.800, 92
Trd, 431914.500, 106
Trd, 431914.967, 90
Trd, 431916.367, 97
Trd, 431916.717, 98
Trd, 431917.850, 99
Trd, 431917.867, 104
Trd, 431918.200, 98
Trd, 431918.583, 96
Trd, 431918.717, 95
Trd, 431918.917, 91
Trd, 431919.300, 90
Trd, 431919.583, 87
Trd, 431919.867, 84
Trd, 431920.800, 90
Trd, 431921.000, 106
Trd, 431921.750, 104
Trd, 431922.783, 99
Trd, 431923.050, 101
Trd, 431923.367, 105
Trd, 431923.717, 100
Trd, 431923.733, 98
Trd, 431924.450, 110
Trd, 431927.633, 108
Trd, 431927.867, 113
Trd, 431928.683, 113
Trd, 431928.800, 107
Trd, 431929.383, 106
Trd, 431929.400, 105
Trd, 431930.950, 101
Trd, 431931.717, 95
Trd, 431932.350, 102
Trd, 431933.617, 94
Trd, 431933.967, 100
Trd, 431934.533, 100
Trd, 431934.633, 91
Trd, 431934.750, 101
Trd, 431935.900, 100
Trd, 431936.017, 101
Trd, 431936.417, 91
Trd, 431937.067, 104
Trd, 431937.483, 90
Trd, 431937.550, 87
Trd, 431937.783, 82
Trd, 431938.850, 98
Trd, 431939.200, 107
Trd, 431940.283, 98
Trd, 431941.717, 101
Trd, 431943.467, 93
Trd, 431943.533, 93
Trd, 431943.767, 94
Trd, 431944.550, 95
Trd, 431944.633, 92
Trd, 431945.700, 93
Trd, 431945.867, 104
Trd, 431946.000, 111
Trd, 431946.250, 100
Trd, 431947.283, 101
Trd, 431948.483, 104
Trd, 431948.800, 103
Trd, 431949.417, 100
Trd, 431949.550, 103
Trd, 431950.017, 87
Trd, 431950.950, 105
Trd, 431951.450, 113
Trd, 431954.333, 100
Trd, 431954.367, 98
Trd, 431955.117, 102
Trd, 431955.433, 96
Trd, 431955.450, 103
Trd, 431956.383, 103
Trd, 431956.833, 95
Trd, 431956.983, 97
Trd, 431957.267, 95
Trd, 431957.283, 103
Trd, 431958.067, 104
Trd, 431958.683, 106
Trd, 431959.067, 100
Trd, 431960.667, 99
Trd, 431960.967, 90
Trd, 431961.417, 92
Trd, 431961.500, 103
Trd, 431962.400, 87
Trd, 431962.850, 100
Trd, 431963.883, 96
Trd, 431964.050, 99
Trd, 431964.600, 98
Trd, 431964.867, 103
Trd, 431965.467, 104
Trd, 431965.817, 106
Trd, 431965.933, 89
Trd, 431966.000, 109
Trd, 431966.750, 92
Trd, 431967.383, 91
Trd, 431967.733, 115
Trd, 431967.817, 93
Trd, 431968.450, 119
Trd, 431968.933, 99
Trd, 431969.567, 122
Trd, 431969.917, 99
Trd, 431971.517, 115
Trd, 431972.933, 92
Trd, 431973.633, 86
Trd, 431973.650, 95
Trd, 431973.767, 97
Trd, 431975.450, 91
Trd, 431975.750, 92
Trd, 431975.917, 86
Trd, 431976.033, 84
Trd, 431976.850, 101
Trd, 431977.217, 87
Trd, 431978.050, 85
Trd, 431978.083, 84
Trd, 431978.333, 98
Trd, 431979.450, 83
Trd, 431980.967, 104
Trd, 431981.083, 106
Trd, 431981.300, 109
Trd, 431981.350, 120
Trd, 431982.167, 103
Trd, 431983.317, 95
Trd, 431983.567, 91
Trd, 431985.450, 84
Trd, 431985.500, 85
Trd, 431985.617, 84
Trd, 431986.017, 83
Trd, 431986.467, 84
Trd, 431986.550, 82
Trd, 431986.583, 87
Trd, 431987.283, 93
Trd, 431987.650, 95
Trd, 431990.800, 96
Trd, 431990.950, 97
Trd, 431991.050, 95
Trd, 431991.217, 94
Trd, 431991.700, 104
Trd, 431992.083, 108
Trd, 431992.667, 109
Trd, 431992.817, 119
Trd, 431993.400, 116
Trd, 431994.367, 92
Trd, 431995.050, 91
Trd, 431995.667, 88
Trd, 431995.833, 90
Trd, 431995.850, 87
Trd, 431996.233, 94
Trd, 431996.400, 99
Trd, 431996.617, 87
Trd, 431998.717, 101
Trd, 431998.917, 108
Trd, 431999.417, 89
Trd, 431999.700, 84
Trd, 431999.917, 82
