Trd, 430672.467, 90
Trd, 430672.850, 87
Trd, 430673.033, 89
Trd, 430673.183, 104
Trd, 430675.117, 99
Trd, 430675.800, 98
Trd, 430676.200, 95
Trd, 430678.283, 95
Trd, 430678.700, 96
Trd, 430679.200, 93
Trd, 430679.400, 97
Trd, 430680.367, 91
Trd, 430680.417, 97
Trd, 430680.883, 97
Trd, 430680.967, 98
Trd, 430681.833, 96
Trd, 430684.067, 93
Trd, 430684.600, 95
Trd, 430684.667, 94
Trd, 430684.733, 90
Trd, 430685.233, 95
Trd, 430686.217, 92
Trd, 430686.483, 92
Trd, 430687.517, 92
Trd, 430689.467, 93
Trd, 430689.850, 98
Trd, 430689.883, 92
Trd, 430690.133, 103
Trd, 430691.733, 104
Trd, 430692.350, 117
Trd, 430692.917, 103
Trd, 430693.183, 112
Trd, 430694.983, 103
Trd, 430695.033, 105
Trd, 430695.700, 102
Trd, 430696.900, 101
Trd, 430697.033, 98
Trd, 430697.600, 103
Trd, 430698.300, 102
Trd, 430698.400, 98
Trd, 430698.833, 97
Trd, 430699.000, 95
Trd, 430699.167, 99
Trd, 430699.567, 101
Trd, 430700.600, 108
Trd, 430701.183, 92
Trd, 430702.250, 96
Trd, 430702.467, 101
Trd, 430702.900, 90
Trd, 430703.533, 104
Trd, 430704.183, 104
Trd, 430704.783, 89
Trd, 430705.933, 102
Trd, 430706.250, 101
Trd, 430707.133, 104
Trd, 430708.183, 98
Trd, 430709.200, 95
Trd, 430709.383, 92
Trd, 430710.417, 98
Trd, 430711.500, 94
Trd, 430711.583, 96
Trd, 430711.733, 90
Trd, 430711.767, 88
Trd, 430714.967, 90
Trd, 430715.033, 91
Trd, 430715.833, 91
Trd, 430716.133, 86
Trd, 430716.183, 85
Trd, 430716.317, 93
Trd, 430716.483, 101
Trd, 430717.000, 109
Trd, 430717.100, 82
Trd, 430717.617, 96
Trd, 430719.533, 109
Trd, 430719.967, 102
Trd, 430720.267, 112
Trd, 430721.117, 102
Trd, 430721.467, 101
Trd, 430722.367, 98
Trd, 430723.567, 97
Trd, 430724.217, 99
Trd, 430724.483, 100
Trd, 430724.850, 104
Trd, 430726.200, 91
Trd, 430726.333, 90
Trd, 430727.900, 90
Trd, 430729.200, 93
Trd, 430729.467, 90
Trd, 430729.717, 95
Trd, 430730.500, 96
Trd, 430730.733, 95
Trd, 430730.983, 98
Trd, 430731.450, 103
Trd, 430731.650, 103
Trd, 430732.800, 95
Trd, 430732.817, 104
Trd, 430733.500, 101
Trd, 430734.200, 94
Trd, 430736.150, 96
Trd, 430736.167, 97
Trd, 430736.800, 96
Trd, 430737.467, 95
Trd, 430738.550, 93
Trd, 430738.667, 90
Trd, 430739.100, 96
Trd, 430739.283, 87
Trd, 430740.200, 98
Trd, 430740.567, 83
Trd, 430741.217, 103
Trd, 430741.850, 102
Trd, 430742.600, 99
Trd, 430743.050, 103
Trd, 430743.433, 104
Trd, 430743.500, 106
Trd, 430744.300, 115
Trd, 430744.767, 104
Trd, 430745.500, 119
Trd, 430746.500, 114
Trd, 430748.583, 101
Trd, 430749.533, 108
Trd, 430750.867, 105
Trd, 430750.917, 106
Trd, 430751.433, 106
Trd, 430751.583, 104
Trd, 430752.383, 101
Trd, 430753.250, 107
Trd, 430753.800, 97
Trd, 430754.483, 91
Trd, 430755.900, 90
Trd, 430755.933, 90
Trd, 430756.583, 99
Trd, 430757.700, 98
Trd, 430757.767, 99
Trd, 430759.367, 101
Trd, 430759.450, 93
Trd, 430759.733, 103
Trd, 430761.833, 100
Trd, 430762.033, 100
Trd, 430762.567, 100
Trd, 430762.850, 99
Trd, 430763.133, 102
Trd, 430763.867, 90
Trd, 430763.917, 90
Trd, 430765.283, 99
Trd, 430766.550, 106
Trd, 430766.617, 105
Trd, 430767.233, 104
Trd, 430768.033, 98
Trd, 430769.250, 102
Trd, 430770.300, 107
Trd, 430771.033, 103
Trd, 430771.333, 102
Trd, 430771.983, 101
Trd, 430772.650, 99
Trd, 430773.250, 98
Trd, 430773.483, 98
Trd, 430773.500, 94
Trd, 430773.567, 99
Trd, 430774.233, 99
Trd, 430774.367, 98
Trd, 430774.500, 90
Trd, 430775.067, 102
Trd, 430775.983, 108
Trd, 430776.883, 107
Trd, 430778.133, 108
Trd, 430779.267, 101
Trd, 430780.567, 100
Trd, 430782.200, 101
Trd, 430782.550, 101
Trd, 430782.683, 100
Trd, 430782.767, 92
Trd, 430783.533, 87
Trd, 430783.600, 92
Trd, 430785.017, 90
Trd, 430785.983, 90
Trd, 430786.267, 93
Trd, 430787.333, 97
Trd, 430787.633, 97
Trd, 430787.967, 91
Trd, 430788.617, 87
Trd, 430790.267, 98
Trd, 430791.000, 90
Trd, 430791.200, 99
Trd, 430792.000, 101
Trd, 430792.167, 94
Trd, 430792.367, 92
Trd, 430792.617, 91
Trd, 430793.267, 98
Trd, 430793.800, 98
Trd, 430794.933, 95
Trd, 430795.783, 95
Trd, 430796.767, 96
Trd, 430797.883, 94
Trd, 430797.967, 90
Trd, 430798.133, 96
Trd, 430798.383, 101
Trd, 430799.550, 104
Trd, 430800.150, 89
Trd, 430800.517, 105
Trd, 430800.983, 90
Trd, 430801.750, 92
Trd, 430801.917, 98
Trd, 430802.350, 97
Trd, 430802.733, 98
Trd, 430803.633, 102
Trd, 430804.833, 98
Trd, 430805.617, 106
Trd, 430806.500, 109
Trd, 430806.917, 106
Trd, 430807.833, 103
Trd, 430808.483, 114
Trd, 430808.833, 104
Trd, 430809.067, 98
Trd, 430811.000, 100
Trd, 430812.550, 111
Trd, 430812.967, 103
Trd, 430813.017, 102
Trd, 430814.133, 105
Trd, 430814.967, 101
Trd, 430815.133, 97
Trd, 430815.917, 90
Trd, 430816.033, 98
Trd, 430816.083, 87
Trd, 430816.300, 86
Trd, 430817.067, 89
Trd, 430817.317, 94
Trd, 430818.067, 94
Trd, 430818.517, 94
Trd, 430818.783, 94
Trd, 430819.883, 101
Trd, 430820.917, 103
Trd, 430822.517, 102
Trd, 430822.900, 97
Trd, 430823.750, 99
Trd, 430824.083, 100
Trd, 430824.883, 102
Trd, 430825.117, 102
Trd, 430826.300, 101
Trd, 430826.550, 101
Trd, 430826.683, 99
Trd, 430826.767, 104
Trd, 430826.883, 94
Trd, 430827.817, 92
Trd, 430828.850, 94
Trd, 430829.517, 93
Trd, 430832.183, 94
Trd, 430832.650, 95
Trd, 430832.700, 98
Trd, 430833.083, 98
Trd, 430833.417, 103
Trd, 430833.467, 100
Trd, 430834.450, 97
Trd, 430835.400, 105
Trd, 430835.500, 94
Trd, 430836.833, 108
Trd, 430839.250, 103
Trd, 430840.000, 102
Trd, 430840.083, 101
Trd, 430840.883, 97
Trd, 430841.133, 90
Trd, 430841.667, 101
Trd, 430842.050, 91
Trd, 430842.500, 103
Trd, 430843.283, 105
Trd, 430843.350, 106
Trd, 430843.683, 104
Trd, 430844.083, 102
Trd, 430845.133, 103
Trd, 430845.817, 98
Trd, 430846.150, 102
Trd, 430847.317, 101
Trd, 430848.267, 101
Trd, 430848.517, 102
Trd, 430848.750, 98
Trd, 430848.883, 102
Trd, 430850.483, 98
Trd, 430850.750, 99
Trd, 430852.233, 101
Trd, 430852.617, 94
Trd, 430853.667, 94
Trd, 430853.983, 94
Trd, 430854.700, 94
Trd, 430854.783, 93
Trd, 430856.083, 97
Trd, 430856.717, 104
Trd, 430857.383, 95
Trd, 430857.600, 105
Trd, 430859.367, 92
Trd, 430860.267, 103
Trd, 430860.567, 102
Trd, 430860.683, 101
Trd, 430862.783, 95
Trd, 430862.933, 91
Trd, 430863.050, 90
Trd, 430863.250, 99
Trd, 430863.567, 101
Trd, 430864.200, 97
Trd, 430864.600, 99
Trd, 430864.983, 90
Trd, 430865.683, 111
Trd, 430867.217, 88
Trd, 430867.250, 87
Trd, 430867.583, 101
Trd, 430868.833, 88
Trd, 430869.167, 91
Trd, 430869.300, 83
Trd, 430870.883, 98
Trd, 430872.133, 99
Trd, 430872.700, 100
Trd, 430873.133, 99
Trd, 430873.583, 98
Trd, 430875.717, 102
Trd, 430876.200, 98
Trd, 430877.183, 103
Trd, 430877.350, 104
Trd, 430879.200, 99
Trd, 430879.300, 111
Trd, 430879.933, 98
Trd, 430881.717, 106
Trd, 430882.000, 109
Trd, 430882.067, 106
Trd, 430882.267, 106
Trd, 430883.217, 106
Trd, 430883.683, 107
Trd, 430884.117, 96
Trd, 430884.617, 92
Trd, 430884.633, 107
Trd, 430885.967, 101
Trd, 430886.317, 103
Trd, 430886.800, 101
Trd, 430886.867, 104
Trd, 430887.883, 101
Trd, 430888.383, 98
Trd, 430888.433, 97
Trd, 430889.100, 106
Trd, 430889.117, 107
Trd, 430889.217, 108
Trd, 430889.483, 107
Trd, 430891.850, 90
Trd, 430892.217, 87
Trd, 430892.950, 82
Trd, 430893.150, 88
Trd, 430894.683, 80
Trd, 430895.017, 79
Trd, 430895.133, 84
Trd, 430895.500, 102
Trd, 430895.867, 101
Trd, 430896.517, 90
Trd, 430896.600, 103
Trd, 430897.800, 83
Trd, 430898.217, 103
Trd, 430898.767, 99
Trd, 430899.050, 98
Trd, 430899.117, 91
Trd, 430900.050, 100
Trd, 430900.883, 90
Trd, 430901.850, 91
Trd, 430903.800, 96
Trd, 430904.817, 96
Trd, 430905.650, 98
Trd, 430905.750, 103
Trd, 430908.483, 102
Trd, 430908.550, 98
Trd, 430908.700, 104
Trd, 430910.417, 101
Trd, 430910.917, 97
Trd, 430910.983, 103
Trd, 430911.050, 90
Trd, 430912.800, 95
Trd, 430912.867, 96
Trd, 430913.267, 91
Trd, 430913.283, 96
Trd, 430913.817, 88
Trd, 430913.917, 87
Trd, 430914.933, 87
Trd, 430916.683, 88
Trd, 430916.733, 89
Trd, 430917.200, 92
Trd, 430917.517, 102
Trd, 430918.550, 100
Trd, 430918.617, 85
Trd, 430920.000, 100
Trd, 430920.567, 103
Trd, 430920.867, 87
Trd, 430920.983, 84
Trd, 430923.300, 97
Trd, 430923.450, 87
Trd, 430923.733, 92
Trd, 430924.533, 92
Trd, 430924.900, 91
Trd, 430927.800, 85
Trd, 430927.900, 85
Trd, 430928.367, 88
Trd, 430928.567, 88
Trd, 430929.083, 90
Trd, 430929.717, 93
Trd, 430930.350, 97
Trd, 430931.933, 98
Trd, 430932.417, 97
Trd, 430933.033, 97
Trd, 430933.217, 96
Trd, 430933.283, 103
Trd, 430933.750, 104
Trd, 430935.150, 100
Trd, 430935.400, 105
Trd, 430936.017, 104
Trd, 430936.567, 104
Trd, 430936.900, 104
Trd, 430937.033, 99
Trd, 430937.683, 97
Trd, 430938.717, 96
Trd, 430938.783, 98
Trd, 430939.467, 100
Trd, 430939.967, 101
Trd, 430940.517, 98
Trd, 430940.983, 91
Trd, 430941.550, 91
Trd, 430944.950, 105
Trd, 430945.400, 105
Trd, 430945.917, 106
Trd, 430946.533, 102
Trd, 430947.850, 108
Trd, 430948.050, 111
Trd, 430948.200, 105
Trd, 430949.833, 108
Trd, 430950.050, 106
Trd, 430950.083, 100
Trd, 430950.883, 100
Trd, 430951.833, 102
Trd, 430952.300, 101
Trd, 430952.567, 103
Trd, 430953.867, 96
Trd, 430953.983, 95
Trd, 430954.517, 91
Trd, 430956.100, 98
Trd, 430956.183, 90
Trd, 430956.533, 99
Trd, 430957.133, 102
Trd, 430957.467, 96
Trd, 430958.383, 104
Trd, 430958.667, 95
Trd, 430959.550, 92
Trd, 430959.900, 96
Trd, 430961.267, 91
Trd, 430962.700, 96
Trd, 430962.883, 97
Trd, 430963.833, 90
Trd, 430964.833, 90
Trd, 430966.350, 91
Trd, 430967.033, 89
Trd, 430969.283, 95
Trd, 430969.917, 98
Trd, 430970.017, 98
Trd, 430970.267, 101
Trd, 430970.467, 96
Trd, 430970.500, 102
Trd, 430970.650, 94
Trd, 430971.483, 98
Trd, 430971.667, 90
Trd, 430973.033, 101
Trd, 430973.367, 99
Trd, 430974.050, 98
Trd, 430975.467, 93
Trd, 430976.383, 90
Trd, 430976.583, 103
Trd, 430976.767, 105
Trd, 430976.783, 106
Trd, 430978.917, 105
Trd, 430978.933, 106
Trd, 430979.467, 98
Trd, 430980.200, 93
Trd, 430981.233, 91
Trd, 430981.683, 92
Trd, 430982.717, 91
Trd, 430982.900, 93
Trd, 430983.850, 89
Trd, 430983.967, 93
Trd, 430984.100, 92
Trd, 430985.167, 91
Trd, 430985.200, 89
Trd, 430987.533, 88
Trd, 430988.233, 93
Trd, 430988.533, 92
Trd, 430989.583, 90
Trd, 430990.383, 89
Trd, 430990.733, 88
Trd, 430992.283, 93
Trd, 430992.350, 97
Trd, 430992.417, 98
Trd, 430992.517, 92
Trd, 430993.083, 97
Trd, 430994.983, 97
Trd, 430996.233, 96
Trd, 430996.567, 98
Trd, 430997.283, 100
Trd, 430997.383, 99
Trd, 430997.583, 97
Trd, 430998.050, 92
Trd, 430999.500, 104
Trd, 430999.550, 105
Trd, 430999.783, 88
Trd, 431000.050, 106
Trd, 431000.300, 113
Trd, 431001.583, 95
Trd, 431002.067, 91
Trd, 431002.267, 95
Trd, 431003.733, 92
Trd, 431004.283, 94
Trd, 431005.500, 91
Trd, 431006.517, 89
Trd, 431006.833, 93
Trd, 431007.033, 95
Trd, 431008.050, 98
Trd, 431008.300, 88
Trd, 431008.350, 103
Trd, 431009.050, 95
Trd, 431009.500, 102
Trd, 431009.950, 101
Trd, 431010.117, 86
Trd, 431011.183, 98
Trd, 431011.450, 87
Trd, 431013.033, 100
Trd, 431013.067, 82
Trd, 431015.950, 96
Trd, 431016.383, 91
Trd, 431016.400, 90
Trd, 431016.467, 88
Trd, 431018.583, 95
Trd, 431018.867, 96
Trd, 431019.683, 98
Trd, 431020.233, 101
Trd, 431020.867, 99
Trd, 431021.033, 101
Trd, 431021.350, 103
Trd, 431021.783, 105
Trd, 431022.183, 105
Trd, 431022.567, 105
Trd, 431023.067, 103
Trd, 431023.300, 95
Trd, 431024.383, 95
Trd, 431024.933, 108
Trd, 431024.950, 87
Trd, 431025.150, 102
Trd, 431025.817, 111
Trd, 431027.200, 96
Trd, 431030.433, 104
Trd, 431030.517, 103
Trd, 431030.633, 99
Trd, 431031.267, 97
Trd, 431031.600, 91
Trd, 431032.267, 100
Trd, 431032.517, 93
Trd, 431032.783, 91
Trd, 431033.200, 101
Trd, 431033.817, 103
Trd, 431034.783, 90
Trd, 431036.117, 107
Trd, 431036.350, 88
Trd, 431036.467, 108
Trd, 431036.583, 84
Trd, 431037.433, 108
Trd, 431038.117, 108
Trd, 431039.367, 91
Trd, 431040.300, 100
Trd, 431040.383, 97
Trd, 431042.050, 91
Trd, 431042.200, 98
Trd, 431042.417, 99
Trd, 431043.667, 96
Trd, 431044.167, 97
Trd, 431044.667, 98
Trd, 431045.733, 103
Trd, 431045.833, 103
Trd, 431046.850, 103
Trd, 431047.050, 104
Trd, 431047.483, 97
Trd, 431047.983, 90
Trd, 431048.750, 102
Trd, 431049.383, 101
Trd, 431050.533, 88
Trd, 431050.633, 89
Trd, 431051.700, 93
Trd, 431051.750, 98
Trd, 431052.317, 100
Trd, 431052.833, 101
Trd, 431052.850, 99
Trd, 431053.017, 104
Trd, 431054.017, 98
Trd, 431054.083, 117
Trd, 431056.000, 102
Trd, 431056.167, 105
Trd, 431056.533, 95
Trd, 431056.833, 87
Trd, 431059.917, 88
Trd, 431060.083, 87
Trd, 431061.017, 85
Trd, 431061.100, 91
Trd, 431061.883, 85
Trd, 431063.183, 87
Trd, 431063.933, 86
Trd, 431064.000, 91
Trd, 431064.517, 93
Trd, 431064.717, 98
Trd, 431064.983, 83
Trd, 431065.300, 83
Trd, 431065.317, 82
Trd, 431067.300, 99
Trd, 431068.200, 98
Trd, 431069.950, 93
Trd, 431070.367, 95
Trd, 431071.250, 92
Trd, 431071.683, 95
Trd, 431071.733, 89
Trd, 431071.833, 88
Trd, 431072.267, 100
Trd, 431073.533, 104
Trd, 431073.633, 105
Trd, 431073.850, 106
Trd, 431073.967, 109
Trd, 431074.917, 112
Trd, 431076.383, 95
Trd, 431077.467, 103
Trd, 431077.500, 102
Trd, 431077.700, 101
Trd, 431077.950, 110
Trd, 431079.067, 107
Trd, 431079.383, 108
Trd, 431079.850, 100
Trd, 431081.550, 97
Trd, 431081.900, 91
Trd, 431082.283, 91
Trd, 431083.917, 98
Trd, 431084.567, 96
Trd, 431084.800, 99
Trd, 431086.600, 92
Trd, 431087.883, 91
Trd, 431088.000, 90
Trd, 431088.017, 87
Trd, 431088.500, 96
Trd, 431088.700, 87
Trd, 431089.817, 95
Trd, 431091.967, 93
Trd, 431092.583, 96
Trd, 431092.650, 97
Trd, 431093.000, 98
Trd, 431093.633, 103
Trd, 431093.950, 104
Trd, 431094.383, 101
Trd, 431095.183, 119
Trd, 431095.567, 101
Trd, 431096.150, 102
Trd, 431096.700, 101
Trd, 431096.750, 110
Trd, 431097.117, 115
Trd, 431100.550, 111
Trd, 431100.983, 109
Trd, 431101.150, 100
Trd, 431102.500, 103
Trd, 431102.800, 108
Trd, 431103.983, 107
Trd, 431104.767, 104
Trd, 431105.450, 101
Trd, 431105.617, 98
Trd, 431107.167, 91
Trd, 431107.450, 95
Trd, 431107.483, 96
Trd, 431107.517, 97
Trd, 431107.883, 102
Trd, 431108.600, 95
Trd, 431108.933, 90
Trd, 431108.967, 89
Trd, 431110.233, 102
Trd, 431110.983, 92
Trd, 431111.050, 93
Trd, 431111.117, 86
Trd, 431114.250, 89
Trd, 431116.617, 98
Trd, 431116.800, 97
Trd, 431116.883, 96
Trd, 431117.183, 94
Trd, 431117.783, 90
Trd, 431119.183, 91
Trd, 431119.400, 92
Trd, 431120.317, 94
Trd, 431121.083, 85
Trd, 431121.133, 95
Trd, 431122.767, 94
Trd, 431122.850, 98
Trd, 431123.650, 99
Trd, 431123.917, 100
Trd, 431124.033, 101
Trd, 431124.167, 100
Trd, 431124.717, 102
Trd, 431125.583, 102
Trd, 431126.883, 104
Trd, 431128.350, 91
Trd, 431128.500, 101
Trd, 431128.867, 97
Trd, 431129.550, 100
Trd, 431129.867, 102
Trd, 431130.417, 101
Trd, 431130.567, 90
Trd, 431130.867, 90
Trd, 431130.967, 108
Trd, 431132.383, 90
Trd, 431132.917, 87
Trd, 431133.150, 83
Trd, 431133.617, 109
Trd, 431134.383, 110
Trd, 431135.167, 110
Trd, 431135.400, 117
Trd, 431135.850, 91
Trd, 431136.067, 90
Trd, 431137.950, 92
Trd, 431138.400, 95
Trd, 431139.467, 83
Trd, 431141.917, 107
Trd, 431142.167, 106
Trd, 431142.217, 107
Trd, 431142.317, 99
Trd, 431143.117, 108
Trd, 431143.633, 106
Trd, 431143.733, 101
Trd, 431144.367, 98
Trd, 431145.083, 107
Trd, 431145.333, 91
Trd, 431145.567, 90
Trd, 431146.050, 88
Trd, 431146.550, 98
Trd, 431147.433, 105
Trd, 431147.950, 90
Trd, 431148.933, 95
Trd, 431150.200, 100
Trd, 431150.500, 100
Trd, 431150.767, 103
Trd, 431151.300, 104
Trd, 431151.683, 96
Trd, 431153.917, 92
Trd, 431154.217, 90
Trd, 431155.150, 93
Trd, 431155.333, 92
Trd, 431155.500, 95
Trd, 431157.600, 98
Trd, 431158.367, 103
Trd, 431160.400, 105
Trd, 431160.717, 106
Trd, 431162.483, 108
Trd, 431162.550, 107
Trd, 431164.383, 100
Trd, 431164.467, 99
Trd, 431164.617, 100
Trd, 431164.833, 99
Trd, 431165.050, 97
Trd, 431165.167, 100
Trd, 431166.467, 92
Trd, 431166.500, 91
Trd, 431166.817, 90
Trd, 431167.033, 86
Trd, 431167.800, 95
Trd, 431168.433, 98
Trd, 431168.817, 97
Trd, 431169.550, 101
Trd, 431169.917, 99
Trd, 431171.017, 112
Trd, 431172.733, 104
Trd, 431172.933, 103
Trd, 431173.100, 107
Trd, 431173.317, 112
Trd, 431173.367, 103
Trd, 431174.433, 97
Trd, 431174.567, 94
Trd, 431175.983, 99
Trd, 431176.317, 97
Trd, 431176.633, 98
Trd, 431177.133, 96
Trd, 431179.233, 91
Trd, 431180.050, 91
Trd, 431180.267, 92
Trd, 431180.650, 90
Trd, 431180.667, 92
Trd, 431180.767, 93
Trd, 431181.383, 86
Trd, 431181.917, 86
Trd, 431182.350, 79
Trd, 431183.300, 92
Trd, 431183.367, 94
Trd, 431184.133, 95
Trd, 431185.450, 98
Trd, 431186.367, 101
Trd, 431186.483, 99
Trd, 431188.800, 102
Trd, 431189.917, 104
Trd, 431190.033, 103
Trd, 431190.317, 107
Trd, 431190.483, 102
Trd, 431190.917, 119
Trd, 431191.633, 98
Trd, 431192.750, 87
Trd, 431192.933, 86
Trd, 431193.383, 93
Trd, 431193.900, 89
Trd, 431194.267, 89
Trd, 431195.167, 87
Trd, 431196.300, 82
Trd, 431196.450, 83
Trd, 431197.750, 84
Trd, 431199.167, 89
Trd, 431199.233, 90
Trd, 431199.483, 88
Trd, 431199.683, 98
Trd, 431200.150, 98
Trd, 431200.567, 104
Trd, 431201.550, 93
Trd, 431202.133, 104
Trd, 431203.350, 96
Trd, 431203.583, 102
Trd, 431204.183, 95
Trd, 431204.967, 95
Trd, 431205.000, 105
Trd, 431205.300, 90
Trd, 431206.200, 103
Trd, 431207.217, 92
Trd, 431207.750, 97
Trd, 431208.967, 87
Trd, 431209.117, 95
Trd, 431210.000, 96
Trd, 431210.050, 85
Trd, 431212.450, 89
Trd, 431212.533, 90
Trd, 431212.767, 95
Trd, 431212.800, 87
Trd, 431213.417, 98
Trd, 431213.967, 85
Trd, 431214.100, 109
Trd, 431215.583, 102
Trd, 431216.633, 102
Trd, 431216.783, 100
Trd, 431217.267, 100
Trd, 431217.283, 99
Trd, 431217.917, 92
Trd, 431219.867, 88
Trd, 431220.283, 95
Trd, 431221.300, 91
Trd, 431221.750, 92
Trd, 431221.883, 87
Trd, 431222.167, 94
Trd, 431223.650, 95
Trd, 431223.967, 97
Trd, 431224.150, 98
Trd, 431224.650, 93
Trd, 431225.867, 100
Trd, 431226.067, 104
Trd, 431226.400, 101
Trd, 431226.750, 107
Trd, 431226.983, 100
Trd, 431227.450, 107
Trd, 431229.500, 107
Trd, 431230.183, 101
Trd, 431230.483, 108
Trd, 431231.750, 104
Trd, 431231.950, 103
Trd, 431232.433, 97
Trd, 431233.800, 90
Trd, 431234.617, 100
Trd, 431234.717, 96
Trd, 431234.900, 103
Trd, 431234.917, 88
Trd, 431235.033, 87
Trd, 431235.817, 102
Trd, 431237.683, 102
Trd, 431237.717, 102
Trd, 431239.833, 101
Trd, 431240.533, 103
Trd, 431241.067, 104
Trd, 431242.733, 106
Trd, 431243.050, 98
Trd, 431243.067, 94
Trd, 431243.733, 91
Trd, 431243.867, 90
Trd, 431244.783, 106
Trd, 431245.033, 88
Trd, 431245.250, 110
Trd, 431245.367, 111
Trd, 431246.117, 112
Trd, 431247.317, 106
Trd, 431247.883, 99
Trd, 431248.400, 98
Trd, 431248.683, 91
Trd, 431249.500, 96
Trd, 431250.217, 96
Trd, 431250.333, 97
Trd, 431250.467, 93
Trd, 431250.850, 93
Trd, 431251.400, 93
Trd, 431252.000, 95
Trd, 431254.133, 92
Trd, 431255.167, 92
Trd, 431256.200, 93
Trd, 431257.050, 92
Trd, 431257.150, 90
Trd, 431257.267, 90
Trd, 431257.383, 86
Trd, 431257.683, 97
Trd, 431258.483, 85
Trd, 431258.600, 98
Trd, 431259.233, 103
Trd, 431260.367, 104
Trd, 431260.967, 111
Trd, 431261.050, 103
Trd, 431261.883, 112
Trd, 431262.750, 103
Trd, 431262.883, 100
Trd, 431264.167, 106
Trd, 431264.250, 97
Trd, 431265.683, 98
Trd, 431266.300, 99
Trd, 431267.400, 103
Trd, 431267.667, 104
Trd, 431267.967, 99
Trd, 431268.850, 92
Trd, 431269.350, 99
Trd, 431270.183, 91
Trd, 431270.250, 98
Trd, 431270.467, 91
Trd, 431271.383, 98
Trd, 431272.950, 96
Trd, 431273.367, 95
Trd, 431274.017, 96
Trd, 431274.333, 97
Trd, 431275.100, 96
Trd, 431275.650, 102
Trd, 431277.817, 101
Trd, 431278.700, 97
Trd, 431278.800, 100
Trd, 431278.900, 103
Trd, 431279.217, 95
Trd, 431279.250, 93
Trd, 431279.850, 93
Trd, 431280.683, 90
Trd, 431281.983, 100
Trd, 431282.050, 101
Trd, 431283.383, 102
Trd, 431284.300, 92
Trd, 431284.800, 101
Trd, 431285.550, 94
Trd, 431287.033, 101
Trd, 431287.417, 102
Trd, 431287.433, 100
Trd, 431288.167, 110
Trd, 431288.417, 97
Trd, 431289.367, 92
Trd, 431289.700, 101
Trd, 431291.100, 83
Trd, 431291.400, 83
Trd, 431291.833, 101
Trd, 431292.567, 102
Trd, 431292.683, 86
Trd, 431293.117, 84
Trd, 431293.633, 101
Trd, 431295.133, 98
Trd, 431295.483, 99
Trd, 431297.183, 92
Trd, 431297.417, 90
Trd, 431297.617, 90
Trd, 431297.683, 108
Trd, 431299.083, 107
Trd, 431299.833, 102
Trd, 431300.633, 105
Trd, 431301.050, 108
Trd, 431301.700, 103
Trd, 431302.200, 101
Trd, 431303.317, 90
Trd, 431304.800, 100
Trd, 431305.200, 94
Trd, 431305.283, 100
Trd, 431305.950, 97
Trd, 431305.967, 98
Trd, 431306.133, 95
Trd, 431306.200, 87
Trd, 431307.367, 91
Trd, 431307.450, 82
Trd, 431307.750, 105
Trd, 431307.900, 93
Trd, 431309.650, 106
Trd, 431310.267, 112
Trd, 431310.367, 105
Trd, 431310.750, 109
Trd, 431311.283, 106
Trd, 431312.950, 112
Trd, 431313.517, 104
Trd, 431313.783, 104
Trd, 431315.000, 98
Trd, 431315.483, 98
Trd, 431315.717, 96
Trd, 431315.817, 93
Trd, 431318.267, 91
Trd, 431319.050, 95
Trd, 431319.367, 102
Trd, 431319.867, 92
Trd, 431320.017, 109
Trd, 431320.267, 121
Trd, 431321.050, 100
Trd, 431322.617, 98
Trd, 431322.700, 92
Trd, 431323.233, 90
Trd, 431323.400, 100
Trd, 431324.033, 91
Trd, 431325.467, 90
Trd, 431325.850, 90
Trd, 431326.533, 93
Trd, 431328.217, 86
Trd, 431328.567, 87
Trd, 431328.917, 83
Trd, 431329.600, 82
Trd, 431329.900, 84
Trd, 431330.300, 85
Trd, 431330.350, 90
Trd, 431330.417, 93
Trd, 431330.650, 100
Trd, 431331.317, 104
Trd, 431331.617, 110
Trd, 431333.017, 107
Trd, 431333.550, 107
Trd, 431334.900, 109
Trd, 431334.917, 106
Trd, 431336.133, 101
Trd, 431336.950, 103
Trd, 431337.333, 103
Trd, 431337.750, 102
Trd, 431337.950, 102
Trd, 431338.317, 101
Trd, 431338.867, 100
Trd, 431339.500, 102
Trd, 431339.600, 104
Trd, 431339.833, 106
Trd, 431340.300, 93
Trd, 431340.417, 119
Trd, 431341.500, 90
Trd, 431342.433, 107
Trd, 431344.033, 98
Trd, 431344.700, 90
Trd, 431346.150, 91
Trd, 431346.400, 93
Trd, 431346.417, 95
Trd, 431346.500, 90
Trd, 431346.867, 95
Trd, 431347.967, 85
Trd, 431348.017, 93
Trd, 431348.050, 85
Trd, 431348.333, 98
Trd, 431348.533, 83
Trd, 431348.567, 102
Trd, 431348.817, 82
Trd, 431351.550, 102
Trd, 431352.350, 104
Trd, 431352.617, 103
Trd, 431353.717, 102
Trd, 431354.333, 101
Trd, 431354.450, 102
Trd, 431355.600, 104
Trd, 431356.117, 107
Trd, 431357.200, 98
Trd, 431357.517, 97
Trd, 431358.033, 95
Trd, 431359.950, 102
Trd, 431360.533, 91
Trd, 431361.050, 90
Trd, 431362.183, 97
Trd, 431362.250, 90
Trd, 431364.100, 96
Trd, 431364.667, 98
Trd, 431365.083, 97
Trd, 431365.417, 95
Trd, 431367.233, 94
Trd, 431368.667, 97
Trd, 431368.750, 92
Trd, 431369.183, 96
Trd, 431369.650, 90
Trd, 431370.483, 95
Trd, 431370.517, 96
Trd, 431371.617, 98
Trd, 431372.300, 94
Trd, 431373.317, 92
Trd, 431373.983, 93
Trd, 431374.283, 92
Trd, 431374.367, 102
Trd, 431374.383, 88
Trd, 431375.467, 87
Trd, 431376.000, 83
Trd, 431376.733, 103
Trd, 431378.183, 102
Trd, 431378.200, 103
Trd, 431379.083, 104
Trd, 431379.167, 104
Trd, 431380.017, 106
Trd, 431381.517, 108
Trd, 431382.100, 106
Trd, 431382.600, 102
Trd, 431382.733, 101
Trd, 431384.167, 102
Trd, 431384.383, 101
Trd, 431384.500, 97
Trd, 431384.983, 94
Trd, 431385.533, 98
Trd, 431385.850, 99
Trd, 431386.483, 90
Trd, 431387.717, 101
Trd, 431388.050, 98
Trd, 431388.150, 97
Trd, 431389.717, 90
Trd, 431389.733, 95
Trd, 431389.883, 87
Trd, 431390.583, 104
Trd, 431390.700, 105
Trd, 431390.850, 102
Trd, 431391.667, 101
Trd, 431392.283, 96
Trd, 431393.350, 98
Trd, 431394.667, 102
Trd, 431395.667, 104
Trd, 431396.183, 87
Trd, 431396.233, 85
Trd, 431397.267, 104
Trd, 431397.350, 105
Trd, 431398.367, 93
Trd, 431398.433, 87
Trd, 431399.183, 98
Trd, 431400.667, 96
Trd, 431402.267, 94
Trd, 431402.583, 106
Trd, 431403.733, 107
Trd, 431405.117, 92
Trd, 431405.600, 94
Trd, 431405.850, 92
Trd, 431406.050, 96
Trd, 431406.383, 97
Trd, 431407.117, 96
Trd, 431408.033, 92
Trd, 431408.517, 90
Trd, 431408.583, 95
Trd, 431408.683, 96
Trd, 431408.983, 97
Trd, 431409.567, 96
Trd, 431411.583, 96
Trd, 431412.450, 97
Trd, 431412.617, 96
Trd, 431413.283, 93
Trd, 431413.417, 98
Trd, 431413.883, 92
Trd, 431414.067, 90
Trd, 431414.917, 88
Trd, 431416.067, 86
Trd, 431416.350, 101
Trd, 431418.233, 83
Trd, 431418.483, 82
Trd, 431418.533, 97
Trd, 431418.550, 102
Trd, 431420.500, 89
Trd, 431420.783, 101
Trd, 431422.283, 93
Trd, 431422.317, 96
Trd, 431422.867, 100
Trd, 431424.133, 99
Trd, 431425.083, 104
Trd, 431425.517, 102
Trd, 431425.833, 99
Trd, 431425.950, 105
Trd, 431427.133, 100
Trd, 431428.267, 99
Trd, 431428.533, 100
Trd, 431428.767, 99
Trd, 431428.867, 100
Trd, 431429.183, 97
Trd, 431430.367, 102
Trd, 431430.917, 102
Trd, 431431.233, 101
Trd, 431432.617, 100
Trd, 431432.700, 98
Trd, 431433.100, 101
Trd, 431433.667, 95
Trd, 431434.083, 91
Trd, 431435.400, 100
Trd, 431436.467, 102
Trd, 431437.717, 103
Trd, 431438.433, 103
Trd, 431438.450, 101
Trd, 431439.083, 96
Trd, 431439.300, 90
Trd, 431439.617, 100
Trd, 431440.083, 91
Trd, 431440.150, 90
Trd, 431441.100, 98
Trd, 431441.133, 102
Trd, 431443.850, 92
Trd, 431444.117, 98
Trd, 431444.617, 100
Trd, 431444.800, 95
Trd, 431445.733, 101
Trd, 431446.383, 96
Trd, 431447.133, 102
Trd, 431447.417, 101
Trd, 431447.967, 102
Trd, 431448.117, 104
Trd, 431448.200, 94
Trd, 431450.367, 103
Trd, 431452.217, 101
Trd, 431452.567, 103
Trd, 431452.717, 99
Trd, 431452.817, 107
Trd, 431453.017, 97
Trd, 431453.367, 111
Trd, 431454.650, 91
Trd, 431454.850, 101
Trd, 431455.617, 91
Trd, 431456.417, 99
Trd, 431456.883, 107
Trd, 431458.083, 99
Trd, 431458.950, 101
Trd, 431460.017, 98
Trd, 431460.383, 98
Trd, 431462.150, 90
Trd, 431462.167, 90
Trd, 431462.200, 92
Trd, 431463.050, 94
Trd, 431463.367, 104
Trd, 431463.583, 96
Trd, 431463.650, 95
Trd, 431464.933, 106
Trd, 431465.867, 108
Trd, 431466.533, 93
Trd, 431467.067, 93
Trd, 431467.750, 90
Trd, 431467.867, 87
Trd, 431468.750, 101
Trd, 431468.933, 101
Trd, 431469.567, 97
Trd, 431471.200, 97
Trd, 431471.217, 96
Trd, 431471.233, 88
Trd, 431471.533, 98
Trd, 431472.783, 89
Trd, 431474.950, 101
Trd, 431475.367, 104
Trd, 431475.533, 107
Trd, 431475.900, 114
Trd, 431476.050, 109
Trd, 431476.100, 108
Trd, 431476.233, 117
Trd, 431477.900, 111
Trd, 431478.667, 108
Trd, 431478.883, 106
Trd, 431479.267, 111
Trd, 431480.467, 106
Trd, 431480.883, 104
Trd, 431481.167, 102
Trd, 431481.700, 97
Trd, 431482.033, 96
Trd, 431482.233, 91
Trd, 431484.033, 100
Trd, 431484.517, 102
Trd, 431485.517, 103
Trd, 431486.050, 104
Trd, 431486.800, 101
Trd, 431487.000, 91
Trd, 431487.117, 90
Trd, 431487.367, 109
Trd, 431487.550, 88
Trd, 431489.133, 94
Trd, 431489.567, 87
Trd, 431489.817, 85
Trd, 431491.117, 101
Trd, 431492.350, 101
Trd, 431492.867, 102
Trd, 431493.150, 100
Trd, 431493.417, 100
Trd, 431494.083, 102
Trd, 431494.633, 101
Trd, 431495.683, 100
Trd, 431496.083, 99
Trd, 431497.017, 96
Trd, 431498.317, 98
Trd, 431499.417, 98
Trd, 431499.950, 92
Trd, 431500.167, 91
Trd, 431500.450, 97
Trd, 431500.950, 97
Trd, 431501.467, 99
Trd, 431502.267, 100
Trd, 431503.367, 93
Trd, 431504.050, 99
Trd, 431504.717, 101
Trd, 431505.183, 100
Trd, 431505.600, 93
Trd, 431505.950, 90
Trd, 431505.967, 104
Trd, 431506.283, 90
Trd, 431507.450, 88
Trd, 431507.583, 101
Trd, 431508.083, 85
Trd, 431508.183, 105
Trd, 431508.750, 101
Trd, 431509.000, 105
Trd, 431509.183, 90
Trd, 431510.383, 90
Trd, 431511.233, 93
Trd, 431514.683, 93
Trd, 431515.500, 96
Trd, 431515.600, 97
Trd, 431517.400, 97
Trd, 431518.550, 101
Trd, 431519.217, 98
Trd, 431519.300, 103
Trd, 431519.667, 106
Trd, 431520.183, 99
Trd, 431520.217, 90
Trd, 431521.200, 90
Trd, 431523.083, 95
Trd, 431523.717, 95
Trd, 431524.017, 94
Trd, 431524.067, 95
Trd, 431524.350, 92
Trd, 431524.383, 88
Trd, 431524.717, 96
Trd, 431526.217, 104
Trd, 431526.317, 98
Trd, 431527.267, 101
Trd, 431527.400, 108
Trd, 431528.483, 113
Trd, 431528.800, 99
Trd, 431529.400, 118
Trd, 431529.500, 119
Trd, 431530.350, 99
Trd, 431530.567, 98
Trd, 431531.400, 95
Trd, 431531.983, 92
Trd, 431534.333, 94
Trd, 431534.517, 90
Trd, 431535.200, 95
Trd, 431535.533, 100
Trd, 431535.683, 92
Trd, 431535.817, 91
Trd, 431536.667, 100
Trd, 431538.000, 100
Trd, 431538.250, 92
Trd, 431541.167, 90
Trd, 431541.433, 100
Trd, 431541.467, 87
Trd, 431542.050, 99
Trd, 431542.867, 96
Trd, 431543.167, 84
Trd, 431543.767, 98
Trd, 431545.017, 98
Trd, 431545.733, 92
Trd, 431546.367, 93
Trd, 431546.833, 97
Trd, 431548.067, 95
Trd, 431549.133, 103
Trd, 431549.650, 101
Trd, 431549.883, 95
Trd, 431550.867, 92
Trd, 431551.733, 90
Trd, 431552.217, 96
Trd, 431552.700, 93
Trd, 431553.083, 96
Trd, 431553.267, 90
Trd, 431553.883, 88
Trd, 431554.100, 101
Trd, 431555.433, 101
Trd, 431555.567, 101
Trd, 431555.917, 104
Trd, 431556.433, 99
Trd, 431556.567, 98
Trd, 431558.050, 107
Trd, 431558.467, 101
Trd, 431559.567, 111
Trd, 431560.567, 100
Trd, 431560.717, 97
Trd, 431562.900, 96
Trd, 431563.317, 98
Trd, 431563.500, 99
Trd, 431563.583, 117
Trd, 431563.883, 90
Trd, 431564.717, 92
Trd, 431565.750, 91
Trd, 431567.067, 95
Trd, 431567.217, 95
Trd, 431568.567, 90
Trd, 431568.667, 94
Trd, 431569.617, 93
Trd, 431569.717, 94
Trd, 431570.183, 92
Trd, 431570.917, 90
Trd, 431571.017, 93
Trd, 431571.633, 102
Trd, 431571.717, 87
Trd, 431572.333, 101
Trd, 431573.083, 102
Trd, 431575.233, 93
Trd, 431575.333, 94
Trd, 431575.533, 92
Trd, 431576.567, 95
Trd, 431577.683, 104
Trd, 431577.967, 92
Trd, 431579.217, 90
Trd, 431580.667, 85
Trd, 431581.050, 91
Trd, 431581.867, 91
Trd, 431582.933, 92
Trd, 431583.050, 93
Trd, 431583.367, 91
Trd, 431583.583, 98
Trd, 431584.550, 92
Trd, 431584.883, 105
Trd, 431586.117, 97
Trd, 431586.300, 102
Trd, 431587.583, 104
Trd, 431587.750, 105
Trd, 431588.350, 101
Trd, 431589.533, 108
Trd, 431590.517, 111
Trd, 431590.617, 92
Trd, 431593.250, 111
Trd, 431593.450, 107
Trd, 431593.567, 111
Trd, 431594.183, 106
Trd, 431594.733, 104
Trd, 431594.750, 112
Trd, 431595.550, 101
Trd, 431595.967, 100
Trd, 431596.733, 98
Trd, 431597.350, 92
Trd, 431597.767, 102
Trd, 431598.300, 99
Trd, 431599.400, 95
Trd, 431599.433, 96
Trd, 431600.350, 90
Trd, 431600.600, 87
Trd, 431602.633, 89
Trd, 431602.883, 96
Trd, 431603.417, 98
Trd, 431603.583, 102
Trd, 431604.433, 104
Trd, 431604.800, 102
Trd, 431605.117, 102
Trd, 431606.567, 100
Trd, 431606.983, 98
Trd, 431607.217, 98
Trd, 431607.967, 93
Trd, 431608.000, 99
Trd, 431608.450, 104
Trd, 431608.667, 108
Trd, 431609.317, 112
Trd, 431609.867, 91
Trd, 431610.500, 116
Trd, 431610.733, 91
Trd, 431612.467, 94
Trd, 431612.500, 90
Trd, 431613.933, 85
Trd, 431614.233, 93
Trd, 431614.283, 81
Trd, 431615.550, 85
Trd, 431616.200, 84
Trd, 431616.550, 86
Trd, 431617.300, 88
Trd, 431617.867, 86
Trd, 431618.117, 96
Trd, 431618.183, 85
Trd, 431619.617, 97
Trd, 431620.133, 98
Trd, 431620.567, 98
Trd, 431622.083, 103
Trd, 431622.650, 101
Trd, 431622.767, 100
Trd, 431623.450, 100
Trd, 431624.200, 102
Trd, 431624.750, 101
Trd, 431625.517, 103
Trd, 431626.817, 94
Trd, 431630.317, 90
Trd, 431630.483, 90
Trd, 431630.717, 96
Trd, 431631.400, 87
Trd, 431633.050, 95
Trd, 431633.617, 93
Trd, 431634.233, 94
Trd, 431634.667, 82
Trd, 431634.767, 96
Trd, 431634.950, 98
Trd, 431635.717, 89
Trd, 431636.267, 92
Trd, 431636.733, 91
Trd, 431637.500, 99
Trd, 431639.233, 101
Trd, 431639.900, 99
Trd, 431640.383, 101
Trd, 431640.500, 100
Trd, 431641.067, 98
Trd, 431641.300, 97
Trd, 431641.383, 104
Trd, 431641.483, 95
Trd, 431641.950, 90
Trd, 431643.450, 96
Trd, 431645.917, 95
Trd, 431646.267, 95
Trd, 431646.333, 96
Trd, 431647.250, 97
Trd, 431647.450, 96
Trd, 431648.800, 106
Trd, 431649.017, 94
Trd, 431650.100, 104
Trd, 431650.650, 103
Trd, 431650.667, 102
Trd, 431651.250, 110
Trd, 431651.817, 104
Trd, 431652.200, 101
Trd, 431652.517, 106
Trd, 431652.633, 97
Trd, 431653.067, 105
Trd, 431653.217, 96
Trd, 431654.100, 105
Trd, 431656.150, 92
Trd, 431656.350, 93
Trd, 431657.317, 92
Trd, 431657.833, 92
Trd, 431658.100, 96
Trd, 431658.567, 90
Trd, 431658.833, 88
Trd, 431659.183, 109
Trd, 431660.333, 108
Trd, 431660.517, 110
Trd, 431661.600, 104
Trd, 431662.250, 104
Trd, 431662.417, 106
Trd, 431662.500, 102
Trd, 431663.150, 101
Trd, 431663.767, 109
Trd, 431664.983, 106
Trd, 431665.283, 98
Trd, 431665.733, 105
Trd, 431667.500, 100
Trd, 431667.667, 100
Trd, 431668.533, 100
Trd, 431669.067, 100
Trd, 431669.167, 98
Trd, 431669.500, 101
Trd, 431669.950, 114
Trd, 431671.033, 95
Trd, 431671.083, 94
Trd, 431674.033, 101
Trd, 431674.133, 99
Trd, 431674.600, 97
Trd, 431675.050, 101
Trd, 431675.700, 100
Trd, 431676.633, 101
Trd, 431676.783, 103
Trd, 431677.400, 98
Trd, 431678.500, 104
Trd, 431679.450, 99
Trd, 431679.667, 104
Trd, 431681.017, 104
Trd, 431681.417, 105
Trd, 431682.217, 106
Trd, 431682.583, 105
Trd, 431683.633, 107
Trd, 431684.283, 92
Trd, 431685.517, 96
Trd, 431685.567, 90
Trd, 431685.800, 103
Trd, 431685.867, 101
Trd, 431686.150, 94
Trd, 431687.200, 91
Trd, 431688.367, 92
Trd, 431688.700, 97
Trd, 431688.900, 97
Trd, 431688.967, 98
Trd, 431689.100, 103
Trd, 431689.783, 90
Trd, 431691.883, 87
Trd, 431692.500, 87
Trd, 431692.517, 86
Trd, 431693.733, 85
Trd, 431695.050, 84
Trd, 431695.267, 84
Trd, 431696.217, 92
Trd, 431696.333, 93
Trd, 431696.467, 96
Trd, 431696.650, 98
Trd, 431696.883, 104
Trd, 431697.500, 86
Trd, 431698.983, 99
Trd, 431699.367, 96
Trd, 431700.633, 103
Trd, 431702.233, 101
Trd, 431702.367, 102
Trd, 431702.383, 98
Trd, 431702.433, 94
Trd, 431702.950, 104
Trd, 431704.283, 104
Trd, 431704.350, 99
Trd, 431706.167, 102
Trd, 431706.733, 104
Trd, 431707.267, 102
Trd, 431707.883, 96
Trd, 431710.450, 103
Trd, 431711.067, 101
Trd, 431711.233, 107
Trd, 431712.317, 101
Trd, 431712.367, 99
Trd, 431713.050, 100
Trd, 431713.683, 109
Trd, 431714.583, 111
Trd, 431715.600, 99
Trd, 431716.583, 99
Trd, 431716.600, 98
Trd, 431717.117, 100
Trd, 431717.533, 101
Trd, 431718.217, 98
Trd, 431718.583, 94
Trd, 431719.283, 101
Trd, 431719.667, 96
Trd, 431719.817, 91
Trd, 431720.317, 90
Trd, 431720.550, 100
Trd, 431720.567, 101
Trd, 431721.700, 104
Trd, 431722.250, 98
Trd, 431723.950, 93
Trd, 431725.500, 96
Trd, 431725.817, 98
Trd, 431726.567, 90
Trd, 431726.583, 101
Trd, 431727.983, 88
Trd, 431728.800, 89
Trd, 431729.033, 90
Trd, 431730.450, 103
Trd, 431730.483, 91
Trd, 431730.867, 89
Trd, 431732.000, 88
Trd, 431732.317, 99
Trd, 431732.367, 102
Trd, 431732.850, 104
Trd, 431733.583, 102
Trd, 431734.750, 106
Trd, 431734.867, 102
Trd, 431735.050, 109
Trd, 431735.350, 101
Trd, 431736.917, 111
Trd, 431737.317, 91
Trd, 431737.767, 105
Trd, 431740.267, 115
Trd, 431740.833, 106
Trd, 431741.483, 106
Trd, 431741.550, 109
Trd, 431741.567, 104
Trd, 431741.850, 120
Trd, 431744.583, 115
Trd, 431746.367, 101
Trd, 431746.383, 101
Trd, 431746.417, 99
Trd, 431746.500, 98
Trd, 431747.817, 99
Trd, 431748.433, 98
Trd, 431749.050, 97
Trd, 431749.150, 98
Trd, 431749.717, 87
Trd, 431750.067, 96
Trd, 431751.233, 96
Trd, 431751.617, 90
Trd, 431751.950, 96
Trd, 431752.800, 93
Trd, 431753.617, 95
Trd, 431753.783, 92
Trd, 431754.050, 98
Trd, 431754.300, 101
Trd, 431754.417, 96
Trd, 431754.883, 96
Trd, 431755.917, 97
Trd, 431757.017, 101
Trd, 431758.717, 102
Trd, 431759.783, 98
Trd, 431760.117, 102
Trd, 431760.767, 98
Trd, 431761.067, 98
Trd, 431761.433, 90
Trd, 431761.717, 90
Trd, 431761.767, 96
Trd, 431761.783, 90
Trd, 431762.267, 86
Trd, 431763.067, 98
Trd, 431763.250, 98
Trd, 431764.667, 100
Trd, 431765.700, 100
Trd, 431766.600, 106
Trd, 431767.067, 102
Trd, 431767.667, 101
Trd, 431769.600, 101
Trd, 431770.050, 100
Trd, 431770.533, 103
Trd, 431770.600, 102
Trd, 431771.167, 99
Trd, 431772.900, 101
Trd, 431773.383, 99
Trd, 431773.900, 98
Trd, 431774.083, 101
Trd, 431774.267, 101
Trd, 431774.633, 94
Trd, 431774.717, 90
Trd, 431777.633, 89
Trd, 431778.267, 94
Trd, 431778.967, 91
Trd, 431779.617, 91
Trd, 431779.900, 95
Trd, 431780.267, 97
Trd, 431780.950, 91
Trd, 431782.383, 103
Trd, 431782.417, 104
Trd, 431782.833, 98
Trd, 431784.117, 99
Trd, 431784.867, 99
Trd, 431785.183, 99
Trd, 431785.733, 99
Trd, 431787.000, 95
Trd, 431787.917, 95
Trd, 431788.133, 90
Trd, 431789.617, 100
Trd, 431791.000, 88
Trd, 431791.800, 97
Trd, 431792.317, 97
Trd, 431792.400, 98
Trd, 431792.450, 98
Trd, 431792.767, 89
Trd, 431793.067, 103
Trd, 431793.567, 103
Trd, 431794.783, 93
Trd, 431794.950, 93
Trd, 431795.883, 92
Trd, 431796.233, 94
Trd, 431796.750, 87
Trd, 431797.467, 94
Trd, 431799.700, 92
Trd, 431801.517, 98
Trd, 431801.700, 99
Trd, 431802.200, 104
Trd, 431802.300, 93
Trd, 431802.367, 91
Trd, 431803.533, 90
Trd, 431804.050, 91
Trd, 431805.400, 98
Trd, 431806.083, 97
Trd, 431806.267, 98
Trd, 431806.650, 96
Trd, 431807.483, 97
Trd, 431807.917, 98
Trd, 431808.283, 94
Trd, 431809.017, 90
Trd, 431809.383, 96
Trd, 431809.633, 97
Trd, 431810.633, 94
Trd, 431810.983, 98
Trd, 431811.633, 95
Trd, 431812.000, 100
Trd, 431814.417, 104
Trd, 431814.683, 111
Trd, 431814.950, 103
Trd, 431815.233, 112
Trd, 431815.717, 101
Trd, 431816.150, 94
Trd, 431816.950, 91
Trd, 431817.283, 106
Trd, 431817.417, 90
Trd, 431819.317, 92
Trd, 431821.167, 95
Trd, 431821.250, 86
Trd, 431821.317, 85
Trd, 431821.567, 94
Trd, 431822.450, 95
Trd, 431823.283, 96
Trd, 431823.583, 97
Trd, 431824.150, 101
Trd, 431824.467, 110
Trd, 431824.917, 115
Trd, 431825.017, 101
Trd, 431825.117, 100
Trd, 431825.583, 93
Trd, 431826.533, 95
Trd, 431827.817, 90
Trd, 431827.983, 103
Trd, 431828.583, 87
Trd, 431829.667, 81
Trd, 431830.383, 88
Trd, 431831.183, 96
Trd, 431831.300, 90
Trd, 431832.200, 86
Trd, 431832.517, 94
Trd, 431832.850, 96
Trd, 431833.150, 98
Trd, 431833.583, 102
Trd, 431834.467, 104
Trd, 431835.467, 107
Trd, 431836.583, 102
Trd, 431836.667, 101
Trd, 431837.317, 97
Trd, 431838.000, 98
Trd, 431839.017, 97
Trd, 431839.433, 93
Trd, 431839.533, 97
Trd, 431839.550, 89
Trd, 431840.017, 95
Trd, 431840.450, 96
Trd, 431841.150, 88
Trd, 431841.983, 96
Trd, 431843.800, 90
Trd, 431844.983, 98
Trd, 431846.317, 99
Trd, 431846.350, 98
Trd, 431846.400, 101
Trd, 431846.783, 103
Trd, 431847.900, 100
Trd, 431848.217, 101
Trd, 431850.550, 97
Trd, 431850.567, 96
Trd, 431850.683, 103
Trd, 431850.883, 94
Trd, 431850.900, 104
Trd, 431851.017, 93
Trd, 431851.617, 106
Trd, 431853.217, 98
Trd, 431853.350, 104
Trd, 431854.100, 109
Trd, 431854.200, 101
Trd, 431854.883, 123
Trd, 431856.167, 101
Trd, 431856.433, 105
Trd, 431857.150, 102
Trd, 431858.167, 101
Trd, 431858.433, 100
Trd, 431858.717, 101
Trd, 431858.950, 90
Trd, 431859.033, 102
Trd, 431859.933, 108
Trd, 431861.600, 91
Trd, 431862.900, 100
Trd, 431862.983, 101
Trd, 431863.950, 90
Trd, 431864.733, 101
Trd, 431866.683, 103
Trd, 431867.350, 99
Trd, 431867.583, 102
Trd, 431867.983, 103
Trd, 431868.483, 98
Trd, 431868.683, 102
Trd, 431869.833, 102
Trd, 431869.967, 102
Trd, 431871.017, 97
Trd, 431872.200, 98
Trd, 431873.167, 102
Trd, 431874.100, 94
Trd, 431874.133, 93
Trd, 431875.717, 91
Trd, 431875.883, 93
Trd, 431876.750, 92
Trd, 431877.133, 93
Trd, 431877.583, 98
Trd, 431877.967, 90
Trd, 431878.300, 86
Trd, 431878.817, 96
Trd, 431879.317, 104
Trd, 431879.950, 87
Trd, 431880.150, 90
Trd, 431880.367, 92
Trd, 431881.450, 94
Trd, 431881.900, 93
Trd, 431881.933, 86
Trd, 431883.517, 98
Trd, 431884.400, 104
Trd, 431885.533, 102
Trd, 431885.617, 101
Trd, 431886.533, 103
Trd, 431887.200, 103
Trd, 431887.417, 104
Trd, 431887.883, 112
Trd, 431890.117, 117
Trd, 431891.067, 121
Trd, 431891.500, 109
Trd, 431892.667, 104
Trd, 431893.850, 104
Trd, 431894.667, 106
Trd, 431894.917, 105
Trd, 431895.233, 104
Trd, 431895.583, 98
Trd, 431896.017, 102
Trd, 431896.050, 96
Trd, 431896.367, 99
Trd, 431897.167, 91
Trd, 431897.517, 91
Trd, 431898.183, 91
Trd, 431898.817, 86
Trd, 431899.350, 89
Trd, 431899.483, 91
Trd, 431900.250, 84
Trd, 431901.383, 89
Trd, 431901.700, 95
Trd, 431901.733, 98
Trd, 431902.683, 101
Trd, 431903.933, 103
Trd, 431905.533, 91
Trd, 431906.200, 98
Trd, 431906.733, 101
Trd, 431907.050, 100
Trd, 431908.100, 96
Trd, 431908.967, 89
Trd, 431909.017, 96
Trd, 431909.200, 104
Trd, 431910.233, 103
Trd, 431910.917, 102
Trd, 431910.967, 92
Trd, 431912.233, 100
Trd, 431912.667, 90
Trd, 431913.567, 90
Trd, 431914.333, 92
Trd, 431914.400, 88
Trd, 431914.450, 87
Trd, 431914.667, 93
Trd, 431916.083, 94
Trd, 431916.967, 98
Trd, 431917.533, 86
Trd, 431918.967, 93
Trd, 431920.400, 89
Trd, 431920.833, 95
Trd, 431921.000, 101
Trd, 431921.983, 101
Trd, 431922.267, 102
Trd, 431922.733, 94
Trd, 431923.733, 94
Trd, 431924.633, 94
Trd, 431926.500, 95
Trd, 431926.717, 97
Trd, 431927.317, 97
Trd, 431927.483, 98
Trd, 431928.383, 94
Trd, 431928.450, 95
Trd, 431928.517, 93
Trd, 431929.950, 93
Trd, 431930.300, 90
Trd, 431930.983, 104
Trd, 431932.533, 94
Trd, 431932.600, 89
Trd, 431932.717, 87
Trd, 431934.467, 108
Trd, 431934.783, 108
Trd, 431935.567, 109
Trd, 431936.117, 101
Trd, 431936.567, 99
Trd, 431936.917, 98
Trd, 431937.317, 99
Trd, 431937.933, 99
Trd, 431938.000, 98
Trd, 431938.367, 94
Trd, 431938.483, 102
Trd, 431938.683, 102
Trd, 431939.350, 104
Trd, 431939.383, 101
Trd, 431939.450, 107
Trd, 431939.733, 90
Trd, 431940.017, 108
Trd, 431940.917, 110
Trd, 431942.133, 87
Trd, 431942.817, 90
Trd, 431943.083, 91
Trd, 431943.983, 98
Trd, 431944.417, 105
Trd, 431945.067, 93
Trd, 431945.950, 108
Trd, 431948.500, 102
Trd, 431949.283, 102
Trd, 431949.933, 103
Trd, 431950.733, 98
Trd, 431951.067, 104
Trd, 431951.383, 101
Trd, 431951.650, 90
Trd, 431953.283, 88
Trd, 431953.933, 89
Trd, 431954.067, 91
Trd, 431954.350, 100
Trd, 431957.050, 103
Trd, 431957.250, 102
Trd, 431957.583, 102
Trd, 431957.983, 101
Trd, 431958.467, 101
Trd, 431959.000, 100
Trd, 431959.733, 100
Trd, 431960.217, 98
Trd, 431960.417, 99
Trd, 431961.117, 99
Trd, 431961.200, 93
Trd, 431961.600, 92
Trd, 431961.633, 91
Trd, 431961.800, 104
Trd, 431963.267, 87
Trd, 431964.833, 86
Trd, 431965.217, 82
Trd, 431966.200, 98
Trd, 431967.283, 95
Trd, 431967.400, 96
Trd, 431968.300, 98
Trd, 431968.500, 101
Trd, 431970.700, 97
Trd, 431970.933, 98
Trd, 431971.683, 90
Trd, 431971.733, 94
Trd, 431971.767, 89
Trd, 431972.217, 96
Trd, 431972.350, 89
Trd, 431972.617, 98
Trd, 431974.633, 99
Trd, 431975.667, 87
Trd, 431975.883, 101
Trd, 431976.050, 83
Trd, 431977.100, 104
Trd, 431977.750, 84
Trd, 431978.000, 101
Trd, 431978.883, 99
Trd, 431979.767, 106
Trd, 431979.833, 110
Trd, 431981.500, 103
Trd, 431982.133, 109
Trd, 431983.383, 106
Trd, 431983.767, 104
Trd, 431984.383, 101
Trd, 431984.517, 100
Trd, 431985.217, 99
Trd, 431985.317, 97
Trd, 431985.383, 90
Trd, 431986.000, 90
Trd, 431986.033, 102
Trd, 431986.383, 89
Trd, 431987.417, 101
Trd, 431988.183, 103
Trd, 431988.917, 104
Trd, 431989.683, 101
Trd, 431990.283, 103
Trd, 431990.583, 101
Trd, 431990.933, 105
Trd, 431991.100, 95
Trd, 431991.500, 106
Trd, 431993.467, 90
Trd, 431994.333, 96
Trd, 431995.850, 92
Trd, 431996.267, 90
Trd, 431996.333, 93
Trd, 431996.383, 94
Trd, 431996.417, 97
Trd, 431997.967, 98
Trd, 431998.250, 84
