Trd, 430628.783, 109
Trd, 430628.917, 107
Trd, 430628.933, 112
Trd, 430629.167, 104
Trd, 430629.250, 103
Trd, 430629.433, 117
Trd, 430629.467, 96
Trd, 430629.633, 119
Trd, 430632.267, 99
Trd, 430634.100, 111
Trd, 430634.800, 100
Trd, 430635.117, 97
Trd, 430636.417, 97
Trd, 430637.183, 107
Trd, 430638.217, 95
Trd, 430639.300, 111
Trd, 430640.900, 107
Trd, 430641.150, 103
Trd, 430641.333, 102
Trd, 430641.533, 97
Trd, 430641.883, 93
Trd, 430642.283, 96
Trd, 430642.467, 95
Trd, 430643.233, 97
Trd, 430644.717, 101
Trd, 430645.733, 109
Trd, 430646.550, 105
Trd, 430646.783, 103
Trd, 430648.550, 100
Trd, 430648.800, 101
Trd, 430649.033, 101
Trd, 430649.450, 96
Trd, 430650.550, 109
Trd, 430651.967, 94
Trd, 430652.633, 106
Trd, 430653.267, 104
Trd, 430653.633, 103
Trd, 430654.283, 90
Trd, 430654.667, 94
Trd, 430654.833, 85
Trd, 430655.450, 102
Trd, 430656.100, 106
Trd, 430658.167, 104
Trd, 430658.933, 112
Trd, 430659.633, 113
Trd, 430659.667, 98
Trd, 430661.500, 121
Trd, 430662.683, 102
Trd, 430663.133, 100
Trd, 430663.267, 104
Trd, 430664.300, 111
Trd, 430665.900, 105
Trd, 430666.550, 111
Trd, 430667.283, 104
Trd, 430667.600, 100
Trd, 430667.667, 106
Trd, 430668.067, 102
Trd, 430668.317, 100
Trd, 430669.667, 99
Trd, 430671.867, 105
Trd, 430672.050, 102
Trd, 430673.500, 110
Trd, 430675.417, 99
Trd, 430676.967, 101
Trd, 430677.450, 101
Trd, 430677.750, 107
Trd, 430677.833, 100
Trd, 430678.600, 98
Trd, 430679.117, 97
Trd, 430679.700, 113
Trd, 430682.417, 101
Trd, 430682.850, 99
Trd, 430683.733, 93
Trd, 430684.117, 94
Trd, 430684.867, 99
Trd, 430685.317, 110
Trd, 430686.533, 108
Trd, 430687.050, 107
Trd, 430688.850, 112
Trd, 430688.900, 97
Trd, 430689.417, 95
Trd, 430689.683, 89
Trd, 430692.083, 103
Trd, 430692.517, 101
Trd, 430693.183, 100
Trd, 430693.450, 99
Trd, 430693.483, 97
Trd, 430695.000, 103
Trd, 430695.167, 98
Trd, 430695.667, 108
Trd, 430695.800, 116
Trd, 430695.883, 86
Trd, 430696.517, 117
Trd, 430697.917, 112
Trd, 430701.050, 98
Trd, 430701.200, 99
Trd, 430701.500, 109
Trd, 430702.817, 106
Trd, 430704.617, 111
Trd, 430704.833, 109
Trd, 430705.050, 109
Trd, 430705.767, 105
Trd, 430706.233, 103
Trd, 430706.833, 105
Trd, 430707.183, 101
Trd, 430708.083, 113
Trd, 430710.133, 105
Trd, 430710.700, 103
Trd, 430712.733, 110
Trd, 430713.033, 104
Trd, 430713.733, 112
Trd, 430714.117, 108
Trd, 430714.950, 111
Trd, 430715.117, 115
Trd, 430715.867, 109
Trd, 430716.183, 101
Trd, 430717.233, 98
Trd, 430718.750, 105
Trd, 430719.800, 109
Trd, 430720.167, 112
Trd, 430720.800, 106
Trd, 430721.417, 105
Trd, 430722.050, 106
Trd, 430722.167, 105
Trd, 430723.033, 103
Trd, 430723.667, 107
Trd, 430723.983, 112
Trd, 430724.883, 103
Trd, 430725.217, 102
Trd, 430725.450, 101
Trd, 430725.633, 98
Trd, 430727.183, 88
Trd, 430728.000, 106
Trd, 430729.967, 94
Trd, 430730.783, 115
Trd, 430731.317, 104
Trd, 430732.417, 98
Trd, 430733.100, 109
Trd, 430733.983, 105
Trd, 430734.933, 111
Trd, 430736.100, 114
Trd, 430736.167, 104
Trd, 430736.917, 118
Trd, 430736.933, 120
Trd, 430738.067, 107
Trd, 430738.133, 115
Trd, 430738.917, 98
Trd, 430740.850, 105
Trd, 430741.867, 104
Trd, 430742.133, 101
Trd, 430742.533, 101
Trd, 430743.900, 104
Trd, 430743.950, 110
Trd, 430744.267, 97
Trd, 430744.450, 95
Trd, 430745.417, 106
Trd, 430748.217, 97
Trd, 430748.850, 103
Trd, 430749.183, 98
Trd, 430751.033, 97
Trd, 430751.733, 99
Trd, 430752.217, 100
Trd, 430752.400, 96
Trd, 430752.783, 99
Trd, 430753.533, 97
Trd, 430755.450, 106
Trd, 430755.800, 112
Trd, 430756.483, 93
Trd, 430757.167, 107
Trd, 430757.683, 111
Trd, 430757.783, 111
Trd, 430758.117, 103
Trd, 430758.233, 101
Trd, 430758.367, 98
Trd, 430761.350, 109
Trd, 430761.467, 103
Trd, 430761.733, 112
Trd, 430761.800, 89
Trd, 430762.600, 88
Trd, 430764.033, 96
Trd, 430764.067, 95
Trd, 430766.217, 106
Trd, 430767.067, 109
Trd, 430768.133, 110
Trd, 430768.183, 106
Trd, 430769.217, 106
Trd, 430769.650, 102
Trd, 430769.800, 111
Trd, 430770.500, 105
Trd, 430770.933, 120
Trd, 430771.650, 104
Trd, 430772.000, 115
Trd, 430773.367, 99
Trd, 430773.617, 101
Trd, 430774.333, 109
Trd, 430774.600, 98
Trd, 430775.383, 107
Trd, 430776.750, 118
Trd, 430777.100, 101
Trd, 430778.017, 102
Trd, 430778.567, 101
Trd, 430778.650, 106
Trd, 430779.150, 114
Trd, 430780.183, 102
Trd, 430781.633, 102
Trd, 430782.100, 102
Trd, 430782.700, 98
Trd, 430783.950, 108
Trd, 430785.017, 95
Trd, 430785.250, 95
Trd, 430785.783, 106
Trd, 430787.150, 107
Trd, 430788.533, 107
Trd, 430789.450, 104
Trd, 430790.233, 102
Trd, 430790.917, 114
Trd, 430791.133, 116
Trd, 430791.750, 101
Trd, 430792.750, 98
Trd, 430793.483, 95
Trd, 430794.233, 98
Trd, 430794.450, 110
Trd, 430796.750, 98
Trd, 430797.517, 98
Trd, 430798.150, 106
Trd, 430798.450, 95
Trd, 430798.867, 85
Trd, 430799.633, 96
Trd, 430801.533, 97
Trd, 430802.167, 97
Trd, 430802.983, 98
Trd, 430803.000, 93
Trd, 430803.200, 106
Trd, 430803.533, 95
Trd, 430806.300, 101
Trd, 430806.800, 104
Trd, 430806.867, 106
Trd, 430806.933, 107
Trd, 430808.183, 102
Trd, 430809.283, 109
Trd, 430809.300, 103
Trd, 430810.133, 113
Trd, 430811.233, 102
Trd, 430813.317, 106
Trd, 430813.783, 109
Trd, 430813.917, 104
Trd, 430814.133, 111
Trd, 430814.683, 101
Trd, 430816.683, 112
Trd, 430817.217, 118
Trd, 430817.650, 102
Trd, 430818.467, 113
Trd, 430818.800, 108
Trd, 430820.833, 108
Trd, 430821.500, 106
Trd, 430822.233, 106
Trd, 430823.233, 104
Trd, 430823.433, 106
Trd, 430825.617, 108
Trd, 430826.067, 107
Trd, 430826.100, 104
Trd, 430826.817, 109
Trd, 430828.000, 107
Trd, 430828.167, 101
Trd, 430828.617, 114
Trd, 430828.917, 107
Trd, 430829.067, 98
Trd, 430829.600, 111
Trd, 430830.267, 112
Trd, 430832.233, 108
Trd, 430832.267, 103
Trd, 430832.317, 100
Trd, 430834.633, 99
Trd, 430836.667, 99
Trd, 430837.083, 101
Trd, 430837.650, 111
Trd, 430838.883, 101
Trd, 430840.200, 109
Trd, 430840.283, 97
Trd, 430840.317, 111
Trd, 430843.200, 96
Trd, 430843.450, 95
Trd, 430844.883, 100
Trd, 430844.950, 101
Trd, 430846.150, 100
Trd, 430846.267, 106
Trd, 430846.783, 100
Trd, 430846.867, 98
Trd, 430847.850, 114
Trd, 430848.467, 105
Trd, 430848.767, 104
Trd, 430849.333, 98
Trd, 430849.883, 109
Trd, 430851.150, 107
Trd, 430851.417, 109
Trd, 430851.433, 100
Trd, 430852.000, 98
Trd, 430852.617, 95
Trd, 430853.217, 96
Trd, 430855.483, 95
Trd, 430855.533, 112
Trd, 430855.783, 104
Trd, 430856.567, 90
Trd, 430860.300, 111
Trd, 430861.133, 110
Trd, 430861.617, 110
Trd, 430863.067, 107
Trd, 430863.350, 104
Trd, 430864.000, 101
Trd, 430864.233, 95
Trd, 430864.767, 90
Trd, 430866.183, 111
Trd, 430866.483, 111
Trd, 430866.850, 103
Trd, 430868.383, 101
Trd, 430868.617, 113
Trd, 430871.867, 102
Trd, 430872.767, 107
Trd, 430872.950, 99
Trd, 430874.633, 106
Trd, 430875.017, 109
Trd, 430875.067, 105
Trd, 430875.967, 104
Trd, 430876.017, 103
Trd, 430876.300, 112
Trd, 430876.433, 101
Trd, 430876.533, 100
Trd, 430877.583, 117
Trd, 430878.150, 100
Trd, 430880.633, 101
Trd, 430882.350, 104
Trd, 430882.633, 104
Trd, 430883.233, 99
Trd, 430883.633, 98
Trd, 430884.033, 100
Trd, 430884.100, 107
Trd, 430884.217, 98
Trd, 430884.950, 92
Trd, 430886.133, 103
Trd, 430886.150, 98
Trd, 430887.367, 110
Trd, 430887.483, 112
Trd, 430887.767, 106
Trd, 430888.183, 118
Trd, 430889.183, 108
Trd, 430889.383, 113
Trd, 430894.050, 104
Trd, 430894.633, 111
Trd, 430895.283, 117
Trd, 430895.567, 110
Trd, 430896.833, 106
Trd, 430897.883, 101
Trd, 430898.067, 114
Trd, 430900.000, 99
Trd, 430900.617, 99
Trd, 430900.733, 103
Trd, 430901.450, 107
Trd, 430903.367, 97
Trd, 430903.633, 96
Trd, 430903.800, 106
Trd, 430903.967, 96
Trd, 430905.183, 109
Trd, 430905.333, 114
Trd, 430906.833, 97
Trd, 430907.783, 96
Trd, 430908.833, 98
Trd, 430908.867, 97
Trd, 430910.017, 104
Trd, 430910.233, 106
Trd, 430910.600, 106
Trd, 430911.267, 95
Trd, 430912.583, 102
Trd, 430912.617, 98
Trd, 430912.833, 97
Trd, 430913.267, 94
Trd, 430913.667, 105
Trd, 430914.083, 112
Trd, 430914.683, 97
Trd, 430916.250, 109
Trd, 430916.550, 108
Trd, 430918.350, 108
Trd, 430918.983, 112
Trd, 430919.150, 105
Trd, 430920.233, 112
Trd, 430920.283, 103
Trd, 430921.000, 99
Trd, 430921.850, 98
Trd, 430922.300, 93
Trd, 430925.250, 99
Trd, 430926.167, 106
Trd, 430926.433, 107
Trd, 430926.617, 108
Trd, 430927.200, 103
Trd, 430928.467, 117
Trd, 430928.583, 103
Trd, 430929.767, 99
Trd, 430930.367, 99
Trd, 430930.433, 119
Trd, 430931.350, 104
Trd, 430931.367, 98
Trd, 430932.483, 94
Trd, 430933.183, 93
Trd, 430933.283, 104
Trd, 430934.667, 104
Trd, 430935.117, 106
Trd, 430936.583, 107
Trd, 430936.633, 108
Trd, 430938.550, 101
Trd, 430939.517, 105
Trd, 430940.333, 104
Trd, 430940.900, 102
Trd, 430941.033, 107
Trd, 430942.850, 103
Trd, 430942.967, 98
Trd, 430943.433, 95
Trd, 430943.467, 108
Trd, 430944.250, 95
Trd, 430944.683, 113
Trd, 430947.300, 107
Trd, 430948.350, 101
Trd, 430948.367, 116
Trd, 430949.983, 111
Trd, 430950.467, 120
Trd, 430950.733, 107
Trd, 430951.400, 101
Trd, 430951.867, 124
Trd, 430952.783, 107
Trd, 430953.500, 101
Trd, 430953.750, 105
Trd, 430954.400, 101
Trd, 430954.900, 98
Trd, 430956.567, 95
Trd, 430958.100, 96
Trd, 430959.083, 101
Trd, 430959.533, 102
Trd, 430959.667, 94
Trd, 430960.117, 94
Trd, 430960.133, 88
Trd, 430962.917, 108
Trd, 430963.733, 113
Trd, 430964.467, 111
Trd, 430964.750, 107
Trd, 430964.800, 122
Trd, 430966.633, 102
Trd, 430966.767, 110
Trd, 430970.000, 103
Trd, 430970.750, 103
Trd, 430971.617, 105
Trd, 430971.833, 101
Trd, 430971.933, 98
Trd, 430972.817, 106
Trd, 430973.533, 110
Trd, 430974.167, 101
Trd, 430974.250, 95
Trd, 430975.050, 109
Trd, 430976.783, 107
Trd, 430977.083, 109
Trd, 430979.333, 89
Trd, 430979.533, 112
Trd, 430980.883, 94
Trd, 430981.383, 88
Trd, 430982.733, 105
Trd, 430983.650, 110
Trd, 430984.517, 106
Trd, 430984.817, 108
Trd, 430985.217, 104
Trd, 430985.317, 104
Trd, 430985.383, 101
Trd, 430986.683, 102
Trd, 430988.867, 112
Trd, 430988.933, 104
Trd, 430989.450, 117
Trd, 430989.667, 107
Trd, 430989.967, 104
Trd, 430990.350, 102
Trd, 430991.450, 119
Trd, 430991.483, 101
Trd, 430991.533, 97
Trd, 430992.250, 116
Trd, 430992.317, 118
Trd, 430992.333, 112
Trd, 430993.567, 95
Trd, 430994.083, 84
Trd, 430995.917, 115
Trd, 430997.600, 101
Trd, 430998.183, 100
Trd, 430998.317, 98
Trd, 430999.500, 104
Trd, 431000.450, 104
Trd, 431000.633, 105
Trd, 431001.033, 110
Trd, 431001.267, 100
Trd, 431003.983, 108
Trd, 431004.583, 112
Trd, 431006.033, 103
Trd, 431007.417, 104
Trd, 431007.667, 107
Trd, 431008.333, 98
Trd, 431008.833, 101
Trd, 431009.050, 108
Trd, 431009.917, 100
Trd, 431010.350, 98
Trd, 431010.933, 96
Trd, 431013.700, 112
Trd, 431014.317, 106
Trd, 431014.583, 108
Trd, 431014.600, 107
Trd, 431014.683, 113
Trd, 431014.700, 119
Trd, 431014.850, 100
Trd, 431017.783, 104
Trd, 431017.833, 102
Trd, 431019.500, 101
Trd, 431021.050, 104
Trd, 431021.250, 102
Trd, 431021.833, 104
Trd, 431023.050, 101
Trd, 431023.267, 106
Trd, 431023.350, 112
Trd, 431023.783, 98
Trd, 431024.133, 95
Trd, 431024.400, 108
Trd, 431025.717, 101
Trd, 431025.883, 113
Trd, 431026.033, 97
Trd, 431026.750, 113
Trd, 431028.000, 113
Trd, 431028.600, 118
Trd, 431031.083, 99
Trd, 431032.333, 98
Trd, 431032.383, 95
Trd, 431032.833, 105
Trd, 431033.000, 85
Trd, 431033.117, 84
Trd, 431036.817, 103
Trd, 431036.967, 100
Trd, 431037.133, 109
Trd, 431038.433, 102
Trd, 431038.733, 112
Trd, 431039.583, 111
Trd, 431039.600, 110
Trd, 431040.983, 95
Trd, 431041.833, 96
Trd, 431042.000, 94
Trd, 431042.767, 98
Trd, 431044.033, 107
Trd, 431044.467, 98
Trd, 431044.700, 115
Trd, 431046.000, 104
Trd, 431046.067, 110
Trd, 431049.017, 117
Trd, 431049.367, 118
Trd, 431049.417, 103
Trd, 431050.417, 103
Trd, 431050.833, 95
Trd, 431051.583, 99
Trd, 431051.833, 98
Trd, 431052.517, 95
Trd, 431053.250, 108
Trd, 431053.867, 90
Trd, 431055.833, 89
Trd, 431056.733, 105
Trd, 431058.067, 104
Trd, 431058.133, 108
Trd, 431058.917, 114
Trd, 431059.233, 115
Trd, 431061.317, 105
Trd, 431061.383, 111
Trd, 431061.867, 102
Trd, 431062.417, 118
Trd, 431062.433, 101
Trd, 431063.950, 98
Trd, 431064.667, 98
Trd, 431065.433, 103
Trd, 431065.450, 106
Trd, 431065.583, 96
Trd, 431067.850, 108
Trd, 431068.417, 102
Trd, 431070.650, 102
Trd, 431070.783, 110
Trd, 431071.433, 114
Trd, 431071.817, 101
Trd, 431072.217, 100
Trd, 431073.600, 103
Trd, 431074.117, 103
Trd, 431074.150, 111
Trd, 431074.667, 102
Trd, 431076.667, 107
Trd, 431076.767, 108
Trd, 431078.167, 103
Trd, 431078.617, 98
Trd, 431079.317, 95
Trd, 431080.917, 100
Trd, 431082.083, 112
Trd, 431082.383, 92
Trd, 431083.217, 119
Trd, 431083.633, 103
Trd, 431084.250, 93
Trd, 431084.900, 94
Trd, 431085.000, 91
Trd, 431085.483, 96
Trd, 431086.533, 106
Trd, 431088.417, 103
Trd, 431089.400, 102
Trd, 431089.717, 104
Trd, 431090.067, 107
Trd, 431090.533, 98
Trd, 431090.883, 98
Trd, 431091.483, 107
Trd, 431093.083, 101
Trd, 431094.467, 100
Trd, 431095.433, 105
Trd, 431095.850, 103
Trd, 431096.467, 109
Trd, 431096.667, 112
Trd, 431097.017, 110
Trd, 431098.050, 105
Trd, 431099.567, 104
Trd, 431100.933, 106
Trd, 431101.900, 102
Trd, 431104.367, 107
Trd, 431104.950, 103
Trd, 431105.283, 101
Trd, 431105.667, 105
Trd, 431105.917, 104
Trd, 431106.433, 104
Trd, 431106.467, 98
Trd, 431106.933, 94
Trd, 431108.917, 101
Trd, 431109.683, 105
Trd, 431110.533, 113
Trd, 431110.733, 98
Trd, 431111.017, 110
Trd, 431111.033, 98
Trd, 431111.283, 93
Trd, 431112.500, 120
Trd, 431113.150, 100
Trd, 431114.417, 97
Trd, 431114.500, 96
Trd, 431114.750, 107
Trd, 431116.267, 104
Trd, 431117.533, 106
Trd, 431118.033, 112
Trd, 431118.800, 112
Trd, 431119.233, 114
Trd, 431121.050, 107
Trd, 431121.317, 103
Trd, 431121.700, 103
Trd, 431122.250, 104
Trd, 431122.667, 102
Trd, 431122.833, 109
Trd, 431124.217, 98
Trd, 431124.367, 108
Trd, 431124.700, 96
Trd, 431125.067, 100
Trd, 431126.017, 96
Trd, 431126.767, 94
Trd, 431128.150, 95
Trd, 431128.550, 98
Trd, 431130.200, 105
Trd, 431130.767, 106
Trd, 431133.217, 108
Trd, 431133.300, 118
Trd, 431133.583, 103
Trd, 431133.717, 102
Trd, 431134.467, 104
Trd, 431134.817, 112
Trd, 431135.083, 101
Trd, 431135.167, 98
Trd, 431135.300, 121
Trd, 431135.717, 98
Trd, 431135.750, 123
Trd, 431135.983, 104
Trd, 431137.333, 95
Trd, 431138.300, 92
Trd, 431140.183, 95
Trd, 431141.433, 87
Trd, 431141.450, 100
Trd, 431141.800, 108
Trd, 431145.117, 106
Trd, 431146.083, 105
Trd, 431147.717, 106
Trd, 431148.783, 103
Trd, 431148.833, 98
Trd, 431149.200, 112
Trd, 431150.500, 120
Trd, 431150.667, 103
Trd, 431151.083, 97
Trd, 431151.133, 110
Trd, 431151.417, 95
Trd, 431152.483, 106
Trd, 431154.383, 111
Trd, 431155.100, 101
Trd, 431155.783, 98
Trd, 431157.967, 96
Trd, 431158.600, 105
Trd, 431158.650, 106
Trd, 431159.083, 114
Trd, 431159.183, 123
Trd, 431160.367, 115
Trd, 431160.567, 113
Trd, 431162.600, 110
Trd, 431163.383, 108
Trd, 431163.767, 112
Trd, 431164.683, 102
Trd, 431164.717, 101
Trd, 431165.367, 102
Trd, 431165.900, 93
Trd, 431167.267, 101
Trd, 431169.150, 101
Trd, 431169.283, 100
Trd, 431171.967, 103
Trd, 431173.350, 107
Trd, 431173.583, 106
Trd, 431173.967, 109
Trd, 431174.317, 112
Trd, 431174.467, 102
Trd, 431176.117, 98
Trd, 431176.233, 113
Trd, 431177.250, 112
Trd, 431177.417, 96
Trd, 431178.917, 113
Trd, 431178.933, 99
Trd, 431179.200, 99
Trd, 431180.083, 94
Trd, 431181.500, 111
Trd, 431184.050, 104
Trd, 431184.350, 105
Trd, 431184.883, 106
Trd, 431184.917, 105
Trd, 431185.483, 104
Trd, 431185.600, 98
Trd, 431186.333, 104
Trd, 431186.767, 95
Trd, 431188.333, 95
Trd, 431188.350, 104
Trd, 431190.083, 114
Trd, 431190.433, 97
Trd, 431192.217, 95
Trd, 431193.767, 96
Trd, 431194.067, 103
Trd, 431194.317, 116
Trd, 431195.000, 96
Trd, 431195.767, 91
Trd, 431195.933, 108
Trd, 431197.017, 108
Trd, 431197.933, 109
Trd, 431200.683, 120
Trd, 431200.750, 123
Trd, 431201.033, 111
Trd, 431201.233, 110
Trd, 431202.467, 106
Trd, 431202.717, 105
Trd, 431202.800, 104
Trd, 431202.900, 110
Trd, 431203.900, 101
Trd, 431205.100, 101
Trd, 431206.600, 97
Trd, 431208.650, 107
Trd, 431210.750, 98
Trd, 431211.250, 99
Trd, 431211.483, 106
Trd, 431212.367, 110
Trd, 431212.967, 108
Trd, 431213.817, 105
Trd, 431214.200, 102
Trd, 431214.250, 114
Trd, 431214.467, 101
Trd, 431214.517, 115
Trd, 431215.317, 108
Trd, 431215.850, 107
Trd, 431215.933, 111
Trd, 431216.983, 104
Trd, 431217.883, 116
Trd, 431218.750, 100
Trd, 431219.850, 104
Trd, 431220.500, 98
Trd, 431220.533, 95
Trd, 431221.017, 86
Trd, 431222.150, 100
Trd, 431225.617, 104
Trd, 431226.650, 107
Trd, 431226.883, 107
Trd, 431227.067, 106
Trd, 431227.233, 110
Trd, 431229.067, 100
Trd, 431229.283, 84
Trd, 431230.217, 117
Trd, 431230.733, 116
Trd, 431231.933, 115
Trd, 431232.000, 107
Trd, 431232.100, 103
Trd, 431233.167, 104
Trd, 431233.567, 103
Trd, 431233.583, 111
Trd, 431234.633, 101
Trd, 431235.033, 97
Trd, 431236.500, 105
Trd, 431236.767, 104
Trd, 431238.050, 108
Trd, 431238.367, 101
Trd, 431239.600, 105
Trd, 431241.350, 102
Trd, 431241.683, 104
Trd, 431242.517, 103
Trd, 431243.150, 102
Trd, 431243.583, 113
Trd, 431243.667, 98
Trd, 431244.867, 108
Trd, 431246.633, 98
Trd, 431247.567, 98
Trd, 431247.800, 99
Trd, 431248.067, 99
Trd, 431248.283, 109
Trd, 431248.333, 114
Trd, 431250.833, 100
Trd, 431252.167, 107
Trd, 431252.333, 118
Trd, 431252.567, 98
Trd, 431253.217, 107
Trd, 431254.217, 101
Trd, 431255.533, 108
Trd, 431255.733, 102
Trd, 431255.783, 100
Trd, 431256.917, 97
Trd, 431257.567, 97
Trd, 431258.150, 95
Trd, 431258.600, 98
Trd, 431258.950, 99
Trd, 431259.450, 102
Trd, 431259.867, 108
Trd, 431260.617, 109
Trd, 431261.467, 98
Trd, 431263.283, 96
Trd, 431263.817, 96
Trd, 431265.167, 108
Trd, 431265.917, 114
Trd, 431266.533, 103
Trd, 431266.550, 101
Trd, 431267.317, 92
Trd, 431267.917, 85
Trd, 431269.517, 94
Trd, 431271.117, 98
Trd, 431271.700, 106
Trd, 431271.717, 100
Trd, 431273.167, 96
Trd, 431273.350, 95
Trd, 431274.033, 96
Trd, 431275.317, 104
Trd, 431276.683, 104
Trd, 431276.733, 99
Trd, 431277.317, 112
Trd, 431277.783, 97
Trd, 431278.667, 94
Trd, 431278.900, 92
Trd, 431280.700, 99
Trd, 431282.017, 96
Trd, 431283.850, 98
Trd, 431284.567, 106
Trd, 431284.650, 111
Trd, 431285.367, 98
Trd, 431286.333, 105
Trd, 431286.917, 109
Trd, 431287.283, 95
Trd, 431288.383, 115
Trd, 431289.067, 100
Trd, 431290.567, 118
Trd, 431291.683, 103
Trd, 431292.150, 109
Trd, 431292.617, 104
Trd, 431293.250, 103
Trd, 431293.933, 98
Trd, 431293.967, 98
Trd, 431295.300, 99
Trd, 431295.583, 92
Trd, 431296.133, 87
Trd, 431297.950, 109
Trd, 431298.633, 113
Trd, 431298.817, 118
Trd, 431300.050, 94
Trd, 431300.650, 97
Trd, 431301.183, 104
Trd, 431303.850, 110
Trd, 431304.800, 106
Trd, 431304.817, 102
Trd, 431304.933, 101
Trd, 431305.500, 104
Trd, 431306.833, 101
Trd, 431307.167, 112
Trd, 431308.033, 98
Trd, 431308.917, 98
Trd, 431310.300, 97
Trd, 431310.983, 95
Trd, 431311.033, 97
Trd, 431311.200, 95
Trd, 431312.133, 106
Trd, 431312.467, 94
Trd, 431312.483, 106
Trd, 431313.950, 98
Trd, 431314.100, 100
Trd, 431315.033, 105
Trd, 431315.650, 95
Trd, 431315.767, 91
Trd, 431317.333, 104
Trd, 431317.733, 117
Trd, 431318.967, 94
Trd, 431319.250, 88
Trd, 431321.883, 96
Trd, 431322.217, 96
Trd, 431325.017, 102
Trd, 431326.017, 96
Trd, 431326.750, 99
Trd, 431327.200, 108
Trd, 431327.717, 109
Trd, 431329.433, 104
Trd, 431329.800, 102
Trd, 431329.983, 107
Trd, 431330.067, 101
Trd, 431331.083, 95
Trd, 431331.383, 100
Trd, 431331.450, 93
Trd, 431331.650, 93
Trd, 431331.917, 103
Trd, 431332.083, 111
Trd, 431332.933, 95
Trd, 431333.450, 112
Trd, 431334.117, 89
Trd, 431337.017, 112
Trd, 431337.167, 112
Trd, 431337.783, 117
Trd, 431338.117, 120
Trd, 431338.583, 107
Trd, 431339.183, 101
Trd, 431340.400, 108
Trd, 431340.883, 110
Trd, 431341.733, 108
Trd, 431342.850, 108
Trd, 431343.917, 101
Trd, 431344.967, 104
Trd, 431345.700, 99
Trd, 431346.150, 113
Trd, 431347.033, 100
Trd, 431348.250, 107
Trd, 431349.350, 98
Trd, 431349.467, 107
Trd, 431350.267, 104
Trd, 431351.050, 104
Trd, 431351.133, 110
Trd, 431351.250, 101
Trd, 431352.083, 106
Trd, 431352.267, 112
Trd, 431352.467, 104
Trd, 431352.550, 112
Trd, 431355.900, 99
Trd, 431356.017, 113
Trd, 431356.517, 98
Trd, 431356.700, 110
Trd, 431357.167, 117
Trd, 431357.433, 94
Trd, 431357.933, 91
Trd, 431358.400, 86
Trd, 431359.867, 105
Trd, 431360.000, 109
Trd, 431360.733, 104
Trd, 431361.250, 90
Trd, 431362.200, 92
Trd, 431362.567, 91
Trd, 431365.567, 98
Trd, 431365.583, 100
Trd, 431366.117, 99
Trd, 431367.600, 114
Trd, 431368.650, 98
Trd, 431368.900, 95
Trd, 431369.450, 107
Trd, 431371.050, 105
Trd, 431371.300, 116
Trd, 431371.450, 103
Trd, 431372.383, 98
Trd, 431373.100, 93
Trd, 431373.850, 96
Trd, 431374.167, 98
Trd, 431374.600, 98
Trd, 431378.333, 111
Trd, 431378.867, 104
Trd, 431379.000, 103
Trd, 431380.083, 97
Trd, 431380.467, 95
Trd, 431380.650, 90
Trd, 431382.817, 100
Trd, 431383.600, 104
Trd, 431384.317, 103
Trd, 431384.483, 103
Trd, 431384.683, 98
Trd, 431385.567, 107
Trd, 431385.767, 106
Trd, 431386.017, 109
Trd, 431386.300, 98
Trd, 431387.417, 102
Trd, 431388.050, 106
Trd, 431388.150, 111
Trd, 431389.533, 105
Trd, 431390.700, 103
Trd, 431390.883, 97
Trd, 431391.183, 107
Trd, 431391.433, 103
Trd, 431391.783, 106
Trd, 431392.117, 114
Trd, 431393.350, 100
Trd, 431393.450, 98
Trd, 431394.000, 96
Trd, 431395.000, 98
Trd, 431395.633, 95
Trd, 431397.733, 113
Trd, 431398.233, 112
Trd, 431398.283, 110
Trd, 431399.183, 107
Trd, 431399.200, 106
Trd, 431399.817, 109
Trd, 431401.983, 109
Trd, 431402.283, 102
Trd, 431402.533, 117
Trd, 431402.567, 101
Trd, 431404.467, 98
Trd, 431404.833, 95
Trd, 431406.700, 96
Trd, 431408.333, 112
Trd, 431408.750, 112
Trd, 431409.550, 96
Trd, 431409.617, 95
Trd, 431410.167, 98
Trd, 431410.650, 118
Trd, 431411.717, 95
Trd, 431413.450, 105
Trd, 431414.467, 105
Trd, 431414.767, 107
Trd, 431415.017, 106
Trd, 431415.133, 104
Trd, 431418.350, 108
Trd, 431418.483, 104
Trd, 431418.800, 112
Trd, 431418.933, 102
Trd, 431419.267, 102
Trd, 431420.450, 109
Trd, 431420.900, 109
Trd, 431421.567, 111
Trd, 431421.650, 101
Trd, 431422.750, 95
Trd, 431423.400, 104
Trd, 431423.767, 97
Trd, 431425.267, 97
Trd, 431428.217, 106
Trd, 431429.117, 104
Trd, 431429.833, 99
Trd, 431430.250, 113
Trd, 431430.283, 109
Trd, 431430.983, 117
Trd, 431432.350, 114
Trd, 431433.100, 103
Trd, 431433.217, 102
Trd, 431434.000, 112
Trd, 431435.683, 101
Trd, 431435.950, 95
Trd, 431436.017, 106
Trd, 431436.067, 106
Trd, 431436.950, 95
Trd, 431438.233, 108
Trd, 431441.183, 106
Trd, 431441.517, 112
Trd, 431442.783, 101
Trd, 431442.833, 98
Trd, 431444.267, 109
Trd, 431445.167, 102
Trd, 431445.783, 101
Trd, 431445.967, 104
Trd, 431446.000, 103
Trd, 431446.750, 99
Trd, 431446.850, 95
Trd, 431447.150, 98
Trd, 431447.200, 107
Trd, 431449.083, 81
Trd, 431450.600, 94
Trd, 431451.533, 103
Trd, 431452.317, 108
Trd, 431452.617, 116
Trd, 431452.733, 96
Trd, 431453.067, 95
Trd, 431454.267, 101
Trd, 431454.683, 101
Trd, 431456.233, 105
Trd, 431456.800, 106
Trd, 431458.300, 111
Trd, 431458.533, 117
Trd, 431459.750, 113
Trd, 431461.333, 108
Trd, 431462.267, 110
Trd, 431462.783, 112
Trd, 431463.050, 110
Trd, 431463.267, 110
Trd, 431463.517, 106
Trd, 431463.800, 104
Trd, 431464.067, 99
Trd, 431464.483, 98
Trd, 431465.017, 111
Trd, 431465.417, 95
Trd, 431467.667, 105
Trd, 431468.200, 92
Trd, 431468.400, 116
Trd, 431468.933, 104
Trd, 431469.417, 96
Trd, 431470.267, 100
Trd, 431470.533, 102
Trd, 431472.217, 102
Trd, 431472.933, 112
Trd, 431473.017, 103
Trd, 431474.200, 98
Trd, 431476.467, 97
Trd, 431477.667, 94
Trd, 431479.283, 107
Trd, 431479.317, 113
Trd, 431480.717, 97
Trd, 431481.650, 99
Trd, 431482.433, 97
Trd, 431482.650, 95
Trd, 431482.800, 91
Trd, 431483.467, 104
Trd, 431483.533, 110
Trd, 431484.767, 106
Trd, 431484.850, 111
Trd, 431485.500, 104
Trd, 431486.533, 109
Trd, 431487.067, 104
Trd, 431487.167, 103
Trd, 431488.117, 104
Trd, 431488.650, 109
Trd, 431490.567, 109
Trd, 431492.250, 98
Trd, 431493.400, 106
Trd, 431493.933, 110
Trd, 431494.100, 101
Trd, 431494.850, 113
Trd, 431495.167, 99
Trd, 431496.617, 101
Trd, 431497.767, 100
Trd, 431498.317, 104
Trd, 431498.400, 96
Trd, 431500.183, 99
Trd, 431500.867, 108
Trd, 431501.300, 106
Trd, 431501.383, 94
Trd, 431501.817, 94
Trd, 431502.383, 93
Trd, 431504.150, 97
Trd, 431504.250, 96
Trd, 431504.767, 110
Trd, 431505.317, 116
Trd, 431505.900, 110
Trd, 431506.300, 104
Trd, 431506.750, 122
Trd, 431507.483, 101
Trd, 431508.033, 95
Trd, 431509.000, 99
Trd, 431509.667, 101
Trd, 431509.967, 109
Trd, 431513.150, 98
Trd, 431513.850, 106
Trd, 431514.217, 110
Trd, 431514.700, 107
Trd, 431514.933, 115
Trd, 431515.400, 95
Trd, 431515.683, 117
Trd, 431517.583, 120
Trd, 431519.200, 107
Trd, 431519.333, 107
Trd, 431521.683, 113
Trd, 431521.983, 109
Trd, 431522.067, 117
Trd, 431522.450, 120
Trd, 431522.483, 100
Trd, 431522.633, 98
Trd, 431522.667, 109
Trd, 431524.317, 97
Trd, 431524.700, 96
Trd, 431525.317, 95
Trd, 431526.800, 104
Trd, 431529.083, 106
Trd, 431529.267, 96
Trd, 431529.367, 106
Trd, 431531.833, 98
Trd, 431531.850, 96
Trd, 431532.883, 107
Trd, 431533.550, 96
Trd, 431534.017, 95
Trd, 431534.083, 94
Trd, 431534.983, 112
Trd, 431537.217, 105
Trd, 431538.167, 105
Trd, 431538.367, 103
Trd, 431539.100, 103
Trd, 431539.733, 105
Trd, 431539.933, 107
Trd, 431541.200, 112
Trd, 431541.267, 98
Trd, 431541.817, 96
Trd, 431542.317, 101
Trd, 431543.600, 104
Trd, 431544.183, 101
Trd, 431544.350, 95
Trd, 431544.883, 96
Trd, 431546.433, 101
Trd, 431547.700, 107
Trd, 431547.783, 103
Trd, 431548.017, 111
Trd, 431548.167, 106
Trd, 431549.733, 103
Trd, 431551.583, 107
Trd, 431551.833, 102
Trd, 431551.883, 111
Trd, 431552.150, 98
Trd, 431552.667, 110
Trd, 431552.700, 114
Trd, 431552.917, 93
Trd, 431553.250, 92
Trd, 431556.433, 96
Trd, 431556.650, 97
Trd, 431557.133, 95
Trd, 431559.450, 91
Trd, 431561.000, 107
Trd, 431561.467, 106
Trd, 431562.567, 104
Trd, 431563.067, 100
Trd, 431565.167, 103
Trd, 431565.283, 107
Trd, 431565.417, 97
Trd, 431565.633, 110
Trd, 431565.817, 96
Trd, 431566.117, 113
Trd, 431566.317, 115
Trd, 431566.833, 96
Trd, 431567.583, 94
Trd, 431569.233, 95
Trd, 431570.783, 102
Trd, 431571.383, 112
Trd, 431571.400, 87
Trd, 431571.717, 85
Trd, 431572.200, 92
Trd, 431572.250, 82
Trd, 431574.050, 93
Trd, 431574.300, 107
Trd, 431575.250, 96
Trd, 431576.900, 110
Trd, 431577.267, 112
Trd, 431578.250, 112
Trd, 431578.650, 105
Trd, 431578.900, 118
Trd, 431580.483, 111
Trd, 431580.617, 110
Trd, 431581.250, 105
Trd, 431581.333, 105
Trd, 431582.667, 104
Trd, 431582.867, 110
Trd, 431584.300, 112
Trd, 431584.533, 110
Trd, 431584.883, 101
Trd, 431586.633, 101
Trd, 431587.500, 118
Trd, 431587.967, 98
Trd, 431588.550, 119
Trd, 431588.867, 97
Trd, 431589.250, 95
Trd, 431590.650, 117
Trd, 431592.017, 103
Trd, 431592.517, 117
Trd, 431593.150, 104
Trd, 431594.250, 108
Trd, 431594.400, 102
Trd, 431594.600, 101
Trd, 431595.367, 102
Trd, 431596.167, 98
Trd, 431596.217, 98
Trd, 431597.183, 96
Trd, 431597.300, 110
Trd, 431597.600, 112
Trd, 431600.667, 104
Trd, 431601.967, 104
Trd, 431602.083, 106
Trd, 431602.217, 111
Trd, 431602.850, 113
Trd, 431604.600, 106
Trd, 431604.650, 105
Trd, 431605.367, 101
Trd, 431605.967, 96
Trd, 431606.083, 100
Trd, 431606.417, 107
Trd, 431606.633, 104
Trd, 431607.833, 113
Trd, 431608.900, 114
Trd, 431609.183, 119
Trd, 431610.050, 97
Trd, 431610.383, 90
Trd, 431611.600, 102
Trd, 431612.767, 108
Trd, 431613.633, 107
Trd, 431614.850, 103
Trd, 431615.167, 99
Trd, 431615.400, 97
Trd, 431616.167, 94
Trd, 431617.650, 103
Trd, 431617.967, 104
Trd, 431618.600, 104
Trd, 431618.617, 98
Trd, 431618.767, 96
Trd, 431619.567, 105
Trd, 431619.583, 95
Trd, 431621.483, 107
Trd, 431623.900, 97
Trd, 431624.500, 96
Trd, 431624.750, 105
Trd, 431626.183, 101
Trd, 431627.033, 104
Trd, 431627.150, 106
Trd, 431627.217, 103
Trd, 431628.367, 101
Trd, 431629.350, 101
Trd, 431629.650, 110
Trd, 431630.333, 100
Trd, 431632.683, 109
Trd, 431632.800, 102
Trd, 431634.883, 106
Trd, 431635.050, 108
Trd, 431635.633, 114
Trd, 431637.283, 102
Trd, 431637.567, 102
Trd, 431637.950, 115
Trd, 431640.100, 111
Trd, 431641.900, 121
Trd, 431641.950, 123
Trd, 431642.850, 111
Trd, 431642.950, 109
Trd, 431643.100, 104
Trd, 431643.917, 102
Trd, 431644.600, 113
Trd, 431644.633, 104
Trd, 431645.383, 107
Trd, 431645.917, 113
Trd, 431646.133, 101
Trd, 431646.517, 98
Trd, 431647.117, 109
Trd, 431649.117, 103
Trd, 431649.200, 94
Trd, 431650.550, 104
Trd, 431650.967, 99
Trd, 431652.600, 101
Trd, 431653.733, 101
Trd, 431654.450, 99
Trd, 431654.583, 107
Trd, 431654.933, 107
Trd, 431655.400, 98
Trd, 431656.850, 96
Trd, 431657.767, 97
Trd, 431658.083, 97
Trd, 431659.417, 103
Trd, 431659.800, 95
Trd, 431660.067, 111
Trd, 431660.383, 89
Trd, 431661.517, 103
Trd, 431661.600, 97
Trd, 431663.483, 97
Trd, 431663.750, 92
Trd, 431665.217, 82
Trd, 431665.767, 99
Trd, 431666.100, 94
Trd, 431668.117, 100
Trd, 431668.150, 103
Trd, 431668.767, 102
Trd, 431669.750, 100
Trd, 431669.967, 93
Trd, 431671.133, 98
Trd, 431671.150, 93
Trd, 431672.517, 104
Trd, 431672.783, 101
Trd, 431672.800, 101
Trd, 431674.067, 107
Trd, 431675.383, 96
Trd, 431675.633, 103
Trd, 431675.683, 114
Trd, 431676.700, 102
Trd, 431676.967, 106
Trd, 431677.817, 106
Trd, 431679.017, 98
Trd, 431680.350, 94
Trd, 431680.500, 98
Trd, 431680.767, 94
Trd, 431681.100, 90
Trd, 431681.767, 98
Trd, 431682.450, 87
Trd, 431683.600, 92
Trd, 431683.833, 100
Trd, 431683.917, 108
Trd, 431685.583, 109
Trd, 431686.750, 93
Trd, 431688.333, 108
Trd, 431688.583, 107
Trd, 431689.417, 108
Trd, 431690.417, 104
Trd, 431690.600, 98
Trd, 431690.700, 82
Trd, 431690.733, 110
Trd, 431692.050, 93
Trd, 431693.417, 112
Trd, 431693.800, 113
Trd, 431695.767, 108
Trd, 431696.383, 102
Trd, 431697.950, 106
Trd, 431698.067, 105
Trd, 431698.333, 107
Trd, 431698.517, 108
Trd, 431698.867, 101
Trd, 431700.983, 115
Trd, 431703.650, 117
Trd, 431704.217, 117
Trd, 431704.683, 104
Trd, 431705.933, 115
Trd, 431706.100, 104
Trd, 431706.183, 115
Trd, 431706.700, 101
Trd, 431707.317, 98
Trd, 431707.650, 103
Trd, 431708.183, 106
Trd, 431708.567, 96
Trd, 431708.933, 105
Trd, 431709.133, 105
Trd, 431709.450, 98
Trd, 431710.283, 95
Trd, 431710.733, 92
Trd, 431711.417, 110
Trd, 431713.517, 106
Trd, 431713.883, 105
Trd, 431714.350, 104
Trd, 431714.883, 101
Trd, 431715.133, 107
Trd, 431716.367, 107
Trd, 431716.567, 98
Trd, 431717.367, 101
Trd, 431718.617, 95
Trd, 431720.667, 108
Trd, 431720.800, 111
Trd, 431721.133, 101
Trd, 431722.000, 114
Trd, 431723.133, 97
Trd, 431724.100, 99
Trd, 431724.283, 106
Trd, 431725.667, 101
Trd, 431725.900, 101
Trd, 431725.967, 95
Trd, 431727.533, 108
Trd, 431728.800, 98
Trd, 431729.333, 98
Trd, 431732.067, 103
Trd, 431732.333, 100
Trd, 431732.600, 99
Trd, 431732.800, 98
Trd, 431733.167, 118
Trd, 431733.600, 96
Trd, 431734.317, 112
Trd, 431734.950, 97
Trd, 431736.167, 112
Trd, 431736.600, 108
Trd, 431737.333, 104
Trd, 431738.350, 106
Trd, 431738.767, 104
Trd, 431741.433, 109
Trd, 431741.650, 98
Trd, 431742.900, 105
Trd, 431743.183, 104
Trd, 431743.900, 113
Trd, 431744.183, 106
Trd, 431744.867, 111
Trd, 431745.650, 104
Trd, 431746.467, 118
Trd, 431748.133, 103
Trd, 431748.150, 101
Trd, 431748.333, 114
Trd, 431749.133, 105
Trd, 431749.567, 110
Trd, 431749.850, 102
Trd, 431750.717, 99
Trd, 431751.750, 113
Trd, 431753.050, 102
Trd, 431754.050, 103
Trd, 431754.967, 101
Trd, 431755.283, 101
Trd, 431755.767, 109
Trd, 431755.833, 98
Trd, 431757.017, 112
Trd, 431757.950, 105
Trd, 431759.167, 104
Trd, 431759.467, 106
Trd, 431761.500, 104
Trd, 431761.917, 104
Trd, 431762.100, 111
Trd, 431763.017, 98
Trd, 431763.517, 94
Trd, 431763.917, 93
Trd, 431765.067, 108
Trd, 431765.450, 94
Trd, 431767.067, 93
Trd, 431768.083, 117
Trd, 431768.750, 101
Trd, 431769.100, 101
Trd, 431770.333, 102
Trd, 431771.350, 111
Trd, 431772.317, 101
Trd, 431772.767, 100
Trd, 431773.683, 101
Trd, 431774.067, 98
Trd, 431774.917, 107
Trd, 431775.033, 115
Trd, 431776.367, 105
Trd, 431776.583, 105
Trd, 431778.200, 109
Trd, 431780.217, 104
Trd, 431781.083, 102
Trd, 431783.333, 106
Trd, 431783.517, 103
Trd, 431783.833, 100
Trd, 431784.000, 107
Trd, 431784.767, 98
Trd, 431785.533, 107
Trd, 431786.867, 113
Trd, 431787.533, 103
Trd, 431788.733, 109
Trd, 431788.767, 117
Trd, 431789.150, 108
Trd, 431789.333, 107
Trd, 431790.283, 113
Trd, 431790.350, 102
Trd, 431791.167, 101
Trd, 431792.283, 97
Trd, 431792.350, 96
Trd, 431793.067, 108
Trd, 431793.383, 109
Trd, 431794.900, 98
Trd, 431797.083, 100
Trd, 431798.200, 107
Trd, 431798.217, 117
Trd, 431799.300, 102
Trd, 431799.817, 108
Trd, 431799.917, 101
Trd, 431801.233, 108
Trd, 431801.417, 107
Trd, 431803.283, 107
Trd, 431803.350, 112
Trd, 431803.633, 102
Trd, 431803.650, 114
Trd, 431805.200, 98
Trd, 431805.383, 95
Trd, 431806.483, 98
Trd, 431807.467, 99
Trd, 431809.317, 97
Trd, 431809.917, 99
Trd, 431810.583, 109
Trd, 431811.350, 100
Trd, 431811.967, 115
Trd, 431812.133, 103
Trd, 431813.850, 101
Trd, 431814.367, 108
Trd, 431814.400, 100
Trd, 431814.867, 97
Trd, 431815.567, 99
Trd, 431815.900, 105
Trd, 431817.733, 102
Trd, 431818.000, 100
Trd, 431820.350, 108
Trd, 431821.617, 100
Trd, 431821.817, 98
Trd, 431823.317, 109
Trd, 431823.700, 107
Trd, 431825.133, 98
Trd, 431825.233, 109
Trd, 431825.733, 97
Trd, 431826.367, 115
Trd, 431828.850, 105
Trd, 431829.850, 107
Trd, 431832.267, 110
Trd, 431832.583, 109
Trd, 431833.083, 109
Trd, 431833.700, 111
Trd, 431834.000, 104
Trd, 431834.117, 102
Trd, 431834.650, 101
Trd, 431835.267, 98
Trd, 431836.567, 107
Trd, 431838.133, 95
Trd, 431838.150, 113
Trd, 431838.600, 109
Trd, 431838.633, 106
Trd, 431840.767, 104
Trd, 431840.967, 95
Trd, 431842.150, 104
Trd, 431842.533, 111
Trd, 431842.967, 94
Trd, 431843.583, 118
Trd, 431845.283, 117
Trd, 431847.067, 103
Trd, 431848.450, 99
Trd, 431848.917, 100
Trd, 431849.617, 101
Trd, 431849.917, 107
Trd, 431851.883, 112
Trd, 431852.450, 108
Trd, 431852.717, 106
Trd, 431853.800, 101
Trd, 431854.633, 108
Trd, 431854.733, 101
Trd, 431855.383, 99
Trd, 431855.633, 110
Trd, 431856.117, 103
Trd, 431856.767, 106
Trd, 431857.200, 100
Trd, 431857.700, 98
Trd, 431857.850, 95
Trd, 431857.917, 92
Trd, 431858.583, 87
Trd, 431858.667, 103
Trd, 431859.150, 112
Trd, 431859.483, 119
Trd, 431859.583, 116
Trd, 431859.767, 124
Trd, 431863.417, 90
Trd, 431865.017, 93
Trd, 431865.050, 92
Trd, 431865.800, 105
Trd, 431866.933, 111
Trd, 431868.767, 105
Trd, 431869.133, 104
Trd, 431870.033, 102
Trd, 431870.383, 101
Trd, 431870.450, 109
Trd, 431870.650, 113
Trd, 431872.767, 97
Trd, 431874.417, 108
Trd, 431875.200, 106
Trd, 431875.800, 108
Trd, 431876.133, 103
Trd, 431876.783, 106
Trd, 431876.833, 95
Trd, 431877.567, 100
Trd, 431878.317, 95
Trd, 431879.183, 101
Trd, 431879.267, 113
Trd, 431879.867, 115
Trd, 431880.417, 100
Trd, 431881.083, 101
Trd, 431881.750, 100
Trd, 431882.483, 101
Trd, 431883.017, 104
Trd, 431883.283, 90
Trd, 431885.667, 101
Trd, 431886.600, 89
Trd, 431886.867, 104
Trd, 431888.233, 104
Trd, 431888.450, 105
Trd, 431890.417, 111
Trd, 431890.567, 99
Trd, 431890.867, 98
Trd, 431891.517, 89
Trd, 431891.667, 109
Trd, 431892.117, 82
Trd, 431893.067, 107
Trd, 431895.783, 98
Trd, 431895.817, 97
Trd, 431897.500, 109
Trd, 431898.183, 105
Trd, 431898.600, 106
Trd, 431898.817, 104
Trd, 431899.383, 105
Trd, 431901.383, 102
Trd, 431901.717, 112
Trd, 431904.583, 104
Trd, 431904.650, 101
Trd, 431905.367, 111
Trd, 431906.267, 112
Trd, 431907.000, 113
Trd, 431907.167, 115
Trd, 431907.783, 115
Trd, 431909.467, 106
Trd, 431909.950, 105
Trd, 431910.033, 104
Trd, 431910.067, 103
Trd, 431910.300, 98
Trd, 431910.900, 104
Trd, 431911.517, 105
Trd, 431912.933, 107
Trd, 431913.633, 101
Trd, 431915.833, 100
Trd, 431916.950, 99
Trd, 431918.450, 100
Trd, 431919.767, 98
Trd, 431920.483, 101
Trd, 431921.867, 100
Trd, 431922.917, 98
Trd, 431923.217, 97
Trd, 431923.617, 110
Trd, 431924.750, 95
Trd, 431924.933, 106
Trd, 431925.417, 89
Trd, 431927.283, 95
Trd, 431927.617, 106
Trd, 431928.117, 110
Trd, 431929.100, 115
Trd, 431930.433, 108
Trd, 431931.083, 105
Trd, 431931.217, 110
Trd, 431931.867, 99
Trd, 431932.083, 113
Trd, 431932.167, 98
Trd, 431933.717, 104
Trd, 431934.600, 95
Trd, 431935.417, 117
Trd, 431938.450, 109
Trd, 431939.317, 114
Trd, 431939.683, 108
Trd, 431939.933, 99
Trd, 431942.017, 104
Trd, 431943.033, 106
Trd, 431943.433, 106
Trd, 431943.983, 105
Trd, 431944.383, 108
Trd, 431944.533, 94
Trd, 431947.483, 98
Trd, 431948.117, 106
Trd, 431948.167, 92
Trd, 431949.050, 106
Trd, 431949.117, 94
Trd, 431949.533, 96
Trd, 431949.900, 92
Trd, 431951.050, 107
Trd, 431951.733, 98
Trd, 431953.217, 98
Trd, 431953.850, 92
Trd, 431955.550, 98
Trd, 431957.350, 104
Trd, 431958.850, 115
Trd, 431959.100, 104
Trd, 431959.117, 104
Trd, 431959.550, 104
Trd, 431961.200, 101
Trd, 431962.967, 103
Trd, 431963.950, 110
Trd, 431964.267, 101
Trd, 431964.417, 89
Trd, 431965.550, 88
Trd, 431965.883, 100
Trd, 431966.833, 115
Trd, 431967.283, 98
Trd, 431969.583, 100
Trd, 431970.283, 113
Trd, 431971.117, 104
Trd, 431972.117, 118
Trd, 431973.350, 102
Trd, 431973.833, 108
Trd, 431974.617, 104
Trd, 431974.783, 103
Trd, 431975.733, 101
Trd, 431977.050, 106
Trd, 431977.233, 95
Trd, 431978.167, 112
Trd, 431978.300, 95
Trd, 431978.850, 94
Trd, 431979.367, 116
Trd, 431981.600, 105
Trd, 431981.650, 115
Trd, 431981.750, 94
Trd, 431982.283, 95
Trd, 431983.050, 101
Trd, 431984.283, 90
Trd, 431985.167, 103
Trd, 431985.567, 108
Trd, 431985.650, 101
Trd, 431987.017, 101
Trd, 431988.150, 99
Trd, 431988.900, 104
Trd, 431990.617, 101
Trd, 431993.933, 105
Trd, 431994.100, 111
Trd, 431994.550, 104
Trd, 431995.433, 98
Trd, 431995.833, 97
Trd, 431996.067, 102
Trd, 431996.217, 96
Trd, 431996.967, 97
Trd, 431997.783, 98
Trd, 431997.900, 101
Trd, 431998.000, 97
Trd, 431999.117, 94
Trd, 431999.217, 94
