Trd, 430662.767, 87
Trd, 430663.267, 97
Trd, 430664.100, 95
Trd, 430664.333, 97
Trd, 430666.267, 91
Trd, 430666.433, 103
Trd, 430666.550, 103
Trd, 430667.983, 92
Trd, 430668.317, 90
Trd, 430669.750, 93
Trd, 430670.783, 93
Trd, 430671.067, 91
Trd, 430672.233, 90
Trd, 430672.883, 89
Trd, 430673.617, 91
Trd, 430674.583, 92
Trd, 430675.217, 92
Trd, 430676.483, 95
Trd, 430677.250, 96
Trd, 430677.417, 94
Trd, 430677.933, 94
Trd, 430677.950, 96
Trd, 430678.250, 93
Trd, 430679.850, 92
Trd, 430680.250, 94
Trd, 430680.517, 94
Trd, 430681.050, 95
Trd, 430681.617, 97
Trd, 430681.983, 98
Trd, 430683.650, 103
Trd, 430684.300, 104
Trd, 430684.450, 100
Trd, 430684.517, 106
Trd, 430685.167, 97
Trd, 430686.833, 97
Trd, 430687.000, 96
Trd, 430688.250, 95
Trd, 430688.833, 96
Trd, 430689.300, 97
Trd, 430689.600, 97
Trd, 430690.167, 96
Trd, 430690.783, 96
Trd, 430691.017, 97
Trd, 430693.467, 99
Trd, 430693.583, 98
Trd, 430694.533, 99
Trd, 430694.767, 98
Trd, 430695.883, 95
Trd, 430696.000, 106
Trd, 430697.467, 100
Trd, 430697.733, 108
Trd, 430698.050, 115
Trd, 430698.150, 101
Trd, 430698.817, 101
Trd, 430700.933, 93
Trd, 430700.950, 94
Trd, 430701.467, 93
Trd, 430702.183, 90
Trd, 430702.200, 90
Trd, 430702.517, 91
Trd, 430702.650, 92
Trd, 430703.750, 91
Trd, 430703.867, 96
Trd, 430705.300, 96
Trd, 430705.350, 95
Trd, 430706.550, 96
Trd, 430706.917, 98
Trd, 430707.167, 94
Trd, 430707.450, 93
Trd, 430710.233, 96
Trd, 430710.800, 96
Trd, 430712.550, 93
Trd, 430713.183, 95
Trd, 430713.767, 94
Trd, 430714.833, 97
Trd, 430715.167, 98
Trd, 430715.200, 98
Trd, 430715.417, 92
Trd, 430715.967, 102
Trd, 430716.817, 102
Trd, 430717.167, 103
Trd, 430717.400, 93
Trd, 430719.483, 94
Trd, 430719.800, 95
Trd, 430721.567, 102
Trd, 430721.817, 97
Trd, 430722.483, 104
Trd, 430722.517, 103
Trd, 430722.983, 95
Trd, 430723.650, 95
Trd, 430724.817, 94
Trd, 430725.200, 90
Trd, 430725.917, 92
Trd, 430726.900, 93
Trd, 430727.317, 92
Trd, 430728.367, 100
Trd, 430729.167, 97
Trd, 430731.250, 103
Trd, 430732.083, 94
Trd, 430732.417, 93
Trd, 430732.550, 101
Trd, 430734.433, 96
Trd, 430734.900, 95
Trd, 430735.283, 96
Trd, 430736.067, 98
Trd, 430737.400, 100
Trd, 430737.800, 103
Trd, 430738.217, 98
Trd, 430738.383, 103
Trd, 430739.150, 99
Trd, 430740.783, 104
Trd, 430741.250, 105
Trd, 430741.300, 104
Trd, 430741.367, 98
Trd, 430741.600, 105
Trd, 430742.100, 101
Trd, 430742.883, 106
Trd, 430743.333, 115
Trd, 430744.467, 95
Trd, 430744.767, 95
Trd, 430745.600, 94
Trd, 430746.267, 93
Trd, 430747.100, 92
Trd, 430748.433, 97
Trd, 430748.783, 94
Trd, 430749.567, 105
Trd, 430750.133, 105
Trd, 430750.583, 98
Trd, 430750.917, 96
Trd, 430751.067, 95
Trd, 430751.250, 97
Trd, 430752.050, 100
Trd, 430753.633, 103
Trd, 430754.383, 99
Trd, 430754.700, 99
Trd, 430755.067, 98
Trd, 430756.017, 99
Trd, 430756.883, 106
Trd, 430757.200, 102
Trd, 430757.850, 91
Trd, 430758.550, 104
Trd, 430759.550, 93
Trd, 430760.533, 94
Trd, 430761.533, 95
Trd, 430761.950, 91
Trd, 430762.883, 93
Trd, 430763.267, 94
Trd, 430763.350, 99
Trd, 430764.367, 92
Trd, 430764.700, 89
Trd, 430765.450, 95
Trd, 430766.617, 99
Trd, 430766.883, 98
Trd, 430767.283, 95
Trd, 430769.883, 95
Trd, 430770.033, 95
Trd, 430770.983, 95
Trd, 430771.000, 93
Trd, 430772.600, 92
Trd, 430772.783, 104
Trd, 430773.450, 100
Trd, 430774.217, 94
Trd, 430774.283, 103
Trd, 430775.550, 97
Trd, 430775.750, 96
Trd, 430776.133, 99
Trd, 430777.083, 93
Trd, 430778.583, 96
Trd, 430779.950, 96
Trd, 430780.483, 90
Trd, 430781.233, 96
Trd, 430781.917, 96
Trd, 430783.517, 93
Trd, 430784.217, 93
Trd, 430785.250, 94
Trd, 430785.467, 100
Trd, 430787.117, 95
Trd, 430787.217, 99
Trd, 430787.283, 94
Trd, 430787.383, 94
Trd, 430787.917, 98
Trd, 430788.300, 97
Trd, 430788.550, 105
Trd, 430789.133, 97
Trd, 430789.233, 97
Trd, 430790.133, 101
Trd, 430791.067, 102
Trd, 430792.650, 101
Trd, 430792.733, 103
Trd, 430793.400, 106
Trd, 430793.717, 113
Trd, 430794.217, 101
Trd, 430795.450, 106
Trd, 430796.533, 105
Trd, 430796.967, 104
Trd, 430797.300, 99
Trd, 430798.183, 98
Trd, 430798.417, 100
Trd, 430799.050, 100
Trd, 430799.417, 101
Trd, 430800.400, 98
Trd, 430800.850, 103
Trd, 430801.250, 105
Trd, 430801.933, 99
Trd, 430802.517, 102
Trd, 430803.100, 102
Trd, 430804.950, 101
Trd, 430805.300, 101
Trd, 430806.233, 99
Trd, 430806.600, 100
Trd, 430808.100, 99
Trd, 430809.083, 97
Trd, 430809.100, 96
Trd, 430810.200, 97
Trd, 430811.383, 95
Trd, 430812.200, 99
Trd, 430812.483, 93
Trd, 430812.967, 91
Trd, 430813.233, 95
Trd, 430813.683, 97
Trd, 430815.667, 98
Trd, 430816.500, 99
Trd, 430816.533, 104
Trd, 430817.500, 106
Trd, 430817.833, 98
Trd, 430818.100, 96
Trd, 430818.733, 96
Trd, 430818.800, 112
Trd, 430820.600, 104
Trd, 430820.883, 105
Trd, 430821.350, 95
Trd, 430821.633, 103
Trd, 430823.300, 98
Trd, 430823.900, 102
Trd, 430824.367, 97
Trd, 430824.850, 97
Trd, 430825.717, 94
Trd, 430825.850, 94
Trd, 430826.217, 93
Trd, 430826.583, 98
Trd, 430826.617, 100
Trd, 430826.917, 90
Trd, 430827.050, 99
Trd, 430829.483, 96
Trd, 430830.317, 94
Trd, 430830.917, 95
Trd, 430832.033, 89
Trd, 430832.550, 90
Trd, 430833.000, 91
Trd, 430833.117, 89
Trd, 430833.933, 89
Trd, 430834.517, 90
Trd, 430834.600, 96
Trd, 430834.883, 87
Trd, 430834.900, 104
Trd, 430838.000, 99
Trd, 430838.417, 95
Trd, 430839.533, 93
Trd, 430839.550, 88
Trd, 430839.750, 94
Trd, 430839.950, 87
Trd, 430841.250, 112
Trd, 430841.467, 105
Trd, 430841.733, 102
Trd, 430841.817, 111
Trd, 430842.017, 98
Trd, 430842.367, 99
Trd, 430845.167, 102
Trd, 430845.717, 101
Trd, 430845.917, 103
Trd, 430846.283, 104
Trd, 430846.600, 104
Trd, 430846.617, 101
Trd, 430847.967, 100
Trd, 430848.850, 100
Trd, 430849.083, 98
Trd, 430849.700, 97
Trd, 430849.850, 101
Trd, 430850.883, 99
Trd, 430851.950, 98
Trd, 430852.100, 98
Trd, 430852.767, 99
Trd, 430853.767, 94
Trd, 430853.817, 102
Trd, 430855.617, 95
Trd, 430856.467, 94
Trd, 430856.533, 95
Trd, 430857.650, 95
Trd, 430857.983, 97
Trd, 430858.600, 93
Trd, 430859.267, 91
Trd, 430859.467, 90
Trd, 430859.850, 93
Trd, 430860.600, 97
Trd, 430861.317, 100
Trd, 430861.467, 99
Trd, 430862.717, 103
Trd, 430863.150, 103
Trd, 430864.017, 102
Trd, 430864.150, 103
Trd, 430864.217, 104
Trd, 430864.500, 106
Trd, 430865.817, 112
Trd, 430866.000, 110
Trd, 430867.367, 114
Trd, 430868.467, 115
Trd, 430869.017, 114
Trd, 430869.767, 112
Trd, 430870.450, 109
Trd, 430870.650, 104
Trd, 430871.017, 99
Trd, 430872.333, 98
Trd, 430873.983, 98
Trd, 430874.200, 98
Trd, 430875.833, 95
Trd, 430876.417, 92
Trd, 430876.467, 93
Trd, 430876.767, 90
Trd, 430877.000, 94
Trd, 430878.483, 87
Trd, 430879.050, 97
Trd, 430879.133, 98
Trd, 430879.350, 102
Trd, 430880.767, 92
Trd, 430882.200, 94
Trd, 430882.917, 95
Trd, 430883.083, 94
Trd, 430883.733, 97
Trd, 430885.000, 106
Trd, 430885.650, 109
Trd, 430885.750, 108
Trd, 430886.567, 104
Trd, 430886.600, 103
Trd, 430886.850, 104
Trd, 430888.783, 104
Trd, 430888.817, 105
Trd, 430889.400, 103
Trd, 430889.617, 103
Trd, 430889.867, 104
Trd, 430889.933, 99
Trd, 430890.200, 98
Trd, 430890.967, 106
Trd, 430893.783, 91
Trd, 430894.433, 93
Trd, 430895.200, 99
Trd, 430895.517, 98
Trd, 430895.917, 97
Trd, 430897.117, 98
Trd, 430897.183, 90
Trd, 430897.650, 99
Trd, 430898.083, 87
Trd, 430899.450, 84
Trd, 430900.133, 105
Trd, 430900.467, 106
Trd, 430901.217, 97
Trd, 430902.100, 95
Trd, 430902.600, 101
Trd, 430903.000, 102
Trd, 430903.667, 105
Trd, 430903.967, 104
Trd, 430904.350, 104
Trd, 430904.667, 101
Trd, 430905.333, 98
Trd, 430905.867, 93
Trd, 430907.067, 102
Trd, 430909.867, 100
Trd, 430910.050, 99
Trd, 430910.533, 97
Trd, 430911.000, 97
Trd, 430911.183, 98
Trd, 430911.350, 96
Trd, 430911.933, 99
Trd, 430912.450, 100
Trd, 430913.250, 95
Trd, 430914.100, 97
Trd, 430914.433, 98
Trd, 430915.233, 96
Trd, 430915.500, 98
Trd, 430916.767, 97
Trd, 430917.417, 106
Trd, 430918.600, 100
Trd, 430918.617, 95
Trd, 430919.233, 96
Trd, 430920.050, 95
Trd, 430920.650, 94
Trd, 430921.550, 92
Trd, 430922.267, 93
Trd, 430922.850, 91
Trd, 430923.483, 105
Trd, 430924.200, 99
Trd, 430925.283, 101
Trd, 430925.300, 100
Trd, 430925.483, 104
Trd, 430926.967, 95
Trd, 430928.517, 98
Trd, 430928.967, 101
Trd, 430929.133, 98
Trd, 430929.783, 99
Trd, 430929.850, 98
Trd, 430930.667, 95
Trd, 430931.117, 96
Trd, 430931.450, 103
Trd, 430931.767, 106
Trd, 430932.867, 104
Trd, 430933.200, 105
Trd, 430933.500, 94
Trd, 430934.083, 101
Trd, 430934.750, 99
Trd, 430934.883, 92
Trd, 430936.183, 98
Trd, 430936.467, 95
Trd, 430937.917, 97
Trd, 430939.533, 98
Trd, 430940.217, 98
Trd, 430940.483, 102
Trd, 430940.567, 94
Trd, 430941.133, 104
Trd, 430941.300, 90
Trd, 430941.483, 104
Trd, 430941.700, 87
Trd, 430943.567, 94
Trd, 430945.017, 100
Trd, 430945.950, 99
Trd, 430946.050, 97
Trd, 430947.683, 103
Trd, 430947.883, 102
Trd, 430949.050, 103
Trd, 430949.350, 106
Trd, 430950.000, 95
Trd, 430950.117, 108
Trd, 430950.583, 94
Trd, 430952.050, 93
Trd, 430952.250, 87
Trd, 430952.267, 87
Trd, 430952.683, 103
Trd, 430953.483, 112
Trd, 430953.933, 114
Trd, 430955.600, 103
Trd, 430955.850, 110
Trd, 430956.067, 104
Trd, 430956.100, 105
Trd, 430957.633, 103
Trd, 430958.717, 102
Trd, 430959.167, 107
Trd, 430959.417, 106
Trd, 430961.100, 101
Trd, 430961.117, 102
Trd, 430961.583, 106
Trd, 430961.950, 100
Trd, 430963.017, 105
Trd, 430963.383, 106
Trd, 430964.550, 99
Trd, 430966.883, 109
Trd, 430967.400, 105
Trd, 430967.817, 105
Trd, 430967.867, 104
Trd, 430968.783, 101
Trd, 430969.467, 100
Trd, 430970.550, 98
Trd, 430970.767, 99
Trd, 430971.683, 95
Trd, 430971.800, 93
Trd, 430972.833, 99
Trd, 430973.067, 99
Trd, 430973.517, 99
Trd, 430974.950, 99
Trd, 430974.967, 92
Trd, 430975.183, 99
Trd, 430975.933, 90
Trd, 430976.300, 92
Trd, 430977.050, 92
Trd, 430977.167, 94
Trd, 430978.800, 94
Trd, 430979.633, 97
Trd, 430980.050, 96
Trd, 430980.083, 99
Trd, 430981.017, 105
Trd, 430981.033, 95
Trd, 430982.100, 96
Trd, 430982.417, 106
Trd, 430986.367, 96
Trd, 430986.433, 95
Trd, 430988.083, 94
Trd, 430988.183, 96
Trd, 430989.583, 94
Trd, 430990.933, 90
Trd, 430991.767, 97
Trd, 430992.317, 95
Trd, 430992.367, 100
Trd, 430992.767, 102
Trd, 430992.800, 96
Trd, 430992.867, 95
Trd, 430993.683, 98
Trd, 430994.033, 94
Trd, 430994.333, 93
Trd, 430994.633, 102
Trd, 430997.633, 101
Trd, 430998.967, 101
Trd, 430999.067, 104
Trd, 430999.550, 101
Trd, 430999.983, 102
Trd, 431000.683, 103
Trd, 431002.167, 99
Trd, 431003.317, 101
Trd, 431003.533, 100
Trd, 431003.933, 102
Trd, 431004.200, 105
Trd, 431004.233, 98
Trd, 431004.817, 96
Trd, 431005.050, 103
Trd, 431005.633, 104
Trd, 431006.150, 103
Trd, 431008.767, 96
Trd, 431009.700, 95
Trd, 431009.967, 90
Trd, 431011.033, 94
Trd, 431011.550, 95
Trd, 431011.900, 96
Trd, 431013.250, 103
Trd, 431013.467, 105
Trd, 431014.133, 102
Trd, 431014.167, 102
Trd, 431014.633, 98
Trd, 431015.050, 97
Trd, 431015.483, 93
Trd, 431016.450, 89
Trd, 431016.817, 88
Trd, 431016.833, 89
Trd, 431017.167, 90
Trd, 431017.233, 98
Trd, 431019.100, 90
Trd, 431019.717, 93
Trd, 431020.317, 94
Trd, 431020.400, 93
Trd, 431020.933, 96
Trd, 431021.300, 96
Trd, 431022.350, 95
Trd, 431022.733, 93
Trd, 431025.183, 102
Trd, 431026.033, 101
Trd, 431026.833, 100
Trd, 431026.950, 95
Trd, 431027.417, 90
Trd, 431027.583, 92
Trd, 431028.583, 91
Trd, 431029.600, 92
Trd, 431029.867, 91
Trd, 431032.167, 93
Trd, 431032.200, 91
Trd, 431032.817, 91
Trd, 431033.117, 95
Trd, 431034.133, 95
Trd, 431034.650, 98
Trd, 431034.983, 103
Trd, 431035.033, 96
Trd, 431036.400, 99
Trd, 431037.783, 98
Trd, 431039.500, 104
Trd, 431040.117, 103
Trd, 431040.233, 102
Trd, 431040.567, 102
Trd, 431040.850, 99
Trd, 431041.000, 106
Trd, 431041.600, 112
Trd, 431041.717, 117
Trd, 431042.300, 118
Trd, 431042.967, 98
Trd, 431045.800, 101
Trd, 431045.967, 97
Trd, 431046.200, 96
Trd, 431046.467, 95
Trd, 431046.833, 98
Trd, 431048.133, 94
Trd, 431048.467, 94
Trd, 431049.100, 93
Trd, 431049.567, 94
Trd, 431050.483, 100
Trd, 431050.533, 96
Trd, 431050.850, 103
Trd, 431053.283, 91
Trd, 431053.583, 90
Trd, 431053.817, 99
Trd, 431054.533, 95
Trd, 431056.017, 95
Trd, 431056.800, 92
Trd, 431057.833, 94
Trd, 431058.367, 94
Trd, 431059.033, 95
Trd, 431059.417, 95
Trd, 431059.950, 95
Trd, 431061.333, 100
Trd, 431061.667, 99
Trd, 431061.900, 101
Trd, 431062.000, 101
Trd, 431062.583, 93
Trd, 431062.650, 94
Trd, 431062.767, 93
Trd, 431063.250, 90
Trd, 431063.983, 104
Trd, 431064.833, 110
Trd, 431065.800, 95
Trd, 431066.400, 97
Trd, 431066.883, 106
Trd, 431067.600, 105
Trd, 431070.533, 96
Trd, 431070.850, 95
Trd, 431070.867, 94
Trd, 431071.200, 96
Trd, 431071.283, 96
Trd, 431071.400, 90
Trd, 431071.417, 89
Trd, 431072.017, 90
Trd, 431072.900, 90
Trd, 431073.017, 88
Trd, 431074.317, 102
Trd, 431074.867, 100
Trd, 431076.000, 102
Trd, 431076.200, 100
Trd, 431076.433, 106
Trd, 431077.250, 98
Trd, 431077.567, 96
Trd, 431077.933, 96
Trd, 431078.733, 98
Trd, 431079.217, 96
Trd, 431080.433, 95
Trd, 431080.950, 96
Trd, 431081.667, 94
Trd, 431081.817, 96
Trd, 431082.800, 97
Trd, 431083.483, 93
Trd, 431084.867, 93
Trd, 431085.600, 98
Trd, 431086.317, 106
Trd, 431086.383, 101
Trd, 431086.667, 108
Trd, 431087.800, 102
Trd, 431088.367, 101
Trd, 431089.017, 103
Trd, 431090.567, 98
Trd, 431091.283, 93
Trd, 431091.367, 104
Trd, 431093.433, 96
Trd, 431093.450, 95
Trd, 431094.633, 94
Trd, 431095.167, 97
Trd, 431095.467, 96
Trd, 431095.550, 97
Trd, 431096.217, 95
Trd, 431096.283, 92
Trd, 431096.717, 96
Trd, 431097.817, 93
Trd, 431098.133, 93
Trd, 431098.733, 93
Trd, 431098.850, 90
Trd, 431100.017, 93
Trd, 431100.750, 93
Trd, 431102.433, 91
Trd, 431102.700, 91
Trd, 431102.717, 93
Trd, 431102.783, 95
Trd, 431102.850, 98
Trd, 431104.417, 91
Trd, 431105.100, 103
Trd, 431105.300, 101
Trd, 431105.633, 95
Trd, 431106.950, 93
Trd, 431108.700, 90
Trd, 431110.133, 92
Trd, 431111.767, 92
Trd, 431112.667, 93
Trd, 431112.967, 95
Trd, 431113.317, 104
Trd, 431113.467, 96
Trd, 431114.267, 99
Trd, 431115.400, 97
Trd, 431115.583, 98
Trd, 431116.200, 97
Trd, 431116.433, 104
Trd, 431117.483, 94
Trd, 431117.950, 93
Trd, 431118.750, 97
Trd, 431119.050, 103
Trd, 431121.267, 98
Trd, 431121.733, 98
Trd, 431122.317, 98
Trd, 431122.417, 98
Trd, 431122.783, 97
Trd, 431122.933, 95
Trd, 431123.917, 105
Trd, 431124.167, 91
Trd, 431124.267, 90
Trd, 431125.267, 93
Trd, 431126.367, 89
Trd, 431127.517, 103
Trd, 431127.983, 104
Trd, 431129.500, 94
Trd, 431129.817, 95
Trd, 431130.550, 97
Trd, 431131.050, 98
Trd, 431131.650, 104
Trd, 431132.400, 98
Trd, 431133.717, 104
Trd, 431135.033, 101
Trd, 431135.183, 101
Trd, 431135.550, 100
Trd, 431135.583, 99
Trd, 431135.900, 103
Trd, 431136.767, 98
Trd, 431138.283, 95
Trd, 431138.867, 102
Trd, 431138.950, 105
Trd, 431139.650, 94
Trd, 431142.383, 92
Trd, 431142.650, 93
Trd, 431142.683, 95
Trd, 431143.117, 94
Trd, 431143.500, 96
Trd, 431144.767, 98
Trd, 431146.267, 99
Trd, 431147.267, 98
Trd, 431147.283, 95
Trd, 431148.300, 94
Trd, 431148.350, 93
Trd, 431148.733, 96
Trd, 431148.983, 97
Trd, 431149.067, 104
Trd, 431150.550, 105
Trd, 431150.800, 102
Trd, 431152.200, 103
Trd, 431152.300, 107
Trd, 431153.033, 102
Trd, 431153.950, 101
Trd, 431154.667, 97
Trd, 431155.150, 98
Trd, 431155.917, 100
Trd, 431157.367, 100
Trd, 431157.500, 102
Trd, 431157.533, 98
Trd, 431157.700, 97
Trd, 431159.950, 103
Trd, 431160.217, 104
Trd, 431160.450, 105
Trd, 431161.833, 103
Trd, 431162.050, 104
Trd, 431163.883, 112
Trd, 431164.133, 112
Trd, 431164.150, 111
Trd, 431164.200, 103
Trd, 431164.233, 101
Trd, 431165.650, 103
Trd, 431166.217, 101
Trd, 431168.200, 100
Trd, 431168.783, 100
Trd, 431169.517, 101
Trd, 431169.783, 96
Trd, 431170.533, 100
Trd, 431170.733, 97
Trd, 431171.567, 98
Trd, 431171.883, 99
Trd, 431173.183, 100
Trd, 431173.700, 95
Trd, 431173.983, 106
Trd, 431174.250, 107
Trd, 431175.967, 100
Trd, 431176.017, 102
Trd, 431176.483, 106
Trd, 431177.367, 101
Trd, 431177.567, 100
Trd, 431178.200, 101
Trd, 431178.550, 98
Trd, 431180.200, 93
Trd, 431180.400, 92
Trd, 431181.333, 103
Trd, 431183.050, 102
Trd, 431183.167, 99
Trd, 431184.583, 99
Trd, 431184.867, 100
Trd, 431185.233, 100
Trd, 431185.650, 95
Trd, 431186.217, 105
Trd, 431187.617, 94
Trd, 431188.450, 100
Trd, 431189.017, 95
Trd, 431189.317, 101
Trd, 431189.667, 101
Trd, 431190.317, 98
Trd, 431191.783, 96
Trd, 431192.033, 95
Trd, 431192.983, 96
Trd, 431193.050, 99
Trd, 431193.633, 102
Trd, 431194.233, 96
Trd, 431194.617, 95
Trd, 431197.117, 102
Trd, 431197.550, 101
Trd, 431197.717, 100
Trd, 431198.067, 93
Trd, 431199.017, 96
Trd, 431200.050, 96
Trd, 431200.717, 98
Trd, 431201.000, 98
Trd, 431201.533, 102
Trd, 431204.167, 100
Trd, 431204.283, 99
Trd, 431204.350, 102
Trd, 431204.867, 103
Trd, 431205.300, 103
Trd, 431206.383, 104
Trd, 431206.583, 99
Trd, 431206.983, 98
Trd, 431207.667, 101
Trd, 431208.033, 96
Trd, 431208.500, 106
Trd, 431210.850, 101
Trd, 431211.250, 98
Trd, 431211.733, 98
Trd, 431211.767, 99
Trd, 431212.183, 104
Trd, 431212.517, 98
Trd, 431213.483, 98
Trd, 431214.783, 95
Trd, 431214.850, 92
Trd, 431215.733, 93
Trd, 431216.817, 91
Trd, 431216.933, 92
Trd, 431217.233, 94
Trd, 431217.367, 95
Trd, 431217.833, 106
Trd, 431219.883, 104
Trd, 431220.333, 105
Trd, 431220.350, 106
Trd, 431220.517, 104
Trd, 431222.417, 107
Trd, 431222.617, 106
Trd, 431222.850, 105
Trd, 431223.733, 109
Trd, 431224.283, 104
Trd, 431224.750, 104
Trd, 431225.483, 98
Trd, 431227.367, 100
Trd, 431227.700, 102
Trd, 431228.117, 101
Trd, 431229.133, 98
Trd, 431230.483, 104
Trd, 431230.500, 106
Trd, 431231.100, 95
Trd, 431232.167, 91
Trd, 431232.317, 90
Trd, 431232.500, 99
Trd, 431233.417, 95
Trd, 431233.517, 93
Trd, 431233.683, 96
Trd, 431234.600, 94
Trd, 431235.783, 94
Trd, 431236.233, 93
Trd, 431237.483, 90
Trd, 431237.517, 90
Trd, 431238.583, 94
Trd, 431241.350, 96
Trd, 431241.800, 95
Trd, 431242.433, 99
Trd, 431243.350, 98
Trd, 431243.467, 97
Trd, 431243.883, 92
Trd, 431244.617, 96
Trd, 431245.217, 93
Trd, 431245.517, 92
Trd, 431245.817, 92
Trd, 431246.250, 94
Trd, 431246.850, 96
Trd, 431247.833, 96
Trd, 431247.950, 96
Trd, 431248.483, 95
Trd, 431249.200, 95
Trd, 431249.533, 94
Trd, 431250.017, 95
Trd, 431250.250, 93
Trd, 431251.067, 98
Trd, 431253.217, 97
Trd, 431253.617, 95
Trd, 431254.767, 98
Trd, 431255.117, 91
Trd, 431256.217, 95
Trd, 431256.967, 107
Trd, 431257.250, 115
Trd, 431257.633, 94
Trd, 431257.850, 100
Trd, 431259.050, 109
Trd, 431259.083, 109
Trd, 431259.450, 116
Trd, 431259.483, 99
Trd, 431260.483, 97
Trd, 431261.333, 95
Trd, 431263.017, 101
Trd, 431263.150, 100
Trd, 431264.833, 100
Trd, 431264.967, 102
Trd, 431265.750, 103
Trd, 431266.617, 104
Trd, 431267.817, 103
Trd, 431267.833, 102
Trd, 431267.933, 101
Trd, 431268.283, 98
Trd, 431269.983, 100
Trd, 431270.383, 100
Trd, 431270.883, 100
Trd, 431271.367, 101
Trd, 431271.950, 100
Trd, 431272.333, 102
Trd, 431272.833, 95
Trd, 431273.750, 93
Trd, 431273.783, 104
Trd, 431277.533, 99
Trd, 431277.667, 100
Trd, 431277.900, 100
Trd, 431278.683, 95
Trd, 431279.933, 93
Trd, 431280.317, 92
Trd, 431281.033, 91
Trd, 431281.667, 90
Trd, 431282.283, 94
Trd, 431282.567, 95
Trd, 431284.133, 95
Trd, 431284.533, 96
Trd, 431284.567, 97
Trd, 431285.550, 97
Trd, 431285.667, 99
Trd, 431286.100, 96
Trd, 431287.800, 106
Trd, 431290.650, 104
Trd, 431290.867, 104
Trd, 431291.533, 104
Trd, 431291.583, 106
Trd, 431292.867, 104
Trd, 431292.883, 112
Trd, 431292.933, 102
Trd, 431293.250, 101
Trd, 431294.033, 104
Trd, 431294.667, 95
Trd, 431295.033, 93
Trd, 431296.183, 96
Trd, 431296.683, 92
Trd, 431296.850, 90
Trd, 431297.867, 91
Trd, 431298.350, 91
Trd, 431299.467, 87
Trd, 431300.433, 88
Trd, 431300.500, 82
Trd, 431301.067, 90
Trd, 431301.433, 91
Trd, 431301.833, 93
Trd, 431302.950, 97
Trd, 431303.483, 98
Trd, 431303.950, 96
Trd, 431304.167, 95
Trd, 431305.683, 99
Trd, 431306.050, 99
Trd, 431306.833, 99
Trd, 431307.417, 98
Trd, 431308.000, 98
Trd, 431308.133, 95
Trd, 431309.383, 96
Trd, 431309.767, 93
Trd, 431310.817, 92
Trd, 431310.933, 93
Trd, 431311.283, 103
Trd, 431312.033, 104
Trd, 431312.733, 93
Trd, 431313.583, 104
Trd, 431315.450, 101
Trd, 431315.567, 99
Trd, 431315.600, 102
Trd, 431317.217, 101
Trd, 431317.450, 104
Trd, 431318.800, 106
Trd, 431318.967, 115
Trd, 431319.417, 114
Trd, 431319.950, 117
Trd, 431321.567, 102
Trd, 431321.717, 98
Trd, 431321.850, 98
Trd, 431322.217, 95
Trd, 431323.133, 92
Trd, 431323.350, 90
Trd, 431323.717, 89
Trd, 431323.733, 88
Trd, 431324.400, 90
Trd, 431325.083, 93
Trd, 431325.567, 94
Trd, 431326.167, 95
Trd, 431326.567, 95
Trd, 431326.917, 103
Trd, 431327.350, 94
Trd, 431327.650, 104
Trd, 431328.917, 102
Trd, 431329.550, 103
Trd, 431329.783, 96
Trd, 431330.117, 93
Trd, 431331.967, 96
Trd, 431332.250, 95
Trd, 431332.483, 98
Trd, 431334.867, 97
Trd, 431335.250, 95
Trd, 431335.533, 96
Trd, 431335.900, 96
Trd, 431336.100, 97
Trd, 431338.117, 97
Trd, 431338.450, 96
Trd, 431338.567, 95
Trd, 431338.667, 97
Trd, 431338.717, 98
Trd, 431339.767, 96
Trd, 431340.183, 88
Trd, 431340.767, 93
Trd, 431342.067, 93
Trd, 431344.833, 95
Trd, 431345.083, 94
Trd, 431345.117, 93
Trd, 431346.083, 95
Trd, 431346.183, 106
Trd, 431347.050, 103
Trd, 431348.133, 99
Trd, 431348.683, 100
Trd, 431349.667, 101
Trd, 431349.950, 98
Trd, 431350.017, 95
Trd, 431350.467, 102
Trd, 431351.833, 96
Trd, 431352.300, 99
Trd, 431353.433, 102
Trd, 431353.467, 104
Trd, 431353.667, 106
Trd, 431355.433, 103
Trd, 431355.983, 102
Trd, 431356.233, 109
Trd, 431357.333, 106
Trd, 431357.550, 102
Trd, 431359.717, 95
Trd, 431360.067, 95
Trd, 431360.217, 99
Trd, 431360.300, 102
Trd, 431361.833, 95
Trd, 431362.933, 95
Trd, 431363.233, 97
Trd, 431363.300, 100
Trd, 431364.683, 101
Trd, 431364.950, 101
Trd, 431365.233, 100
Trd, 431365.433, 99
Trd, 431365.983, 93
Trd, 431366.267, 100
Trd, 431368.017, 97
Trd, 431368.167, 97
Trd, 431368.683, 96
Trd, 431369.017, 95
Trd, 431369.117, 98
Trd, 431369.850, 101
Trd, 431370.300, 110
Trd, 431370.667, 107
Trd, 431372.017, 106
Trd, 431373.583, 100
Trd, 431374.533, 100
Trd, 431374.550, 102
Trd, 431375.933, 102
Trd, 431376.250, 101
Trd, 431376.833, 104
Trd, 431377.250, 105
Trd, 431377.483, 99
Trd, 431379.917, 99
Trd, 431380.317, 97
Trd, 431381.367, 97
Trd, 431382.017, 96
Trd, 431382.817, 94
Trd, 431382.967, 94
Trd, 431383.233, 95
Trd, 431383.600, 92
Trd, 431385.250, 95
Trd, 431385.867, 98
Trd, 431386.217, 104
Trd, 431386.500, 96
Trd, 431386.917, 106
Trd, 431388.583, 102
Trd, 431389.400, 103
Trd, 431389.817, 104
Trd, 431390.533, 102
Trd, 431390.933, 99
Trd, 431391.750, 105
Trd, 431392.700, 104
Trd, 431392.800, 98
Trd, 431393.917, 98
Trd, 431395.350, 95
Trd, 431395.467, 97
Trd, 431395.950, 96
Trd, 431396.117, 95
Trd, 431396.217, 98
Trd, 431398.017, 96
Trd, 431398.183, 99
Trd, 431398.817, 99
Trd, 431399.633, 103
Trd, 431399.983, 106
Trd, 431400.667, 104
Trd, 431401.583, 91
Trd, 431401.850, 101
Trd, 431403.717, 102
Trd, 431403.750, 94
Trd, 431404.300, 102
Trd, 431405.567, 97
Trd, 431406.667, 98
Trd, 431407.283, 108
Trd, 431407.750, 115
Trd, 431407.983, 103
Trd, 431408.567, 102
Trd, 431408.933, 98
Trd, 431409.117, 98
Trd, 431410.400, 111
Trd, 431412.033, 100
Trd, 431412.350, 93
Trd, 431412.967, 94
Trd, 431413.050, 94
Trd, 431413.267, 93
Trd, 431413.833, 91
Trd, 431414.500, 90
Trd, 431414.800, 87
Trd, 431414.967, 86
Trd, 431416.633, 85
Trd, 431417.117, 87
Trd, 431417.283, 86
Trd, 431419.050, 90
Trd, 431419.550, 88
Trd, 431420.283, 88
Trd, 431420.633, 93
Trd, 431421.783, 93
Trd, 431423.000, 96
Trd, 431423.050, 95
Trd, 431423.667, 94
Trd, 431424.300, 94
Trd, 431425.200, 99
Trd, 431425.667, 104
Trd, 431425.783, 96
Trd, 431427.750, 100
Trd, 431427.783, 101
Trd, 431428.450, 102
Trd, 431428.783, 103
Trd, 431430.167, 105
Trd, 431431.317, 106
Trd, 431431.417, 115
Trd, 431432.583, 110
Trd, 431432.667, 109
Trd, 431433.217, 101
Trd, 431433.367, 100
Trd, 431433.400, 98
Trd, 431433.650, 95
Trd, 431434.367, 95
Trd, 431434.717, 97
Trd, 431435.100, 93
Trd, 431435.867, 92
Trd, 431436.517, 92
Trd, 431436.667, 93
Trd, 431437.467, 95
Trd, 431437.583, 94
Trd, 431437.850, 96
Trd, 431438.367, 87
Trd, 431438.833, 106
Trd, 431440.017, 107
Trd, 431440.917, 103
Trd, 431441.183, 105
Trd, 431441.683, 100
Trd, 431443.867, 104
Trd, 431444.450, 102
Trd, 431445.217, 106
Trd, 431445.450, 104
Trd, 431445.550, 99
Trd, 431446.083, 106
Trd, 431447.883, 99
Trd, 431448.983, 98
Trd, 431449.200, 100
Trd, 431450.683, 100
Trd, 431450.817, 101
Trd, 431451.450, 104
Trd, 431451.767, 102
Trd, 431452.200, 99
Trd, 431452.667, 104
Trd, 431454.533, 101
Trd, 431455.583, 102
Trd, 431455.683, 101
Trd, 431456.033, 95
Trd, 431457.400, 100
Trd, 431458.250, 102
Trd, 431458.633, 102
Trd, 431459.017, 99
Trd, 431460.033, 96
Trd, 431461.233, 95
Trd, 431461.450, 96
Trd, 431461.600, 92
Trd, 431462.150, 90
Trd, 431462.567, 90
Trd, 431463.383, 92
Trd, 431463.450, 93
Trd, 431464.317, 98
Trd, 431466.667, 96
Trd, 431467.517, 96
Trd, 431467.533, 98
Trd, 431468.167, 101
Trd, 431468.283, 96
Trd, 431469.117, 100
Trd, 431469.950, 101
Trd, 431470.350, 103
Trd, 431470.867, 97
Trd, 431471.350, 103
Trd, 431473.117, 94
Trd, 431473.417, 91
Trd, 431474.567, 93
Trd, 431475.167, 94
Trd, 431476.467, 99
Trd, 431477.367, 96
Trd, 431478.150, 97
Trd, 431478.300, 99
Trd, 431478.983, 105
Trd, 431479.950, 99
Trd, 431480.250, 105
Trd, 431480.817, 101
Trd, 431481.817, 102
Trd, 431482.200, 101
Trd, 431483.300, 103
Trd, 431483.583, 102
Trd, 431483.633, 101
Trd, 431484.650, 100
Trd, 431485.833, 101
Trd, 431485.883, 98
Trd, 431486.100, 95
Trd, 431487.233, 106
Trd, 431487.350, 105
Trd, 431487.417, 115
Trd, 431488.500, 103
Trd, 431490.067, 100
Trd, 431491.017, 98
Trd, 431491.167, 101
Trd, 431491.617, 98
Trd, 431491.850, 106
Trd, 431491.950, 93
Trd, 431493.917, 100
Trd, 431494.967, 104
Trd, 431495.400, 99
Trd, 431495.717, 99
Trd, 431496.550, 96
Trd, 431496.650, 97
Trd, 431497.300, 95
Trd, 431497.433, 97
Trd, 431499.017, 94
Trd, 431500.217, 98
Trd, 431501.117, 98
Trd, 431501.383, 97
Trd, 431501.400, 104
Trd, 431501.733, 96
Trd, 431501.817, 94
Trd, 431502.817, 95
Trd, 431503.417, 102
Trd, 431503.617, 103
Trd, 431504.650, 96
Trd, 431506.267, 101
Trd, 431506.800, 102
Trd, 431507.383, 103
Trd, 431508.150, 100
Trd, 431508.483, 100
Trd, 431509.617, 98
Trd, 431510.933, 102
Trd, 431512.733, 95
Trd, 431513.533, 93
Trd, 431513.600, 96
Trd, 431513.900, 102
Trd, 431515.533, 95
Trd, 431515.783, 96
Trd, 431515.833, 93
Trd, 431516.067, 97
Trd, 431516.517, 97
Trd, 431517.783, 104
Trd, 431517.817, 94
Trd, 431520.183, 96
Trd, 431520.600, 97
Trd, 431521.883, 97
Trd, 431522.267, 97
Trd, 431522.450, 96
Trd, 431522.900, 94
Trd, 431522.967, 93
Trd, 431523.333, 93
Trd, 431524.600, 92
Trd, 431525.333, 92
Trd, 431525.650, 100
Trd, 431525.683, 91
Trd, 431526.383, 93
Trd, 431527.283, 94
Trd, 431527.617, 93
Trd, 431529.600, 96
Trd, 431530.283, 95
Trd, 431530.583, 94
Trd, 431531.117, 96
Trd, 431531.733, 88
Trd, 431533.117, 94
Trd, 431533.950, 94
Trd, 431534.267, 93
Trd, 431534.517, 95
Trd, 431535.600, 96
Trd, 431536.083, 97
Trd, 431536.750, 96
Trd, 431537.500, 97
Trd, 431537.750, 98
Trd, 431537.833, 106
Trd, 431539.083, 98
Trd, 431539.283, 98
Trd, 431540.417, 92
Trd, 431540.700, 93
Trd, 431541.233, 105
Trd, 431541.700, 92
Trd, 431541.833, 98
Trd, 431544.000, 95
Trd, 431544.683, 94
Trd, 431544.867, 95
Trd, 431545.500, 103
Trd, 431545.717, 102
Trd, 431545.817, 95
Trd, 431547.583, 100
Trd, 431547.850, 100
Trd, 431548.783, 103
Trd, 431549.733, 94
Trd, 431549.867, 96
Trd, 431550.633, 93
Trd, 431552.283, 95
Trd, 431552.750, 94
Trd, 431554.633, 93
Trd, 431554.933, 93
Trd, 431555.233, 93
Trd, 431555.600, 92
Trd, 431555.800, 91
Trd, 431556.933, 99
Trd, 431557.517, 98
Trd, 431557.967, 98
Trd, 431558.633, 97
Trd, 431558.717, 104
Trd, 431559.217, 95
Trd, 431560.133, 101
Trd, 431560.917, 97
Trd, 431561.050, 97
Trd, 431562.217, 91
Trd, 431564.300, 94
Trd, 431564.717, 95
Trd, 431565.033, 95
Trd, 431565.583, 94
Trd, 431565.817, 94
Trd, 431566.417, 101
Trd, 431566.750, 98
Trd, 431566.917, 102
Trd, 431567.133, 110
Trd, 431568.600, 100
Trd, 431569.750, 94
Trd, 431569.900, 92
Trd, 431570.600, 92
Trd, 431570.633, 93
Trd, 431570.867, 90
Trd, 431571.117, 89
Trd, 431572.517, 102
Trd, 431573.083, 102
Trd, 431575.283, 101
Trd, 431575.583, 104
Trd, 431575.850, 100
Trd, 431578.283, 100
Trd, 431578.767, 98
Trd, 431580.200, 96
Trd, 431580.283, 92
Trd, 431580.383, 97
Trd, 431580.500, 90
Trd, 431582.350, 97
Trd, 431583.000, 97
Trd, 431583.567, 98
Trd, 431584.250, 100
Trd, 431585.150, 101
Trd, 431585.583, 103
Trd, 431585.733, 102
Trd, 431585.917, 101
Trd, 431587.750, 102
Trd, 431588.367, 102
Trd, 431588.517, 102
Trd, 431589.067, 102
Trd, 431589.867, 98
Trd, 431591.133, 103
Trd, 431591.467, 97
Trd, 431592.217, 100
Trd, 431593.633, 97
Trd, 431593.683, 97
Trd, 431593.900, 96
Trd, 431594.000, 95
Trd, 431594.333, 89
Trd, 431594.400, 100
Trd, 431594.650, 105
Trd, 431595.300, 105
Trd, 431597.083, 90
Trd, 431598.033, 98
Trd, 431599.367, 89
Trd, 431599.517, 105
Trd, 431600.167, 87
Trd, 431600.783, 105
Trd, 431602.083, 104
Trd, 431603.233, 96
Trd, 431603.917, 99
Trd, 431604.767, 102
Trd, 431604.833, 101
Trd, 431605.267, 102
Trd, 431605.500, 103
Trd, 431605.883, 102
Trd, 431607.217, 104
Trd, 431607.950, 100
Trd, 431608.000, 102
Trd, 431608.633, 98
Trd, 431608.800, 95
Trd, 431609.150, 93
Trd, 431609.383, 105
Trd, 431609.550, 106
Trd, 431613.667, 94
Trd, 431613.900, 93
Trd, 431614.033, 95
Trd, 431614.700, 97
Trd, 431615.400, 98
Trd, 431615.900, 105
Trd, 431616.267, 105
Trd, 431616.383, 99
Trd, 431616.583, 97
Trd, 431617.267, 106
Trd, 431617.900, 100
Trd, 431618.633, 99
Trd, 431618.800, 95
Trd, 431619.633, 97
Trd, 431619.667, 95
Trd, 431620.233, 97
Trd, 431620.900, 93
Trd, 431621.500, 95
Trd, 431621.900, 96
Trd, 431622.133, 98
Trd, 431622.900, 99
Trd, 431624.600, 106
Trd, 431625.267, 100
Trd, 431626.033, 104
Trd, 431626.783, 112
Trd, 431628.383, 107
Trd, 431629.483, 108
Trd, 431629.817, 104
Trd, 431630.017, 103
Trd, 431630.467, 101
Trd, 431631.267, 101
Trd, 431631.400, 100
Trd, 431631.450, 98
Trd, 431633.250, 98
Trd, 431633.383, 99
Trd, 431634.050, 96
Trd, 431634.233, 95
Trd, 431636.033, 102
Trd, 431637.183, 96
Trd, 431638.317, 93
Trd, 431639.817, 99
Trd, 431640.217, 97
Trd, 431641.017, 94
Trd, 431641.450, 95
Trd, 431641.633, 96
Trd, 431642.400, 97
Trd, 431643.117, 92
Trd, 431644.083, 97
Trd, 431644.867, 101
Trd, 431645.250, 98
Trd, 431645.267, 97
Trd, 431645.433, 99
Trd, 431646.067, 97
Trd, 431646.517, 101
Trd, 431647.300, 101
Trd, 431648.600, 102
Trd, 431648.700, 101
Trd, 431649.150, 103
Trd, 431649.583, 105
Trd, 431649.650, 101
Trd, 431651.617, 98
Trd, 431652.683, 96
Trd, 431653.150, 98
Trd, 431653.617, 104
Trd, 431654.867, 102
Trd, 431655.650, 100
Trd, 431656.767, 97
Trd, 431656.850, 99
Trd, 431657.217, 100
Trd, 431657.733, 105
Trd, 431659.600, 100
Trd, 431660.217, 100
Trd, 431661.833, 100
Trd, 431662.900, 99
Trd, 431663.350, 98
Trd, 431663.367, 98
Trd, 431663.667, 97
Trd, 431664.283, 96
Trd, 431664.450, 95
Trd, 431664.850, 95
Trd, 431665.150, 96
Trd, 431666.250, 97
Trd, 431666.583, 100
Trd, 431668.133, 103
Trd, 431668.250, 96
Trd, 431668.517, 95
Trd, 431669.867, 94
Trd, 431671.150, 89
Trd, 431671.350, 100
Trd, 431671.750, 98
Trd, 431672.233, 102
Trd, 431672.350, 102
Trd, 431675.367, 93
Trd, 431676.267, 93
Trd, 431676.283, 94
Trd, 431676.700, 95
Trd, 431676.800, 96
Trd, 431678.283, 98
Trd, 431679.683, 99
Trd, 431680.300, 96
Trd, 431680.483, 96
Trd, 431680.600, 95
Trd, 431680.667, 97
Trd, 431681.050, 96
Trd, 431681.617, 95
Trd, 431682.067, 92
Trd, 431682.467, 94
Trd, 431683.217, 90
Trd, 431684.717, 88
Trd, 431685.183, 90
Trd, 431685.400, 95
Trd, 431685.417, 107
Trd, 431686.350, 105
Trd, 431687.533, 103
Trd, 431688.017, 90
Trd, 431689.817, 95
Trd, 431690.083, 103
Trd, 431690.517, 94
Trd, 431691.683, 97
Trd, 431692.617, 97
Trd, 431692.800, 99
Trd, 431692.900, 104
Trd, 431693.983, 104
Trd, 431695.117, 105
Trd, 431695.467, 105
Trd, 431696.067, 104
Trd, 431696.417, 103
Trd, 431697.117, 104
Trd, 431697.400, 95
Trd, 431697.983, 101
Trd, 431699.233, 98
Trd, 431699.883, 113
Trd, 431700.933, 105
Trd, 431701.267, 104
Trd, 431701.717, 104
Trd, 431701.750, 105
Trd, 431702.200, 100
Trd, 431702.733, 98
Trd, 431703.483, 98
Trd, 431706.283, 100
Trd, 431706.567, 99
Trd, 431706.917, 95
Trd, 431707.217, 98
Trd, 431708.133, 90
Trd, 431708.317, 92
Trd, 431708.467, 93
Trd, 431708.817, 94
Trd, 431709.483, 96
Trd, 431710.233, 95
Trd, 431710.867, 94
Trd, 431711.750, 93
Trd, 431712.617, 92
Trd, 431712.983, 93
Trd, 431713.383, 94
Trd, 431713.833, 102
Trd, 431714.717, 96
Trd, 431714.967, 98
Trd, 431715.017, 105
Trd, 431717.117, 100
Trd, 431718.233, 100
Trd, 431718.867, 106
Trd, 431719.317, 114
Trd, 431719.467, 98
Trd, 431720.067, 115
Trd, 431721.067, 99
Trd, 431722.333, 97
Trd, 431723.133, 96
Trd, 431723.167, 95
Trd, 431724.417, 96
Trd, 431725.300, 97
Trd, 431726.383, 97
Trd, 431727.100, 101
Trd, 431728.083, 100
Trd, 431728.767, 100
Trd, 431729.033, 99
Trd, 431729.400, 101
Trd, 431730.333, 102
Trd, 431730.517, 98
Trd, 431731.133, 99
Trd, 431731.183, 105
Trd, 431731.400, 106
Trd, 431731.783, 99
Trd, 431731.950, 95
Trd, 431732.383, 105
Trd, 431733.183, 100
Trd, 431733.833, 104
Trd, 431734.767, 104
Trd, 431735.317, 103
Trd, 431736.033, 98
Trd, 431736.233, 100
Trd, 431736.883, 94
Trd, 431737.217, 91
Trd, 431737.250, 89
Trd, 431737.367, 92
Trd, 431738.933, 94
Trd, 431739.233, 97
Trd, 431740.367, 94
Trd, 431740.417, 97
Trd, 431741.267, 92
Trd, 431742.150, 106
Trd, 431743.483, 100
Trd, 431743.717, 99
Trd, 431744.383, 101
Trd, 431745.667, 100
Trd, 431745.933, 99
Trd, 431746.850, 101
Trd, 431747.567, 98
Trd, 431748.883, 96
Trd, 431749.150, 97
Trd, 431749.283, 95
Trd, 431749.383, 100
Trd, 431750.967, 97
Trd, 431751.533, 103
Trd, 431751.817, 89
Trd, 431752.067, 92
Trd, 431753.617, 91
Trd, 431754.150, 91
Trd, 431754.633, 99
Trd, 431757.250, 93
Trd, 431757.300, 91
Trd, 431757.667, 96
Trd, 431758.683, 92
Trd, 431758.933, 93
Trd, 431759.100, 95
Trd, 431760.683, 100
Trd, 431761.150, 102
Trd, 431762.217, 100
Trd, 431762.567, 103
Trd, 431763.083, 98
Trd, 431763.100, 97
Trd, 431764.367, 94
Trd, 431764.800, 92
Trd, 431765.050, 93
Trd, 431765.550, 94
Trd, 431766.883, 95
Trd, 431768.300, 95
Trd, 431768.533, 91
Trd, 431768.883, 93
Trd, 431769.183, 90
Trd, 431769.333, 94
Trd, 431769.450, 96
Trd, 431769.933, 90
Trd, 431771.817, 96
Trd, 431772.283, 95
Trd, 431772.450, 97
Trd, 431773.667, 98
Trd, 431773.800, 99
Trd, 431775.417, 105
Trd, 431775.983, 99
Trd, 431776.667, 104
Trd, 431777.417, 105
Trd, 431778.750, 106
Trd, 431779.333, 109
Trd, 431779.733, 115
Trd, 431779.867, 119
Trd, 431780.300, 106
Trd, 431780.317, 104
Trd, 431782.417, 100
Trd, 431782.833, 99
Trd, 431782.883, 98
Trd, 431783.450, 99
Trd, 431783.933, 114
Trd, 431784.550, 110
Trd, 431785.817, 108
Trd, 431786.450, 96
Trd, 431787.017, 97
Trd, 431787.567, 109
Trd, 431788.917, 106
Trd, 431790.017, 99
Trd, 431790.600, 97
Trd, 431791.583, 102
Trd, 431793.333, 96
Trd, 431794.050, 97
Trd, 431794.183, 95
Trd, 431795.100, 96
Trd, 431796.233, 95
Trd, 431796.433, 94
Trd, 431796.800, 93
Trd, 431797.217, 94
Trd, 431797.350, 95
Trd, 431797.700, 97
Trd, 431798.417, 97
Trd, 431798.633, 96
Trd, 431799.033, 98
Trd, 431799.183, 106
Trd, 431800.917, 98
Trd, 431801.083, 98
Trd, 431802.233, 102
Trd, 431802.433, 98
Trd, 431803.317, 93
Trd, 431803.767, 101
Trd, 431803.800, 93
Trd, 431803.900, 88
Trd, 431804.317, 102
Trd, 431804.583, 105
Trd, 431807.517, 98
Trd, 431808.183, 99
Trd, 431808.200, 106
Trd, 431808.917, 98
Trd, 431809.683, 108
Trd, 431811.633, 104
Trd, 431812.617, 102
Trd, 431812.850, 106
Trd, 431813.833, 101
Trd, 431813.900, 99
Trd, 431814.733, 95
Trd, 431815.383, 96
Trd, 431816.183, 96
Trd, 431816.333, 94
Trd, 431816.900, 97
Trd, 431817.067, 98
Trd, 431817.317, 95
Trd, 431818.800, 109
Trd, 431819.350, 109
Trd, 431821.067, 100
Trd, 431821.567, 103
Trd, 431822.733, 99
Trd, 431823.933, 98
Trd, 431823.967, 95
Trd, 431824.000, 99
Trd, 431824.133, 100
Trd, 431825.533, 101
Trd, 431826.217, 92
Trd, 431827.317, 91
Trd, 431827.467, 86
Trd, 431827.667, 90
Trd, 431828.017, 88
Trd, 431830.267, 91
Trd, 431831.133, 96
Trd, 431831.400, 98
Trd, 431831.833, 100
Trd, 431833.717, 99
Trd, 431833.967, 95
Trd, 431834.183, 96
Trd, 431835.333, 95
Trd, 431836.183, 94
Trd, 431836.383, 95
Trd, 431837.100, 93
Trd, 431837.383, 93
Trd, 431837.983, 94
Trd, 431838.017, 95
Trd, 431838.933, 95
Trd, 431839.000, 94
Trd, 431839.450, 97
Trd, 431840.867, 100
Trd, 431841.283, 104
Trd, 431842.700, 103
Trd, 431843.000, 100
Trd, 431843.683, 99
Trd, 431844.117, 98
Trd, 431845.117, 99
Trd, 431845.250, 98
Trd, 431845.550, 99
Trd, 431846.567, 95
Trd, 431846.667, 92
Trd, 431848.233, 95
Trd, 431848.800, 93
Trd, 431849.517, 91
Trd, 431850.683, 102
Trd, 431852.333, 95
Trd, 431852.417, 94
Trd, 431852.533, 96
Trd, 431852.800, 90
Trd, 431853.333, 94
Trd, 431854.250, 95
Trd, 431855.400, 96
Trd, 431855.733, 102
Trd, 431856.333, 96
Trd, 431857.483, 98
Trd, 431857.650, 96
Trd, 431858.350, 95
Trd, 431858.600, 94
Trd, 431858.667, 95
Trd, 431860.850, 99
Trd, 431861.000, 105
Trd, 431861.800, 101
Trd, 431862.150, 114
Trd, 431862.667, 90
Trd, 431863.533, 88
Trd, 431866.417, 98
Trd, 431866.500, 98
Trd, 431866.667, 99
Trd, 431867.550, 100
Trd, 431867.567, 98
Trd, 431868.217, 98
Trd, 431868.383, 97
Trd, 431868.583, 96
Trd, 431868.833, 95
Trd, 431869.133, 94
Trd, 431869.500, 95
Trd, 431870.350, 94
Trd, 431870.667, 103
Trd, 431871.433, 95
Trd, 431872.350, 95
Trd, 431873.683, 98
Trd, 431874.317, 97
Trd, 431875.117, 98
Trd, 431875.383, 100
Trd, 431875.817, 97
Trd, 431877.067, 98
Trd, 431877.383, 94
Trd, 431878.917, 102
Trd, 431879.417, 106
Trd, 431881.283, 99
Trd, 431881.517, 100
Trd, 431882.433, 100
Trd, 431882.467, 93
Trd, 431882.917, 102
Trd, 431883.600, 94
Trd, 431883.900, 92
Trd, 431885.733, 102
Trd, 431885.983, 93
Trd, 431886.533, 97
Trd, 431887.483, 96
Trd, 431888.000, 97
Trd, 431888.550, 103
Trd, 431888.633, 96
Trd, 431889.717, 98
Trd, 431889.867, 99
Trd, 431890.033, 96
Trd, 431892.150, 98
Trd, 431893.067, 96
Trd, 431894.417, 102
Trd, 431895.533, 95
Trd, 431896.000, 101
Trd, 431896.333, 98
Trd, 431896.367, 99
Trd, 431896.783, 105
Trd, 431897.117, 93
Trd, 431897.800, 93
Trd, 431898.200, 94
Trd, 431899.467, 98
Trd, 431901.517, 92
Trd, 431901.900, 92
Trd, 431902.367, 92
Trd, 431903.900, 94
Trd, 431903.950, 94
Trd, 431904.583, 101
Trd, 431905.050, 96
Trd, 431905.300, 103
Trd, 431905.367, 104
Trd, 431905.783, 95
Trd, 431906.700, 95
Trd, 431907.050, 92
Trd, 431907.300, 96
Trd, 431907.517, 106
Trd, 431908.650, 104
Trd, 431909.550, 97
Trd, 431909.567, 100
Trd, 431911.200, 91
Trd, 431912.600, 93
Trd, 431914.433, 91
Trd, 431914.650, 92
Trd, 431916.767, 94
Trd, 431917.183, 93
Trd, 431917.533, 98
Trd, 431917.700, 93
Trd, 431917.933, 98
Trd, 431917.967, 93
Trd, 431918.967, 94
Trd, 431920.533, 94
Trd, 431920.950, 95
Trd, 431921.033, 96
Trd, 431922.267, 95
Trd, 431922.417, 95
Trd, 431923.767, 95
Trd, 431924.350, 95
Trd, 431924.800, 94
Trd, 431925.683, 96
Trd, 431926.300, 98
Trd, 431926.750, 100
Trd, 431927.367, 98
Trd, 431927.467, 100
Trd, 431928.300, 101
Trd, 431928.533, 104
Trd, 431929.933, 102
Trd, 431930.400, 101
Trd, 431930.633, 98
Trd, 431931.200, 99
Trd, 431931.233, 106
Trd, 431933.617, 98
Trd, 431933.650, 101
Trd, 431933.783, 97
Trd, 431935.733, 103
Trd, 431936.767, 99
Trd, 431937.333, 95
Trd, 431938.267, 93
Trd, 431939.167, 91
Trd, 431939.900, 91
Trd, 431940.300, 92
Trd, 431940.417, 87
Trd, 431940.633, 104
Trd, 431941.017, 114
Trd, 431942.900, 96
Trd, 431943.683, 98
Trd, 431943.750, 97
Trd, 431944.717, 98
Trd, 431945.233, 104
Trd, 431946.000, 105
Trd, 431946.033, 96
Trd, 431946.050, 95
Trd, 431946.733, 95
Trd, 431947.633, 98
Trd, 431947.917, 97
Trd, 431949.300, 98
Trd, 431950.100, 91
Trd, 431950.150, 99
Trd, 431950.350, 90
Trd, 431950.650, 113
Trd, 431950.717, 115
Trd, 431952.333, 100
Trd, 431953.467, 92
Trd, 431953.567, 104
Trd, 431954.383, 102
Trd, 431954.900, 92
Trd, 431955.217, 93
Trd, 431956.600, 96
Trd, 431957.067, 97
Trd, 431957.250, 97
Trd, 431958.250, 96
Trd, 431958.333, 95
Trd, 431958.800, 98
Trd, 431959.317, 90
Trd, 431960.883, 98
Trd, 431961.633, 94
Trd, 431961.967, 87
Trd, 431962.817, 94
Trd, 431963.067, 94
Trd, 431963.667, 93
Trd, 431964.800, 91
Trd, 431965.233, 94
Trd, 431965.567, 94
Trd, 431966.517, 96
Trd, 431966.783, 95
Trd, 431967.150, 100
Trd, 431967.517, 106
Trd, 431967.733, 102
Trd, 431967.867, 95
Trd, 431968.950, 103
Trd, 431969.217, 104
Trd, 431970.833, 101
Trd, 431972.300, 109
Trd, 431973.050, 103
Trd, 431973.950, 104
Trd, 431974.083, 100
Trd, 431975.317, 100
Trd, 431975.450, 98
Trd, 431975.500, 97
Trd, 431975.583, 96
Trd, 431976.700, 95
Trd, 431976.733, 96
Trd, 431977.967, 97
Trd, 431979.567, 95
Trd, 431981.017, 95
Trd, 431982.233, 94
Trd, 431982.717, 93
Trd, 431983.150, 90
Trd, 431983.667, 92
Trd, 431983.733, 97
Trd, 431984.833, 92
Trd, 431985.267, 98
Trd, 431985.417, 98
Trd, 431985.917, 92
Trd, 431986.067, 90
Trd, 431987.517, 91
Trd, 431987.883, 93
Trd, 431988.017, 93
Trd, 431988.083, 100
Trd, 431988.250, 104
Trd, 431991.467, 99
Trd, 431992.317, 99
Trd, 431992.917, 98
Trd, 431993.200, 99
Trd, 431993.983, 98
Trd, 431994.900, 98
Trd, 431994.983, 90
Trd, 431996.600, 96
Trd, 431997.083, 96
Trd, 431997.183, 95
Trd, 431998.550, 96
Trd, 431998.600, 98
Trd, 431999.100, 101
Trd, 431999.467, 103
