Trd, 430683.417, 94
Trd, 430685.600, 102
Trd, 430685.967, 116
Trd, 430686.850, 110
Trd, 430686.967, 110
Trd, 430688.000, 106
Trd, 430688.250, 105
Trd, 430689.183, 102
Trd, 430689.233, 101
Trd, 430689.383, 96
Trd, 430689.833, 91
Trd, 430690.000, 103
Trd, 430690.400, 104
Trd, 430690.717, 90
Trd, 430692.350, 102
Trd, 430692.450, 95
Trd, 430692.550, 103
Trd, 430692.783, 93
Trd, 430694.233, 108
Trd, 430694.300, 109
Trd, 430694.433, 107
Trd, 430696.667, 105
Trd, 430697.917, 109
Trd, 430698.167, 108
Trd, 430698.467, 101
Trd, 430699.500, 101
Trd, 430699.583, 105
Trd, 430699.683, 106
Trd, 430699.900, 106
Trd, 430699.933, 100
Trd, 430700.283, 120
Trd, 430702.750, 99
Trd, 430703.000, 114
Trd, 430703.733, 98
Trd, 430704.967, 99
Trd, 430705.350, 98
Trd, 430706.117, 93
Trd, 430706.800, 94
Trd, 430707.433, 92
Trd, 430707.800, 100
Trd, 430707.817, 91
Trd, 430707.967, 90
Trd, 430708.250, 103
Trd, 430708.867, 85
Trd, 430710.067, 90
Trd, 430710.217, 93
Trd, 430710.767, 95
Trd, 430711.050, 101
Trd, 430711.217, 117
Trd, 430712.083, 120
Trd, 430713.050, 107
Trd, 430714.533, 109
Trd, 430714.767, 114
Trd, 430715.983, 109
Trd, 430716.417, 111
Trd, 430716.433, 106
Trd, 430717.117, 110
Trd, 430718.167, 104
Trd, 430718.467, 97
Trd, 430718.750, 93
Trd, 430720.750, 110
Trd, 430721.667, 113
Trd, 430721.700, 112
Trd, 430722.033, 111
Trd, 430722.783, 109
Trd, 430723.583, 105
Trd, 430724.033, 106
Trd, 430725.083, 107
Trd, 430725.733, 110
Trd, 430726.100, 111
Trd, 430726.600, 115
Trd, 430726.933, 107
Trd, 430727.783, 104
Trd, 430728.050, 114
Trd, 430728.300, 111
Trd, 430728.883, 97
Trd, 430729.650, 96
Trd, 430731.150, 106
Trd, 430731.400, 104
Trd, 430731.500, 104
Trd, 430731.683, 96
Trd, 430732.167, 102
Trd, 430732.383, 93
Trd, 430732.850, 103
Trd, 430733.083, 106
Trd, 430734.567, 114
Trd, 430735.017, 112
Trd, 430735.167, 104
Trd, 430735.550, 90
Trd, 430736.800, 112
Trd, 430738.217, 104
Trd, 430738.867, 99
Trd, 430739.283, 97
Trd, 430739.300, 87
Trd, 430741.283, 99
Trd, 430742.400, 96
Trd, 430742.950, 98
Trd, 430743.083, 95
Trd, 430743.283, 97
Trd, 430743.317, 98
Trd, 430743.933, 96
Trd, 430744.983, 93
Trd, 430745.083, 93
Trd, 430745.600, 89
Trd, 430745.717, 95
Trd, 430746.017, 95
Trd, 430746.750, 89
Trd, 430747.200, 86
Trd, 430747.633, 101
Trd, 430747.767, 103
Trd, 430747.917, 104
Trd, 430748.750, 106
Trd, 430748.817, 89
Trd, 430749.833, 104
Trd, 430752.083, 94
Trd, 430752.400, 111
Trd, 430754.217, 99
Trd, 430754.950, 100
Trd, 430756.133, 102
Trd, 430757.250, 113
Trd, 430757.450, 113
Trd, 430758.417, 112
Trd, 430758.617, 104
Trd, 430758.950, 97
Trd, 430759.267, 105
Trd, 430759.517, 96
Trd, 430761.150, 108
Trd, 430761.733, 106
Trd, 430762.100, 108
Trd, 430762.133, 111
Trd, 430762.517, 98
Trd, 430762.917, 120
Trd, 430763.650, 98
Trd, 430765.317, 98
Trd, 430766.017, 106
Trd, 430766.100, 92
Trd, 430766.500, 107
Trd, 430767.583, 91
Trd, 430768.033, 98
Trd, 430768.183, 101
Trd, 430768.833, 109
Trd, 430769.267, 110
Trd, 430769.933, 99
Trd, 430772.683, 108
Trd, 430772.783, 106
Trd, 430773.233, 105
Trd, 430773.367, 104
Trd, 430773.500, 111
Trd, 430774.000, 104
Trd, 430774.217, 113
Trd, 430775.300, 96
Trd, 430775.867, 115
Trd, 430776.400, 95
Trd, 430778.833, 101
Trd, 430779.467, 100
Trd, 430779.633, 101
Trd, 430780.650, 100
Trd, 430781.417, 99
Trd, 430781.833, 102
Trd, 430782.633, 103
Trd, 430783.300, 102
Trd, 430783.517, 101
Trd, 430783.950, 104
Trd, 430784.167, 107
Trd, 430784.633, 98
Trd, 430784.700, 93
Trd, 430786.067, 108
Trd, 430786.650, 98
Trd, 430787.450, 94
Trd, 430788.400, 95
Trd, 430788.417, 96
Trd, 430789.683, 99
Trd, 430790.783, 93
Trd, 430791.733, 104
Trd, 430791.783, 95
Trd, 430792.117, 94
Trd, 430792.433, 105
Trd, 430793.117, 106
Trd, 430793.833, 107
Trd, 430793.883, 92
Trd, 430794.000, 89
Trd, 430794.033, 85
Trd, 430795.417, 93
Trd, 430796.500, 93
Trd, 430796.517, 113
Trd, 430796.733, 89
Trd, 430799.150, 113
Trd, 430799.317, 112
Trd, 430799.717, 111
Trd, 430799.867, 111
Trd, 430800.883, 112
Trd, 430801.500, 114
Trd, 430801.617, 113
Trd, 430802.017, 110
Trd, 430802.383, 113
Trd, 430803.833, 108
Trd, 430804.433, 109
Trd, 430804.867, 106
Trd, 430805.483, 112
Trd, 430806.650, 110
Trd, 430807.050, 108
Trd, 430807.083, 105
Trd, 430807.283, 116
Trd, 430807.567, 104
Trd, 430808.233, 104
Trd, 430809.533, 98
Trd, 430810.383, 95
Trd, 430810.850, 107
Trd, 430810.900, 106
Trd, 430811.967, 105
Trd, 430812.100, 98
Trd, 430812.250, 96
Trd, 430813.350, 99
Trd, 430813.617, 101
Trd, 430813.950, 102
Trd, 430814.600, 101
Trd, 430814.867, 99
Trd, 430814.983, 104
Trd, 430815.067, 113
Trd, 430815.550, 98
Trd, 430816.317, 114
Trd, 430818.067, 97
Trd, 430818.650, 93
Trd, 430819.467, 97
Trd, 430819.733, 94
Trd, 430820.283, 90
Trd, 430821.233, 87
Trd, 430821.683, 99
Trd, 430822.617, 99
Trd, 430823.317, 95
Trd, 430823.567, 95
Trd, 430824.000, 100
Trd, 430824.900, 101
Trd, 430825.650, 99
Trd, 430826.650, 106
Trd, 430827.667, 109
Trd, 430828.200, 115
Trd, 430829.050, 107
Trd, 430830.083, 107
Trd, 430830.150, 106
Trd, 430830.517, 105
Trd, 430831.000, 99
Trd, 430831.017, 97
Trd, 430832.033, 96
Trd, 430832.200, 95
Trd, 430832.633, 99
Trd, 430833.200, 100
Trd, 430833.750, 98
Trd, 430833.783, 95
Trd, 430834.683, 100
Trd, 430835.233, 120
Trd, 430835.333, 110
Trd, 430836.133, 119
Trd, 430837.167, 108
Trd, 430837.300, 105
Trd, 430837.700, 99
Trd, 430839.250, 114
Trd, 430839.450, 102
Trd, 430840.533, 98
Trd, 430841.217, 106
Trd, 430841.450, 97
Trd, 430843.350, 102
Trd, 430843.633, 103
Trd, 430844.083, 106
Trd, 430844.183, 99
Trd, 430844.233, 93
Trd, 430844.317, 93
Trd, 430844.700, 90
Trd, 430844.933, 92
Trd, 430845.683, 95
Trd, 430846.333, 108
Trd, 430846.683, 116
Trd, 430848.067, 101
Trd, 430848.117, 103
Trd, 430848.950, 96
Trd, 430849.133, 94
Trd, 430849.433, 93
Trd, 430850.500, 95
Trd, 430850.800, 119
Trd, 430853.800, 109
Trd, 430854.900, 106
Trd, 430855.900, 106
Trd, 430856.817, 104
Trd, 430857.450, 100
Trd, 430858.033, 98
Trd, 430858.217, 105
Trd, 430858.600, 107
Trd, 430858.833, 100
Trd, 430858.983, 109
Trd, 430860.667, 102
Trd, 430861.300, 109
Trd, 430862.217, 112
Trd, 430863.450, 108
Trd, 430863.533, 104
Trd, 430864.117, 108
Trd, 430864.383, 106
Trd, 430864.583, 99
Trd, 430865.200, 108
Trd, 430865.600, 116
Trd, 430867.567, 90
Trd, 430867.783, 103
Trd, 430868.100, 104
Trd, 430869.817, 99
Trd, 430871.017, 102
Trd, 430871.433, 101
Trd, 430871.667, 100
Trd, 430871.867, 98
Trd, 430872.300, 103
Trd, 430872.450, 104
Trd, 430872.600, 108
Trd, 430872.750, 94
Trd, 430873.617, 94
Trd, 430873.717, 93
Trd, 430876.650, 113
Trd, 430877.833, 113
Trd, 430878.183, 116
Trd, 430878.967, 115
Trd, 430879.700, 114
Trd, 430879.933, 113
Trd, 430880.100, 109
Trd, 430880.250, 108
Trd, 430880.400, 106
Trd, 430881.750, 110
Trd, 430882.117, 100
Trd, 430882.333, 99
Trd, 430882.950, 98
Trd, 430882.967, 97
Trd, 430883.133, 105
Trd, 430884.683, 93
Trd, 430885.067, 100
Trd, 430886.017, 100
Trd, 430886.333, 101
Trd, 430886.483, 96
Trd, 430886.967, 93
Trd, 430887.000, 90
Trd, 430888.683, 107
Trd, 430889.967, 105
Trd, 430890.633, 108
Trd, 430891.817, 99
Trd, 430891.967, 98
Trd, 430892.733, 97
Trd, 430893.817, 97
Trd, 430894.350, 95
Trd, 430894.833, 96
Trd, 430895.433, 98
Trd, 430895.800, 99
Trd, 430896.017, 88
Trd, 430896.233, 103
Trd, 430896.417, 104
Trd, 430897.583, 91
Trd, 430898.400, 90
Trd, 430899.700, 106
Trd, 430899.833, 105
Trd, 430900.167, 116
Trd, 430900.550, 104
Trd, 430900.817, 98
Trd, 430900.917, 106
Trd, 430901.283, 90
Trd, 430902.517, 105
Trd, 430903.367, 94
Trd, 430903.533, 93
Trd, 430903.850, 105
Trd, 430905.217, 107
Trd, 430905.950, 107
Trd, 430905.967, 106
Trd, 430906.533, 96
Trd, 430906.950, 93
Trd, 430907.950, 94
Trd, 430908.050, 98
Trd, 430908.583, 103
Trd, 430910.917, 100
Trd, 430911.117, 97
Trd, 430911.133, 101
Trd, 430911.583, 102
Trd, 430912.533, 97
Trd, 430912.583, 94
Trd, 430912.883, 97
Trd, 430913.217, 90
Trd, 430913.800, 104
Trd, 430914.133, 107
Trd, 430916.200, 99
Trd, 430916.633, 100
Trd, 430916.683, 98
Trd, 430916.950, 102
Trd, 430917.033, 97
Trd, 430917.883, 103
Trd, 430917.900, 94
Trd, 430919.667, 95
Trd, 430920.217, 101
Trd, 430920.367, 93
Trd, 430920.783, 104
Trd, 430922.533, 92
Trd, 430922.983, 92
Trd, 430923.500, 112
Trd, 430924.500, 107
Trd, 430924.933, 105
Trd, 430925.550, 96
Trd, 430926.717, 108
Trd, 430927.400, 106
Trd, 430928.150, 94
Trd, 430928.483, 105
Trd, 430928.700, 105
Trd, 430929.083, 98
Trd, 430929.483, 95
Trd, 430929.717, 104
Trd, 430930.767, 105
Trd, 430932.467, 114
Trd, 430932.750, 110
Trd, 430933.083, 97
Trd, 430934.217, 94
Trd, 430934.400, 101
Trd, 430935.300, 94
Trd, 430936.467, 93
Trd, 430937.067, 97
Trd, 430937.217, 97
Trd, 430937.533, 100
Trd, 430938.117, 100
Trd, 430939.167, 94
Trd, 430939.183, 93
Trd, 430939.283, 90
Trd, 430941.217, 102
Trd, 430942.167, 104
Trd, 430942.833, 105
Trd, 430943.217, 105
Trd, 430943.667, 106
Trd, 430943.800, 104
Trd, 430943.817, 104
Trd, 430944.600, 106
Trd, 430944.883, 103
Trd, 430946.217, 98
Trd, 430946.717, 118
Trd, 430947.550, 106
Trd, 430948.733, 110
Trd, 430948.750, 109
Trd, 430948.883, 103
Trd, 430948.983, 96
Trd, 430950.233, 94
Trd, 430950.400, 93
Trd, 430951.917, 103
Trd, 430952.567, 102
Trd, 430952.750, 104
Trd, 430953.333, 96
Trd, 430955.217, 97
Trd, 430955.967, 97
Trd, 430956.467, 97
Trd, 430956.683, 97
Trd, 430957.483, 96
Trd, 430957.900, 96
Trd, 430958.317, 97
Trd, 430958.700, 96
Trd, 430959.467, 98
Trd, 430960.017, 100
Trd, 430960.933, 108
Trd, 430961.417, 100
Trd, 430961.483, 97
Trd, 430961.700, 93
Trd, 430962.033, 103
Trd, 430963.850, 115
Trd, 430964.433, 90
Trd, 430964.650, 87
Trd, 430965.317, 94
Trd, 430966.050, 86
Trd, 430966.450, 108
Trd, 430966.567, 79
Trd, 430968.633, 94
Trd, 430969.750, 96
Trd, 430969.833, 97
Trd, 430969.967, 97
Trd, 430970.017, 101
Trd, 430970.050, 115
Trd, 430970.067, 95
Trd, 430970.367, 94
Trd, 430972.283, 106
Trd, 430973.383, 115
Trd, 430973.683, 95
Trd, 430974.317, 96
Trd, 430974.667, 95
Trd, 430976.550, 99
Trd, 430976.983, 99
Trd, 430977.100, 98
Trd, 430978.150, 96
Trd, 430978.317, 93
Trd, 430978.950, 93
Trd, 430980.133, 95
Trd, 430980.233, 103
Trd, 430980.583, 102
Trd, 430982.133, 102
Trd, 430982.183, 98
Trd, 430982.433, 97
Trd, 430983.900, 102
Trd, 430984.217, 104
Trd, 430984.367, 107
Trd, 430984.583, 108
Trd, 430985.483, 106
Trd, 430987.817, 113
Trd, 430987.867, 111
Trd, 430988.217, 114
Trd, 430989.267, 113
Trd, 430989.617, 112
Trd, 430990.233, 112
Trd, 430990.317, 111
Trd, 430990.717, 111
Trd, 430992.200, 109
Trd, 430992.550, 106
Trd, 430992.700, 104
Trd, 430994.000, 98
Trd, 430995.367, 103
Trd, 430995.383, 95
Trd, 430995.950, 105
Trd, 430996.700, 107
Trd, 430996.733, 116
Trd, 430996.783, 93
Trd, 430997.000, 96
Trd, 430997.633, 108
Trd, 430998.950, 110
Trd, 430999.933, 111
Trd, 430999.950, 109
Trd, 431001.433, 109
Trd, 431001.867, 108
Trd, 431001.933, 106
Trd, 431002.483, 107
Trd, 431002.950, 105
Trd, 431003.350, 104
Trd, 431004.800, 98
Trd, 431005.183, 96
Trd, 431006.167, 100
Trd, 431006.800, 98
Trd, 431007.383, 99
Trd, 431007.833, 100
Trd, 431007.883, 97
Trd, 431008.350, 100
Trd, 431008.450, 105
Trd, 431009.083, 111
Trd, 431010.117, 115
Trd, 431010.267, 103
Trd, 431010.683, 98
Trd, 431011.467, 95
Trd, 431011.483, 90
Trd, 431013.917, 91
Trd, 431014.550, 109
Trd, 431015.183, 110
Trd, 431016.767, 115
Trd, 431016.950, 116
Trd, 431018.750, 116
Trd, 431019.617, 115
Trd, 431020.667, 106
Trd, 431021.100, 107
Trd, 431021.917, 94
Trd, 431021.983, 93
Trd, 431022.233, 92
Trd, 431022.617, 85
Trd, 431023.267, 97
Trd, 431023.667, 105
Trd, 431023.783, 84
Trd, 431024.700, 100
Trd, 431024.983, 89
Trd, 431025.050, 86
Trd, 431026.067, 88
Trd, 431026.100, 98
Trd, 431026.283, 98
Trd, 431027.567, 101
Trd, 431027.750, 89
Trd, 431029.000, 100
Trd, 431031.033, 99
Trd, 431031.883, 99
Trd, 431032.183, 106
Trd, 431032.600, 107
Trd, 431033.517, 101
Trd, 431034.117, 102
Trd, 431034.467, 108
Trd, 431035.233, 114
Trd, 431035.350, 106
Trd, 431036.483, 112
Trd, 431036.850, 108
Trd, 431036.883, 104
Trd, 431037.300, 108
Trd, 431037.400, 114
Trd, 431039.117, 110
Trd, 431039.683, 111
Trd, 431039.883, 110
Trd, 431041.083, 116
Trd, 431041.867, 105
Trd, 431042.867, 106
Trd, 431043.467, 109
Trd, 431044.717, 105
Trd, 431044.783, 100
Trd, 431044.950, 98
Trd, 431047.133, 101
Trd, 431047.167, 103
Trd, 431047.583, 101
Trd, 431047.800, 100
Trd, 431047.983, 99
Trd, 431048.067, 98
Trd, 431049.067, 101
Trd, 431049.150, 93
Trd, 431049.217, 102
Trd, 431050.133, 104
Trd, 431051.633, 97
Trd, 431052.017, 98
Trd, 431053.367, 101
Trd, 431053.683, 90
Trd, 431053.783, 103
Trd, 431054.067, 105
Trd, 431055.417, 88
Trd, 431055.767, 106
Trd, 431056.067, 114
Trd, 431056.783, 90
Trd, 431058.817, 112
Trd, 431059.150, 109
Trd, 431059.233, 108
Trd, 431060.150, 109
Trd, 431060.333, 98
Trd, 431060.983, 99
Trd, 431061.100, 96
Trd, 431061.433, 96
Trd, 431064.167, 96
Trd, 431064.333, 100
Trd, 431064.517, 96
Trd, 431064.550, 102
Trd, 431064.867, 102
Trd, 431066.200, 94
Trd, 431066.550, 95
Trd, 431066.717, 94
Trd, 431066.733, 91
Trd, 431066.867, 90
Trd, 431067.283, 99
Trd, 431067.617, 101
Trd, 431069.650, 98
Trd, 431070.567, 104
Trd, 431072.267, 114
Trd, 431072.433, 97
Trd, 431072.533, 102
Trd, 431074.200, 98
Trd, 431074.733, 106
Trd, 431074.767, 110
Trd, 431075.900, 105
Trd, 431076.767, 104
Trd, 431077.117, 105
Trd, 431077.433, 104
Trd, 431078.800, 110
Trd, 431079.017, 98
Trd, 431079.817, 112
Trd, 431080.000, 98
Trd, 431080.100, 92
Trd, 431081.017, 90
Trd, 431081.317, 85
Trd, 431082.717, 91
Trd, 431083.133, 91
Trd, 431083.700, 110
Trd, 431084.100, 110
Trd, 431084.517, 105
Trd, 431085.917, 98
Trd, 431088.100, 115
Trd, 431088.317, 114
Trd, 431088.783, 115
Trd, 431089.400, 113
Trd, 431089.783, 112
Trd, 431091.617, 105
Trd, 431091.700, 104
Trd, 431092.017, 89
Trd, 431092.300, 111
Trd, 431092.750, 87
Trd, 431094.267, 104
Trd, 431095.350, 104
Trd, 431095.433, 104
Trd, 431097.233, 106
Trd, 431097.783, 104
Trd, 431098.933, 93
Trd, 431100.383, 109
Trd, 431100.783, 118
Trd, 431102.167, 116
Trd, 431102.217, 115
Trd, 431102.233, 106
Trd, 431102.267, 105
Trd, 431102.317, 105
Trd, 431102.733, 116
Trd, 431103.467, 113
Trd, 431103.700, 113
Trd, 431103.783, 112
Trd, 431104.517, 109
Trd, 431105.217, 99
Trd, 431107.617, 102
Trd, 431107.850, 98
Trd, 431108.417, 104
Trd, 431108.517, 92
Trd, 431108.567, 105
Trd, 431109.017, 92
Trd, 431111.150, 101
Trd, 431111.717, 100
Trd, 431111.900, 101
Trd, 431112.100, 99
Trd, 431112.750, 103
Trd, 431113.617, 102
Trd, 431114.350, 115
Trd, 431114.683, 96
Trd, 431115.067, 102
Trd, 431115.400, 98
Trd, 431115.783, 92
Trd, 431116.367, 103
Trd, 431116.750, 104
Trd, 431116.900, 92
Trd, 431118.367, 103
Trd, 431119.467, 103
Trd, 431119.683, 104
Trd, 431119.967, 112
Trd, 431120.200, 105
Trd, 431120.517, 105
Trd, 431120.950, 114
Trd, 431122.233, 98
Trd, 431124.083, 97
Trd, 431124.167, 92
Trd, 431124.333, 115
Trd, 431124.783, 119
Trd, 431126.683, 117
Trd, 431126.733, 118
Trd, 431126.983, 117
Trd, 431128.450, 113
Trd, 431129.117, 111
Trd, 431129.217, 108
Trd, 431129.333, 104
Trd, 431129.917, 110
Trd, 431130.950, 93
Trd, 431131.250, 90
Trd, 431132.450, 103
Trd, 431133.150, 100
Trd, 431133.567, 98
Trd, 431133.583, 101
Trd, 431133.650, 104
Trd, 431134.350, 108
Trd, 431134.650, 102
Trd, 431135.033, 101
Trd, 431136.433, 112
Trd, 431136.667, 111
Trd, 431139.383, 109
Trd, 431139.833, 108
Trd, 431141.033, 106
Trd, 431141.167, 111
Trd, 431141.533, 104
Trd, 431142.450, 117
Trd, 431142.850, 114
Trd, 431143.433, 98
Trd, 431144.017, 106
Trd, 431144.400, 97
Trd, 431144.450, 99
Trd, 431144.933, 98
Trd, 431145.767, 99
Trd, 431146.583, 94
Trd, 431146.633, 93
Trd, 431146.733, 104
Trd, 431146.850, 120
Trd, 431146.900, 91
Trd, 431147.617, 90
Trd, 431147.917, 87
Trd, 431148.650, 91
Trd, 431150.500, 92
Trd, 431150.700, 83
Trd, 431151.133, 90
Trd, 431152.350, 99
Trd, 431152.433, 101
Trd, 431152.683, 106
Trd, 431154.383, 98
Trd, 431154.600, 100
Trd, 431155.450, 97
Trd, 431155.533, 93
Trd, 431155.833, 102
Trd, 431156.767, 114
Trd, 431159.200, 104
Trd, 431159.283, 106
Trd, 431159.550, 104
Trd, 431160.017, 102
Trd, 431160.383, 99
Trd, 431161.200, 101
Trd, 431162.067, 90
Trd, 431162.183, 103
Trd, 431162.750, 89
Trd, 431163.367, 87
Trd, 431163.983, 84
Trd, 431165.367, 87
Trd, 431165.583, 100
Trd, 431166.500, 103
Trd, 431166.633, 97
Trd, 431166.800, 104
Trd, 431168.317, 106
Trd, 431168.400, 106
Trd, 431168.517, 104
Trd, 431168.883, 91
Trd, 431169.833, 90
Trd, 431170.333, 82
Trd, 431171.150, 113
Trd, 431173.050, 95
Trd, 431173.083, 94
Trd, 431173.417, 97
Trd, 431173.967, 98
Trd, 431174.050, 94
Trd, 431174.367, 104
Trd, 431175.033, 115
Trd, 431175.817, 108
Trd, 431176.500, 107
Trd, 431177.367, 114
Trd, 431177.400, 107
Trd, 431177.617, 106
Trd, 431178.567, 101
Trd, 431179.017, 99
Trd, 431179.433, 99
Trd, 431180.067, 98
Trd, 431180.800, 99
Trd, 431180.900, 101
Trd, 431181.083, 104
Trd, 431182.533, 112
Trd, 431182.850, 105
Trd, 431183.733, 107
Trd, 431184.217, 104
Trd, 431185.617, 103
Trd, 431186.833, 95
Trd, 431186.967, 93
Trd, 431188.033, 90
Trd, 431188.100, 87
Trd, 431188.933, 86
Trd, 431189.933, 87
Trd, 431190.333, 92
Trd, 431190.767, 93
Trd, 431191.150, 83
Trd, 431192.967, 95
Trd, 431193.417, 98
Trd, 431193.600, 101
Trd, 431194.600, 93
Trd, 431195.483, 101
Trd, 431195.750, 93
Trd, 431196.450, 98
Trd, 431197.733, 97
Trd, 431197.950, 96
Trd, 431198.317, 104
Trd, 431198.700, 105
Trd, 431199.583, 108
Trd, 431201.100, 110
Trd, 431202.617, 112
Trd, 431202.750, 109
Trd, 431203.383, 114
Trd, 431203.400, 106
Trd, 431204.383, 108
Trd, 431205.217, 116
Trd, 431205.550, 109
Trd, 431205.633, 108
Trd, 431207.100, 110
Trd, 431207.583, 98
Trd, 431208.700, 106
Trd, 431209.583, 106
Trd, 431209.633, 110
Trd, 431210.150, 99
Trd, 431211.033, 98
Trd, 431211.867, 112
Trd, 431212.117, 93
Trd, 431212.400, 112
Trd, 431213.117, 109
Trd, 431214.333, 109
Trd, 431214.533, 108
Trd, 431216.267, 109
Trd, 431216.767, 100
Trd, 431216.983, 99
Trd, 431218.333, 109
Trd, 431219.117, 108
Trd, 431220.183, 107
Trd, 431220.500, 108
Trd, 431221.050, 107
Trd, 431221.700, 109
Trd, 431221.933, 108
Trd, 431222.667, 106
Trd, 431222.950, 90
Trd, 431223.650, 94
Trd, 431223.950, 104
Trd, 431224.450, 104
Trd, 431224.917, 99
Trd, 431225.150, 98
Trd, 431226.967, 99
Trd, 431227.167, 94
Trd, 431227.750, 98
Trd, 431228.350, 93
Trd, 431229.833, 97
Trd, 431229.967, 98
Trd, 431230.400, 96
Trd, 431231.000, 94
Trd, 431231.417, 98
Trd, 431231.917, 94
Trd, 431232.367, 92
Trd, 431233.633, 94
Trd, 431233.883, 102
Trd, 431234.533, 102
Trd, 431234.633, 103
Trd, 431235.133, 104
Trd, 431235.817, 106
Trd, 431236.350, 95
Trd, 431236.700, 93
Trd, 431238.417, 93
Trd, 431239.100, 94
Trd, 431239.533, 94
Trd, 431239.750, 96
Trd, 431240.050, 94
Trd, 431241.917, 98
Trd, 431242.367, 101
Trd, 431242.617, 97
Trd, 431243.650, 111
Trd, 431244.583, 111
Trd, 431245.367, 110
Trd, 431246.083, 104
Trd, 431247.433, 99
Trd, 431247.667, 99
Trd, 431248.633, 99
Trd, 431248.717, 103
Trd, 431249.867, 116
Trd, 431250.450, 119
Trd, 431250.983, 115
Trd, 431251.333, 115
Trd, 431251.500, 117
Trd, 431253.233, 116
Trd, 431253.733, 115
Trd, 431253.817, 112
Trd, 431253.917, 106
Trd, 431255.083, 115
Trd, 431255.683, 96
Trd, 431255.817, 95
Trd, 431255.933, 94
Trd, 431256.833, 105
Trd, 431257.233, 109
Trd, 431257.467, 114
Trd, 431258.283, 93
Trd, 431258.517, 94
Trd, 431258.883, 93
Trd, 431259.650, 102
Trd, 431260.550, 100
Trd, 431261.333, 95
Trd, 431261.400, 94
Trd, 431262.533, 98
Trd, 431263.167, 99
Trd, 431263.550, 98
Trd, 431264.283, 90
Trd, 431265.217, 104
Trd, 431265.583, 96
Trd, 431265.650, 106
Trd, 431266.217, 117
Trd, 431266.667, 87
Trd, 431267.200, 87
Trd, 431268.450, 113
Trd, 431268.833, 112
Trd, 431269.867, 96
Trd, 431269.983, 117
Trd, 431271.050, 116
Trd, 431271.367, 94
Trd, 431272.450, 94
Trd, 431272.550, 92
Trd, 431274.233, 102
Trd, 431274.983, 106
Trd, 431275.100, 105
Trd, 431275.167, 104
Trd, 431275.200, 98
Trd, 431276.333, 98
Trd, 431276.750, 91
Trd, 431277.017, 100
Trd, 431277.233, 101
Trd, 431278.217, 96
Trd, 431278.917, 109
Trd, 431278.967, 107
Trd, 431279.250, 117
Trd, 431279.400, 106
Trd, 431279.950, 109
Trd, 431280.183, 108
Trd, 431281.483, 107
Trd, 431282.000, 94
Trd, 431283.367, 93
Trd, 431284.783, 113
Trd, 431284.883, 111
Trd, 431286.333, 102
Trd, 431286.600, 107
Trd, 431287.283, 100
Trd, 431287.500, 98
Trd, 431287.800, 107
Trd, 431287.867, 109
Trd, 431288.517, 105
Trd, 431289.033, 104
Trd, 431289.283, 115
Trd, 431290.533, 116
Trd, 431291.617, 117
Trd, 431291.867, 115
Trd, 431292.183, 114
Trd, 431292.383, 111
Trd, 431293.333, 93
Trd, 431293.850, 95
Trd, 431295.550, 98
Trd, 431296.250, 104
Trd, 431297.300, 97
Trd, 431297.400, 93
Trd, 431297.667, 103
Trd, 431299.017, 103
Trd, 431299.150, 104
Trd, 431299.500, 98
Trd, 431299.667, 97
Trd, 431300.350, 101
Trd, 431300.683, 108
Trd, 431300.833, 102
Trd, 431301.033, 98
Trd, 431304.033, 95
Trd, 431304.067, 104
Trd, 431305.600, 98
Trd, 431305.717, 94
Trd, 431306.517, 98
Trd, 431306.633, 99
Trd, 431307.117, 104
Trd, 431307.450, 93
Trd, 431307.800, 92
Trd, 431308.267, 91
Trd, 431308.733, 90
Trd, 431309.000, 99
Trd, 431309.367, 98
Trd, 431310.067, 100
Trd, 431310.133, 101
Trd, 431310.233, 88
Trd, 431311.167, 119
Trd, 431312.233, 114
Trd, 431313.817, 103
Trd, 431314.833, 105
Trd, 431315.117, 98
Trd, 431315.133, 95
Trd, 431316.717, 96
Trd, 431316.883, 98
Trd, 431317.633, 104
Trd, 431318.117, 101
Trd, 431318.217, 97
Trd, 431318.567, 104
Trd, 431319.083, 94
Trd, 431319.483, 93
Trd, 431321.233, 111
Trd, 431321.367, 95
Trd, 431321.550, 113
Trd, 431321.817, 95
Trd, 431323.533, 112
Trd, 431324.317, 101
Trd, 431325.617, 102
Trd, 431326.067, 109
Trd, 431326.617, 102
Trd, 431327.233, 100
Trd, 431328.183, 93
Trd, 431328.433, 108
Trd, 431328.767, 91
Trd, 431329.033, 102
Trd, 431330.050, 107
Trd, 431330.517, 108
Trd, 431331.450, 98
Trd, 431332.933, 106
Trd, 431335.100, 103
Trd, 431335.283, 104
Trd, 431335.367, 103
Trd, 431335.567, 104
Trd, 431335.750, 103
Trd, 431335.800, 97
Trd, 431336.233, 96
Trd, 431336.417, 104
Trd, 431336.717, 104
Trd, 431337.167, 105
Trd, 431338.300, 115
Trd, 431339.383, 116
Trd, 431339.567, 116
Trd, 431340.450, 115
Trd, 431340.717, 108
Trd, 431340.933, 98
Trd, 431341.733, 92
Trd, 431341.800, 114
Trd, 431343.583, 110
Trd, 431343.933, 91
Trd, 431345.017, 94
Trd, 431345.400, 93
Trd, 431345.450, 90
Trd, 431347.150, 92
Trd, 431348.683, 98
Trd, 431348.767, 101
Trd, 431349.800, 96
Trd, 431349.967, 95
Trd, 431350.117, 102
Trd, 431350.217, 103
Trd, 431351.417, 97
Trd, 431351.733, 92
Trd, 431351.950, 104
Trd, 431352.050, 92
Trd, 431353.500, 104
Trd, 431353.533, 90
Trd, 431354.283, 106
Trd, 431354.700, 102
Trd, 431355.017, 92
Trd, 431356.067, 91
Trd, 431356.817, 110
Trd, 431356.833, 112
Trd, 431356.900, 90
Trd, 431357.900, 119
Trd, 431359.333, 113
Trd, 431360.667, 113
Trd, 431360.983, 113
Trd, 431361.167, 112
Trd, 431361.700, 115
Trd, 431362.517, 115
Trd, 431362.750, 106
Trd, 431364.450, 113
Trd, 431364.900, 110
Trd, 431365.183, 109
Trd, 431365.500, 109
Trd, 431365.883, 108
Trd, 431366.550, 104
Trd, 431366.850, 98
Trd, 431367.067, 94
Trd, 431367.483, 93
Trd, 431369.100, 103
Trd, 431369.633, 98
Trd, 431369.767, 95
Trd, 431369.867, 90
Trd, 431370.983, 101
Trd, 431371.000, 88
Trd, 431371.967, 110
Trd, 431372.700, 95
Trd, 431372.833, 98
Trd, 431373.783, 98
Trd, 431374.083, 104
Trd, 431375.150, 97
Trd, 431375.633, 98
Trd, 431376.267, 104
Trd, 431376.500, 106
Trd, 431377.883, 108
Trd, 431378.100, 109
Trd, 431378.250, 104
Trd, 431378.617, 103
Trd, 431378.767, 102
Trd, 431378.900, 113
Trd, 431379.233, 101
Trd, 431379.317, 98
Trd, 431381.133, 109
Trd, 431381.900, 106
Trd, 431382.200, 105
Trd, 431383.183, 93
Trd, 431385.217, 101
Trd, 431385.667, 96
Trd, 431386.617, 103
Trd, 431387.183, 96
Trd, 431387.817, 93
Trd, 431388.300, 108
Trd, 431388.483, 91
Trd, 431390.250, 97
Trd, 431390.383, 90
Trd, 431390.700, 109
Trd, 431392.000, 107
Trd, 431392.067, 106
Trd, 431392.233, 107
Trd, 431392.683, 109
Trd, 431392.817, 96
Trd, 431393.217, 95
Trd, 431394.583, 101
Trd, 431395.317, 101
Trd, 431395.583, 97
Trd, 431395.817, 107
Trd, 431396.783, 94
Trd, 431396.800, 117
Trd, 431397.233, 120
Trd, 431397.333, 119
Trd, 431397.867, 107
Trd, 431399.700, 106
Trd, 431400.167, 105
Trd, 431400.267, 104
Trd, 431401.450, 101
Trd, 431401.567, 102
Trd, 431402.500, 104
Trd, 431402.783, 96
Trd, 431402.833, 95
Trd, 431402.850, 93
Trd, 431403.433, 101
Trd, 431404.733, 91
Trd, 431406.783, 98
Trd, 431408.133, 101
Trd, 431408.533, 101
Trd, 431408.850, 102
Trd, 431409.183, 106
Trd, 431409.533, 107
Trd, 431409.600, 100
Trd, 431409.933, 99
Trd, 431410.250, 98
Trd, 431410.483, 97
Trd, 431410.600, 107
Trd, 431412.450, 107
Trd, 431413.683, 93
Trd, 431414.067, 91
Trd, 431414.617, 102
Trd, 431414.883, 90
Trd, 431416.317, 103
Trd, 431416.433, 90
Trd, 431417.267, 104
Trd, 431419.300, 116
Trd, 431420.183, 114
Trd, 431421.100, 113
Trd, 431421.283, 112
Trd, 431422.167, 104
Trd, 431422.200, 96
Trd, 431422.267, 93
Trd, 431423.283, 93
Trd, 431424.100, 100
Trd, 431424.350, 102
Trd, 431424.583, 101
Trd, 431424.850, 102
Trd, 431424.917, 98
Trd, 431426.017, 96
Trd, 431428.050, 102
Trd, 431428.167, 102
Trd, 431428.367, 100
Trd, 431430.133, 99
Trd, 431430.167, 100
Trd, 431431.050, 98
Trd, 431431.517, 101
Trd, 431432.800, 105
Trd, 431432.817, 107
Trd, 431433.133, 108
Trd, 431433.717, 101
Trd, 431434.383, 99
Trd, 431434.667, 98
Trd, 431436.033, 93
Trd, 431436.050, 112
Trd, 431436.733, 98
Trd, 431437.350, 113
Trd, 431437.450, 112
Trd, 431437.483, 92
Trd, 431438.067, 115
Trd, 431438.550, 120
Trd, 431438.817, 93
Trd, 431439.517, 119
Trd, 431440.083, 105
Trd, 431440.467, 93
Trd, 431441.050, 101
Trd, 431442.250, 99
Trd, 431442.333, 97
Trd, 431442.717, 93
Trd, 431445.017, 114
Trd, 431445.950, 93
Trd, 431446.467, 105
Trd, 431446.617, 92
Trd, 431447.650, 103
Trd, 431448.400, 98
Trd, 431448.833, 100
Trd, 431449.467, 100
Trd, 431449.933, 101
Trd, 431450.417, 100
Trd, 431450.500, 102
Trd, 431451.483, 104
Trd, 431451.983, 101
Trd, 431452.867, 102
Trd, 431453.050, 101
Trd, 431454.667, 98
Trd, 431454.700, 104
Trd, 431455.750, 104
Trd, 431457.600, 101
Trd, 431457.867, 100
Trd, 431457.967, 96
Trd, 431458.250, 98
Trd, 431458.317, 106
Trd, 431458.983, 95
Trd, 431459.383, 108
Trd, 431460.850, 90
Trd, 431461.800, 110
Trd, 431462.483, 106
Trd, 431464.250, 115
Trd, 431465.533, 110
Trd, 431466.017, 114
Trd, 431467.117, 111
Trd, 431467.867, 110
Trd, 431468.100, 111
Trd, 431468.283, 109
Trd, 431468.367, 114
Trd, 431468.717, 106
Trd, 431468.733, 106
Trd, 431469.933, 109
Trd, 431470.400, 106
Trd, 431471.467, 108
Trd, 431471.783, 106
Trd, 431471.983, 109
Trd, 431472.100, 104
Trd, 431473.367, 103
Trd, 431474.383, 106
Trd, 431474.967, 103
Trd, 431475.350, 104
Trd, 431475.500, 105
Trd, 431476.400, 104
Trd, 431477.167, 113
Trd, 431477.483, 114
Trd, 431477.967, 105
Trd, 431478.533, 115
Trd, 431479.150, 105
Trd, 431479.300, 105
Trd, 431480.200, 112
Trd, 431481.717, 110
Trd, 431482.517, 108
Trd, 431482.667, 98
Trd, 431483.300, 93
Trd, 431484.000, 95
Trd, 431485.133, 93
Trd, 431486.067, 90
Trd, 431486.183, 101
Trd, 431486.567, 101
Trd, 431486.883, 89
Trd, 431487.033, 89
Trd, 431487.183, 88
Trd, 431487.717, 94
Trd, 431488.017, 102
Trd, 431488.317, 91
Trd, 431489.467, 104
Trd, 431490.033, 106
Trd, 431490.933, 104
Trd, 431491.350, 104
Trd, 431492.550, 98
Trd, 431493.550, 104
Trd, 431494.583, 102
Trd, 431495.200, 103
Trd, 431495.283, 104
Trd, 431495.683, 96
Trd, 431495.767, 93
Trd, 431496.650, 105
Trd, 431496.883, 106
Trd, 431499.350, 96
Trd, 431499.800, 100
Trd, 431502.133, 96
Trd, 431502.467, 102
Trd, 431502.500, 95
Trd, 431503.767, 95
Trd, 431504.133, 94
Trd, 431504.450, 98
Trd, 431504.767, 101
Trd, 431505.900, 101
Trd, 431505.950, 98
Trd, 431506.217, 102
Trd, 431507.683, 96
Trd, 431507.817, 98
Trd, 431508.250, 105
Trd, 431509.000, 98
Trd, 431509.850, 97
Trd, 431510.033, 96
Trd, 431510.217, 95
Trd, 431510.617, 105
Trd, 431510.683, 93
Trd, 431511.200, 107
Trd, 431511.967, 105
Trd, 431513.183, 106
Trd, 431514.000, 93
Trd, 431515.317, 106
Trd, 431515.617, 105
Trd, 431515.933, 105
Trd, 431516.417, 104
Trd, 431516.433, 103
Trd, 431519.383, 100
Trd, 431520.017, 101
Trd, 431520.633, 100
Trd, 431521.467, 101
Trd, 431521.883, 102
Trd, 431521.967, 100
Trd, 431522.000, 101
Trd, 431522.967, 100
Trd, 431523.100, 101
Trd, 431523.317, 98
Trd, 431523.533, 97
Trd, 431523.650, 104
Trd, 431523.700, 106
Trd, 431524.083, 96
Trd, 431527.067, 109
Trd, 431527.217, 96
Trd, 431527.933, 116
Trd, 431528.400, 116
Trd, 431528.517, 115
Trd, 431530.400, 105
Trd, 431531.233, 106
Trd, 431533.100, 109
Trd, 431533.450, 104
Trd, 431533.583, 116
Trd, 431534.017, 117
Trd, 431534.483, 96
Trd, 431534.550, 93
Trd, 431535.417, 112
Trd, 431536.900, 109
Trd, 431536.933, 108
Trd, 431537.217, 114
Trd, 431537.567, 106
Trd, 431537.783, 97
Trd, 431538.017, 112
Trd, 431539.250, 93
Trd, 431539.367, 104
Trd, 431540.200, 110
Trd, 431541.967, 92
Trd, 431542.283, 104
Trd, 431543.283, 96
Trd, 431543.583, 93
Trd, 431544.217, 101
Trd, 431545.250, 100
Trd, 431545.717, 99
Trd, 431545.883, 102
Trd, 431546.500, 104
Trd, 431546.767, 109
Trd, 431546.817, 97
Trd, 431547.700, 99
Trd, 431548.433, 98
Trd, 431548.600, 97
Trd, 431549.167, 117
Trd, 431550.700, 94
Trd, 431550.817, 101
Trd, 431551.117, 94
Trd, 431551.233, 100
Trd, 431552.700, 99
Trd, 431553.467, 103
Trd, 431553.550, 98
Trd, 431553.700, 104
Trd, 431555.917, 105
Trd, 431556.833, 110
Trd, 431557.233, 104
Trd, 431557.550, 93
Trd, 431558.383, 111
Trd, 431558.483, 90
Trd, 431558.800, 112
Trd, 431559.267, 88
Trd, 431560.717, 112
Trd, 431561.083, 104
Trd, 431561.767, 109
Trd, 431562.283, 106
Trd, 431562.517, 105
Trd, 431563.083, 99
Trd, 431563.800, 101
Trd, 431565.083, 101
Trd, 431565.133, 102
Trd, 431565.600, 104
Trd, 431565.850, 104
Trd, 431566.650, 99
Trd, 431566.700, 102
Trd, 431567.183, 98
Trd, 431567.633, 108
Trd, 431568.283, 90
Trd, 431568.367, 106
Trd, 431570.783, 89
Trd, 431571.083, 89
Trd, 431571.633, 109
Trd, 431573.050, 105
Trd, 431573.083, 93
Trd, 431573.817, 108
Trd, 431573.967, 90
Trd, 431574.933, 117
Trd, 431575.633, 111
Trd, 431576.150, 112
Trd, 431576.450, 111
Trd, 431577.133, 98
Trd, 431577.400, 96
Trd, 431579.067, 112
Trd, 431579.300, 113
Trd, 431579.833, 115
Trd, 431580.133, 113
Trd, 431580.900, 109
Trd, 431582.300, 108
Trd, 431582.400, 106
Trd, 431582.900, 104
Trd, 431583.700, 99
Trd, 431584.233, 106
Trd, 431584.517, 102
Trd, 431585.050, 105
Trd, 431585.283, 106
Trd, 431586.617, 109
Trd, 431587.967, 113
Trd, 431588.300, 116
Trd, 431589.067, 116
Trd, 431589.100, 115
Trd, 431590.367, 118
Trd, 431592.017, 119
Trd, 431592.467, 119
Trd, 431592.500, 112
Trd, 431592.600, 104
Trd, 431593.300, 109
Trd, 431595.717, 106
Trd, 431595.833, 111
Trd, 431596.500, 110
Trd, 431596.750, 101
Trd, 431597.150, 97
Trd, 431597.600, 98
Trd, 431598.567, 95
Trd, 431598.750, 104
Trd, 431599.567, 105
Trd, 431599.717, 105
Trd, 431599.867, 101
Trd, 431600.317, 93
Trd, 431601.283, 91
Trd, 431601.900, 104
Trd, 431603.300, 94
Trd, 431603.467, 99
Trd, 431603.717, 101
Trd, 431604.600, 102
Trd, 431604.917, 100
Trd, 431606.333, 101
Trd, 431606.667, 99
Trd, 431608.150, 98
Trd, 431608.450, 95
Trd, 431609.433, 99
Trd, 431609.900, 93
Trd, 431610.400, 100
Trd, 431611.133, 100
Trd, 431611.483, 101
Trd, 431611.550, 104
Trd, 431611.717, 99
Trd, 431612.633, 105
Trd, 431612.717, 98
Trd, 431614.733, 104
Trd, 431614.867, 111
Trd, 431615.850, 112
Trd, 431616.417, 108
Trd, 431617.550, 107
Trd, 431618.167, 107
Trd, 431618.233, 106
Trd, 431618.733, 98
Trd, 431619.833, 103
Trd, 431619.850, 90
Trd, 431620.550, 102
Trd, 431621.017, 103
Trd, 431622.200, 101
Trd, 431622.683, 96
Trd, 431624.383, 99
Trd, 431624.967, 98
Trd, 431626.133, 101
Trd, 431626.417, 104
Trd, 431626.533, 98
Trd, 431626.667, 100
Trd, 431627.200, 99
Trd, 431627.800, 106
Trd, 431628.467, 101
Trd, 431629.467, 106
Trd, 431630.067, 115
Trd, 431630.617, 114
Trd, 431630.850, 119
Trd, 431632.317, 112
Trd, 431633.300, 104
Trd, 431633.667, 97
Trd, 431634.283, 105
Trd, 431635.133, 98
Trd, 431636.250, 99
Trd, 431636.517, 97
Trd, 431636.550, 99
Trd, 431638.083, 96
Trd, 431638.133, 101
Trd, 431638.233, 102
Trd, 431638.783, 102
Trd, 431639.783, 103
Trd, 431639.983, 103
Trd, 431640.667, 93
Trd, 431641.033, 93
Trd, 431642.067, 93
Trd, 431642.300, 90
Trd, 431642.550, 90
Trd, 431643.283, 94
Trd, 431643.367, 100
Trd, 431644.283, 100
Trd, 431644.367, 96
Trd, 431646.717, 98
Trd, 431646.900, 92
Trd, 431647.833, 91
Trd, 431647.917, 90
Trd, 431648.367, 98
Trd, 431648.583, 85
Trd, 431650.433, 104
Trd, 431650.683, 96
Trd, 431651.200, 90
Trd, 431652.683, 105
Trd, 431652.783, 106
Trd, 431653.650, 109
Trd, 431653.717, 108
Trd, 431653.750, 91
Trd, 431654.150, 120
Trd, 431654.683, 91
Trd, 431656.583, 98
Trd, 431657.717, 105
Trd, 431657.783, 89
Trd, 431658.517, 100
Trd, 431658.800, 105
Trd, 431658.967, 101
Trd, 431660.417, 113
Trd, 431660.950, 113
Trd, 431660.967, 108
Trd, 431662.600, 106
Trd, 431662.800, 98
Trd, 431662.817, 96
Trd, 431663.883, 95
Trd, 431664.050, 93
Trd, 431664.917, 101
Trd, 431665.033, 102
Trd, 431666.333, 103
Trd, 431667.217, 103
Trd, 431667.467, 99
Trd, 431667.550, 98
Trd, 431668.767, 97
Trd, 431670.417, 105
Trd, 431670.783, 98
Trd, 431670.867, 106
Trd, 431671.083, 97
Trd, 431671.583, 90
Trd, 431672.083, 90
Trd, 431673.567, 88
Trd, 431673.883, 87
Trd, 431674.333, 85
Trd, 431674.950, 112
Trd, 431676.183, 102
Trd, 431676.383, 101
Trd, 431676.983, 101
Trd, 431677.150, 103
Trd, 431677.250, 106
Trd, 431678.000, 102
Trd, 431678.083, 101
Trd, 431678.767, 101
Trd, 431679.250, 116
Trd, 431679.483, 98
Trd, 431679.683, 93
Trd, 431680.817, 109
Trd, 431681.150, 110
Trd, 431681.650, 94
Trd, 431683.700, 95
Trd, 431684.533, 100
Trd, 431684.650, 102
Trd, 431685.867, 101
Trd, 431686.300, 98
Trd, 431687.333, 101
Trd, 431687.483, 101
Trd, 431688.633, 100
Trd, 431689.850, 96
Trd, 431690.250, 91
Trd, 431690.800, 104
Trd, 431691.067, 106
Trd, 431691.733, 90
Trd, 431692.067, 109
Trd, 431693.633, 94
Trd, 431693.983, 116
Trd, 431694.233, 116
Trd, 431694.467, 105
Trd, 431695.133, 98
Trd, 431695.317, 98
Trd, 431697.883, 98
Trd, 431698.067, 100
Trd, 431698.650, 100
Trd, 431699.250, 103
Trd, 431700.033, 102
Trd, 431700.050, 101
Trd, 431701.117, 104
Trd, 431702.383, 108
Trd, 431703.867, 110
Trd, 431704.317, 112
Trd, 431704.650, 109
Trd, 431704.817, 104
Trd, 431704.933, 96
Trd, 431705.017, 117
Trd, 431705.733, 92
Trd, 431705.817, 113
Trd, 431706.100, 105
Trd, 431706.733, 114
Trd, 431707.000, 110
Trd, 431707.200, 90
Trd, 431708.283, 92
Trd, 431709.133, 101
Trd, 431710.300, 102
Trd, 431710.750, 103
Trd, 431710.900, 104
Trd, 431710.983, 112
Trd, 431712.883, 105
Trd, 431713.317, 103
Trd, 431713.683, 103
Trd, 431713.983, 102
Trd, 431715.200, 101
Trd, 431715.550, 103
Trd, 431715.950, 100
Trd, 431716.483, 99
Trd, 431718.450, 110
Trd, 431719.083, 110
Trd, 431719.133, 111
Trd, 431719.283, 98
Trd, 431719.967, 95
Trd, 431720.400, 93
Trd, 431723.267, 98
Trd, 431723.333, 95
Trd, 431723.400, 99
Trd, 431723.767, 101
Trd, 431724.967, 104
Trd, 431724.983, 101
Trd, 431725.117, 104
Trd, 431725.367, 106
Trd, 431726.300, 106
Trd, 431726.450, 108
Trd, 431726.467, 114
Trd, 431726.700, 106
Trd, 431727.267, 105
Trd, 431729.183, 99
Trd, 431729.217, 98
Trd, 431730.767, 107
Trd, 431731.167, 115
Trd, 431732.350, 106
Trd, 431732.450, 107
Trd, 431733.750, 100
Trd, 431733.983, 98
Trd, 431734.117, 95
Trd, 431734.250, 100
Trd, 431734.983, 93
Trd, 431735.333, 92
Trd, 431736.317, 94
Trd, 431736.350, 97
Trd, 431737.050, 96
Trd, 431738.217, 98
Trd, 431738.617, 93
Trd, 431738.633, 90
Trd, 431739.217, 103
Trd, 431739.400, 89
Trd, 431740.967, 110
Trd, 431741.633, 110
Trd, 431742.233, 111
Trd, 431742.450, 111
Trd, 431742.467, 110
Trd, 431743.117, 108
Trd, 431743.900, 105
Trd, 431744.050, 108
Trd, 431745.083, 107
Trd, 431745.267, 105
Trd, 431745.733, 105
Trd, 431745.817, 111
Trd, 431746.117, 99
Trd, 431746.983, 114
Trd, 431747.117, 98
Trd, 431747.750, 116
Trd, 431748.133, 96
Trd, 431748.167, 95
Trd, 431749.533, 95
Trd, 431750.850, 119
Trd, 431751.283, 108
Trd, 431753.433, 117
Trd, 431753.583, 115
Trd, 431754.083, 114
Trd, 431755.400, 115
Trd, 431755.533, 114
Trd, 431756.450, 113
Trd, 431756.550, 112
Trd, 431757.067, 105
Trd, 431758.017, 115
Trd, 431758.717, 108
Trd, 431759.083, 112
Trd, 431760.217, 106
Trd, 431760.867, 112
Trd, 431761.833, 112
Trd, 431762.167, 108
Trd, 431762.350, 106
Trd, 431762.400, 97
Trd, 431762.767, 106
Trd, 431763.433, 100
Trd, 431764.433, 99
Trd, 431765.433, 98
Trd, 431766.100, 94
Trd, 431767.067, 93
Trd, 431768.267, 94
Trd, 431768.417, 95
Trd, 431768.567, 97
Trd, 431768.783, 90
Trd, 431769.717, 90
Trd, 431770.183, 101
Trd, 431770.200, 104
Trd, 431770.567, 87
Trd, 431771.633, 106
Trd, 431772.267, 104
Trd, 431773.150, 109
Trd, 431773.833, 110
Trd, 431773.950, 110
Trd, 431774.350, 118
Trd, 431776.367, 95
Trd, 431776.583, 93
Trd, 431777.817, 103
Trd, 431778.383, 104
Trd, 431779.400, 104
Trd, 431779.767, 106
Trd, 431779.933, 101
Trd, 431780.300, 98
Trd, 431780.517, 110
Trd, 431782.517, 96
Trd, 431782.633, 94
Trd, 431783.500, 104
Trd, 431783.850, 90
Trd, 431783.917, 107
Trd, 431784.150, 107
Trd, 431784.400, 88
Trd, 431786.533, 100
Trd, 431787.000, 94
Trd, 431787.317, 93
Trd, 431789.300, 92
Trd, 431790.367, 95
Trd, 431790.850, 94
Trd, 431791.167, 97
Trd, 431791.700, 96
Trd, 431791.867, 95
Trd, 431792.433, 96
Trd, 431793.017, 90
Trd, 431793.350, 98
Trd, 431793.850, 90
Trd, 431794.850, 91
Trd, 431795.283, 104
Trd, 431796.067, 90
Trd, 431796.533, 88
Trd, 431796.783, 98
Trd, 431797.433, 98
Trd, 431797.517, 99
Trd, 431799.950, 94
Trd, 431800.617, 93
Trd, 431800.733, 91
Trd, 431801.167, 101
Trd, 431801.350, 105
Trd, 431802.333, 105
Trd, 431803.217, 116
Trd, 431803.317, 115
Trd, 431803.783, 95
Trd, 431805.067, 99
Trd, 431805.267, 99
Trd, 431805.767, 104
Trd, 431806.400, 98
Trd, 431806.533, 104
Trd, 431806.550, 105
Trd, 431807.417, 92
Trd, 431807.983, 106
Trd, 431808.400, 91
Trd, 431810.800, 96
Trd, 431811.367, 91
Trd, 431811.633, 93
Trd, 431811.650, 96
Trd, 431811.717, 90
Trd, 431812.433, 101
Trd, 431812.500, 87
Trd, 431812.550, 82
Trd, 431814.633, 97
Trd, 431814.783, 96
Trd, 431814.967, 97
Trd, 431815.183, 100
Trd, 431816.300, 102
Trd, 431816.650, 104
Trd, 431817.717, 104
Trd, 431818.150, 106
Trd, 431819.583, 116
Trd, 431820.250, 114
Trd, 431820.717, 115
Trd, 431821.367, 118
Trd, 431821.467, 114
Trd, 431822.283, 112
Trd, 431823.000, 116
Trd, 431823.767, 111
Trd, 431824.517, 111
Trd, 431824.567, 105
Trd, 431824.833, 115
Trd, 431825.000, 98
Trd, 431825.817, 97
Trd, 431826.350, 113
Trd, 431826.417, 96
Trd, 431828.067, 108
Trd, 431828.650, 96
Trd, 431828.900, 105
Trd, 431829.533, 106
Trd, 431829.717, 95
Trd, 431831.550, 114
Trd, 431832.233, 108
Trd, 431833.300, 97
Trd, 431834.150, 96
Trd, 431834.883, 108
Trd, 431835.000, 97
Trd, 431835.317, 106
Trd, 431836.000, 98
Trd, 431836.750, 100
Trd, 431837.133, 99
Trd, 431837.950, 91
Trd, 431839.150, 94
Trd, 431839.317, 96
Trd, 431839.367, 97
Trd, 431839.700, 97
Trd, 431839.917, 98
Trd, 431840.017, 94
Trd, 431840.933, 103
Trd, 431841.667, 96
Trd, 431842.017, 93
Trd, 431843.300, 103
Trd, 431846.100, 100
Trd, 431846.133, 97
Trd, 431846.200, 104
Trd, 431846.267, 97
Trd, 431847.050, 107
Trd, 431847.317, 97
Trd, 431848.200, 108
Trd, 431848.650, 106
Trd, 431850.367, 116
Trd, 431850.817, 109
Trd, 431851.183, 105
Trd, 431852.050, 102
Trd, 431852.300, 104
Trd, 431855.100, 109
Trd, 431855.567, 100
Trd, 431855.917, 110
Trd, 431856.500, 101
Trd, 431857.083, 98
Trd, 431857.667, 95
Trd, 431858.167, 101
Trd, 431858.267, 94
Trd, 431858.333, 103
Trd, 431858.417, 104
Trd, 431858.433, 106
Trd, 431858.667, 112
Trd, 431860.117, 107
Trd, 431861.950, 112
Trd, 431863.267, 108
Trd, 431863.483, 106
Trd, 431863.667, 98
Trd, 431863.717, 96
Trd, 431863.917, 95
Trd, 431864.783, 93
Trd, 431865.633, 88
Trd, 431867.583, 102
Trd, 431868.783, 97
Trd, 431869.383, 97
Trd, 431869.667, 97
Trd, 431869.700, 98
Trd, 431870.083, 112
Trd, 431871.200, 92
Trd, 431871.383, 91
Trd, 431871.533, 90
Trd, 431871.617, 98
Trd, 431872.850, 98
Trd, 431872.950, 92
Trd, 431873.867, 115
Trd, 431874.117, 115
Trd, 431874.450, 111
Trd, 431875.033, 102
Trd, 431875.383, 118
Trd, 431875.417, 96
Trd, 431876.733, 112
Trd, 431877.350, 107
Trd, 431877.817, 110
Trd, 431878.400, 106
Trd, 431879.017, 94
Trd, 431879.517, 90
Trd, 431881.050, 100
Trd, 431881.133, 101
Trd, 431881.300, 93
Trd, 431881.717, 90
Trd, 431882.717, 102
Trd, 431884.700, 93
Trd, 431884.783, 103
Trd, 431886.267, 101
Trd, 431886.400, 99
Trd, 431887.817, 101
Trd, 431888.350, 100
Trd, 431888.800, 98
Trd, 431888.867, 91
Trd, 431889.433, 99
Trd, 431889.717, 103
Trd, 431890.217, 95
Trd, 431890.717, 94
Trd, 431891.517, 93
Trd, 431892.400, 94
Trd, 431893.217, 93
Trd, 431893.967, 96
Trd, 431894.550, 96
Trd, 431895.833, 98
Trd, 431895.917, 93
Trd, 431896.183, 101
Trd, 431896.317, 104
Trd, 431897.350, 115
Trd, 431898.717, 106
Trd, 431899.250, 106
Trd, 431901.233, 112
Trd, 431901.667, 111
Trd, 431901.917, 111
Trd, 431902.183, 112
Trd, 431903.350, 107
Trd, 431903.567, 105
Trd, 431904.350, 105
Trd, 431904.750, 110
Trd, 431905.283, 101
Trd, 431905.500, 98
Trd, 431906.100, 93
Trd, 431906.150, 92
Trd, 431906.533, 90
Trd, 431907.167, 115
Trd, 431907.283, 116
Trd, 431908.067, 106
Trd, 431908.133, 96
Trd, 431908.533, 112
Trd, 431909.183, 107
Trd, 431909.717, 95
Trd, 431909.967, 108
Trd, 431911.067, 98
Trd, 431913.117, 101
Trd, 431913.433, 102
Trd, 431914.183, 102
Trd, 431914.767, 102
Trd, 431915.033, 106
Trd, 431915.383, 100
Trd, 431916.517, 96
Trd, 431916.550, 120
Trd, 431917.050, 114
Trd, 431918.850, 110
Trd, 431919.817, 109
Trd, 431920.267, 108
Trd, 431920.683, 107
Trd, 431920.933, 104
Trd, 431921.200, 114
Trd, 431921.983, 109
Trd, 431922.650, 115
Trd, 431922.833, 99
Trd, 431923.617, 106
Trd, 431925.750, 104
Trd, 431926.300, 104
Trd, 431926.367, 106
Trd, 431927.017, 97
Trd, 431927.400, 95
Trd, 431927.750, 93
Trd, 431929.317, 94
Trd, 431930.083, 94
Trd, 431930.333, 95
Trd, 431931.633, 98
Trd, 431932.117, 104
Trd, 431932.350, 102
Trd, 431932.367, 92
Trd, 431933.000, 87
Trd, 431933.217, 87
Trd, 431934.550, 89
Trd, 431934.700, 109
Trd, 431934.717, 87
Trd, 431935.933, 82
Trd, 431936.417, 103
Trd, 431936.783, 98
Trd, 431938.083, 96
Trd, 431938.200, 100
Trd, 431940.100, 103
Trd, 431941.817, 105
Trd, 431943.050, 104
Trd, 431943.100, 101
Trd, 431943.150, 96
Trd, 431943.333, 106
Trd, 431943.633, 92
Trd, 431943.700, 111
Trd, 431944.633, 98
Trd, 431944.767, 108
Trd, 431945.367, 109
Trd, 431945.850, 118
Trd, 431946.667, 115
Trd, 431947.433, 95
Trd, 431947.467, 91
Trd, 431947.650, 90
Trd, 431947.817, 87
Trd, 431948.883, 84
Trd, 431949.133, 104
Trd, 431949.883, 87
Trd, 431950.783, 89
Trd, 431952.717, 92
Trd, 431953.100, 94
Trd, 431953.433, 95
Trd, 431954.033, 96
Trd, 431954.333, 96
Trd, 431955.317, 100
Trd, 431955.450, 104
Trd, 431955.617, 99
Trd, 431955.933, 106
Trd, 431956.333, 107
Trd, 431957.817, 112
Trd, 431958.217, 112
Trd, 431960.617, 116
Trd, 431960.833, 112
Trd, 431960.867, 92
Trd, 431961.000, 92
Trd, 431962.583, 100
Trd, 431963.150, 99
Trd, 431964.367, 106
Trd, 431964.783, 109
Trd, 431965.817, 107
Trd, 431965.867, 108
Trd, 431966.050, 109
Trd, 431966.650, 105
Trd, 431967.533, 104
Trd, 431968.050, 98
Trd, 431968.150, 93
Trd, 431968.750, 104
Trd, 431969.017, 90
Trd, 431969.550, 105
Trd, 431970.983, 107
Trd, 431971.017, 108
Trd, 431971.567, 111
Trd, 431972.033, 106
Trd, 431972.550, 113
Trd, 431972.617, 94
Trd, 431972.733, 98
Trd, 431973.250, 114
Trd, 431973.750, 96
Trd, 431973.817, 94
Trd, 431973.950, 115
Trd, 431976.050, 103
Trd, 431977.550, 101
Trd, 431977.600, 100
Trd, 431977.950, 100
Trd, 431978.450, 110
Trd, 431978.850, 120
Trd, 431978.950, 102
Trd, 431979.217, 96
Trd, 431980.100, 98
Trd, 431981.333, 105
Trd, 431982.683, 106
Trd, 431983.550, 104
Trd, 431984.767, 103
Trd, 431985.617, 99
Trd, 431985.800, 99
Trd, 431985.850, 102
Trd, 431985.933, 98
Trd, 431986.017, 93
Trd, 431986.700, 92
Trd, 431987.417, 93
Trd, 431988.550, 102
Trd, 431990.183, 103
Trd, 431991.417, 100
Trd, 431991.517, 101
Trd, 431991.633, 100
Trd, 431991.717, 97
Trd, 431991.850, 96
Trd, 431992.033, 101
Trd, 431993.050, 101
Trd, 431993.400, 88
Trd, 431994.267, 91
Trd, 431995.267, 89
Trd, 431996.267, 86
Trd, 431996.467, 94
Trd, 431996.517, 94
Trd, 431997.183, 103
Trd, 431997.700, 107
Trd, 431999.200, 117
Trd, 431999.450, 104
