Trd, 430684.633, 104
Trd, 430684.833, 105
Trd, 430685.917, 100
Trd, 430686.867, 103
Trd, 430688.050, 102
Trd, 430688.117, 103
Trd, 430690.183, 103
Trd, 430690.900, 104
Trd, 430692.017, 103
Trd, 430692.200, 102
Trd, 430692.317, 101
Trd, 430692.533, 98
Trd, 430692.650, 104
Trd, 430693.200, 93
Trd, 430693.333, 108
Trd, 430693.850, 96
Trd, 430694.267, 94
Trd, 430695.100, 91
Trd, 430695.767, 93
Trd, 430696.933, 96
Trd, 430697.400, 93
Trd, 430697.883, 92
Trd, 430697.900, 94
Trd, 430698.250, 98
Trd, 430699.017, 96
Trd, 430699.717, 104
Trd, 430701.217, 100
Trd, 430701.483, 100
Trd, 430701.867, 99
Trd, 430701.917, 97
Trd, 430703.133, 101
Trd, 430704.567, 102
Trd, 430705.167, 109
Trd, 430705.700, 108
Trd, 430706.167, 108
Trd, 430706.500, 106
Trd, 430706.750, 113
Trd, 430707.100, 103
Trd, 430707.867, 101
Trd, 430708.850, 110
Trd, 430709.683, 104
Trd, 430710.217, 107
Trd, 430710.433, 99
Trd, 430711.650, 99
Trd, 430712.017, 98
Trd, 430712.600, 93
Trd, 430712.917, 90
Trd, 430713.267, 106
Trd, 430713.683, 95
Trd, 430713.767, 87
Trd, 430714.417, 104
Trd, 430715.717, 100
Trd, 430715.950, 90
Trd, 430717.433, 90
Trd, 430717.700, 96
Trd, 430718.050, 95
Trd, 430718.667, 96
Trd, 430719.083, 96
Trd, 430720.083, 87
Trd, 430720.317, 94
Trd, 430720.567, 113
Trd, 430721.400, 86
Trd, 430721.683, 109
Trd, 430723.300, 93
Trd, 430723.383, 104
Trd, 430723.417, 106
Trd, 430724.433, 100
Trd, 430724.517, 93
Trd, 430725.767, 92
Trd, 430728.183, 99
Trd, 430728.417, 98
Trd, 430728.567, 93
Trd, 430729.850, 98
Trd, 430730.183, 101
Trd, 430730.350, 91
Trd, 430731.283, 101
Trd, 430731.483, 100
Trd, 430732.283, 90
Trd, 430732.433, 83
Trd, 430732.483, 101
Trd, 430733.867, 98
Trd, 430734.000, 104
Trd, 430735.617, 95
Trd, 430735.633, 94
Trd, 430736.267, 102
Trd, 430737.217, 94
Trd, 430738.217, 96
Trd, 430738.533, 93
Trd, 430740.267, 97
Trd, 430740.567, 96
Trd, 430740.867, 98
Trd, 430740.950, 99
Trd, 430741.617, 101
Trd, 430742.050, 104
Trd, 430742.667, 102
Trd, 430742.717, 100
Trd, 430742.850, 97
Trd, 430743.133, 106
Trd, 430743.617, 93
Trd, 430744.583, 96
Trd, 430745.467, 115
Trd, 430747.050, 105
Trd, 430747.100, 103
Trd, 430747.133, 117
Trd, 430747.783, 120
Trd, 430748.850, 119
Trd, 430748.950, 108
Trd, 430749.200, 107
Trd, 430749.833, 105
Trd, 430751.083, 104
Trd, 430751.350, 103
Trd, 430752.333, 103
Trd, 430752.667, 101
Trd, 430752.983, 98
Trd, 430753.000, 93
Trd, 430753.483, 102
Trd, 430754.183, 108
Trd, 430755.167, 106
Trd, 430756.850, 90
Trd, 430757.367, 104
Trd, 430758.333, 87
Trd, 430758.783, 88
Trd, 430759.433, 99
Trd, 430759.517, 85
Trd, 430759.833, 101
Trd, 430760.983, 93
Trd, 430761.167, 86
Trd, 430761.900, 87
Trd, 430763.000, 95
Trd, 430763.317, 90
Trd, 430764.600, 100
Trd, 430764.750, 104
Trd, 430765.100, 100
Trd, 430765.350, 107
Trd, 430766.150, 101
Trd, 430766.667, 103
Trd, 430766.867, 102
Trd, 430766.983, 98
Trd, 430767.150, 93
Trd, 430767.783, 101
Trd, 430768.883, 109
Trd, 430770.150, 101
Trd, 430771.083, 89
Trd, 430771.417, 102
Trd, 430772.583, 100
Trd, 430772.683, 105
Trd, 430772.700, 98
Trd, 430772.950, 106
Trd, 430773.667, 101
Trd, 430775.533, 95
Trd, 430775.833, 98
Trd, 430775.850, 96
Trd, 430776.233, 94
Trd, 430776.767, 98
Trd, 430776.983, 93
Trd, 430778.317, 95
Trd, 430778.500, 99
Trd, 430779.183, 101
Trd, 430780.200, 104
Trd, 430780.750, 103
Trd, 430780.950, 103
Trd, 430781.167, 102
Trd, 430781.383, 105
Trd, 430781.767, 98
Trd, 430782.183, 106
Trd, 430782.367, 92
Trd, 430785.700, 114
Trd, 430785.717, 117
Trd, 430786.983, 112
Trd, 430787.100, 110
Trd, 430787.433, 118
Trd, 430787.467, 109
Trd, 430788.033, 107
Trd, 430790.600, 108
Trd, 430791.567, 115
Trd, 430791.583, 109
Trd, 430791.833, 108
Trd, 430792.417, 106
Trd, 430792.667, 101
Trd, 430793.050, 98
Trd, 430793.367, 93
Trd, 430793.417, 93
Trd, 430794.417, 107
Trd, 430795.117, 90
Trd, 430796.150, 94
Trd, 430796.167, 93
Trd, 430796.283, 105
Trd, 430797.233, 108
Trd, 430797.417, 96
Trd, 430800.300, 98
Trd, 430800.550, 96
Trd, 430800.583, 99
Trd, 430800.750, 87
Trd, 430800.900, 102
Trd, 430801.000, 103
Trd, 430801.167, 108
Trd, 430801.417, 112
Trd, 430801.783, 85
Trd, 430803.367, 98
Trd, 430803.600, 101
Trd, 430803.867, 117
Trd, 430804.033, 123
Trd, 430805.167, 97
Trd, 430806.217, 108
Trd, 430807.583, 106
Trd, 430807.917, 107
Trd, 430808.900, 104
Trd, 430810.100, 105
Trd, 430810.500, 104
Trd, 430810.683, 90
Trd, 430812.717, 93
Trd, 430812.750, 94
Trd, 430812.917, 95
Trd, 430813.783, 101
Trd, 430813.967, 102
Trd, 430814.117, 96
Trd, 430814.133, 106
Trd, 430814.783, 97
Trd, 430815.117, 96
Trd, 430817.067, 98
Trd, 430818.667, 105
Trd, 430819.250, 104
Trd, 430820.000, 102
Trd, 430820.483, 104
Trd, 430820.650, 100
Trd, 430821.100, 102
Trd, 430821.117, 99
Trd, 430821.917, 103
Trd, 430821.967, 95
Trd, 430822.750, 109
Trd, 430822.767, 93
Trd, 430823.517, 107
Trd, 430826.033, 95
Trd, 430826.283, 95
Trd, 430827.217, 108
Trd, 430827.850, 110
Trd, 430827.933, 111
Trd, 430828.533, 102
Trd, 430829.683, 102
Trd, 430830.417, 101
Trd, 430830.683, 95
Trd, 430830.833, 90
Trd, 430831.233, 98
Trd, 430831.383, 97
Trd, 430831.700, 87
Trd, 430833.600, 97
Trd, 430834.850, 104
Trd, 430834.900, 105
Trd, 430835.850, 96
Trd, 430836.267, 92
Trd, 430836.500, 117
Trd, 430837.200, 104
Trd, 430837.750, 93
Trd, 430838.167, 120
Trd, 430838.383, 90
Trd, 430840.333, 100
Trd, 430841.633, 94
Trd, 430841.700, 107
Trd, 430842.950, 98
Trd, 430842.967, 96
Trd, 430843.183, 95
Trd, 430843.433, 104
Trd, 430843.983, 101
Trd, 430844.933, 102
Trd, 430846.283, 103
Trd, 430847.317, 100
Trd, 430847.800, 97
Trd, 430848.183, 101
Trd, 430849.617, 103
Trd, 430850.283, 103
Trd, 430850.467, 102
Trd, 430851.450, 100
Trd, 430852.433, 95
Trd, 430852.833, 95
Trd, 430852.883, 94
Trd, 430853.417, 93
Trd, 430853.750, 96
Trd, 430853.883, 91
Trd, 430854.283, 90
Trd, 430854.383, 98
Trd, 430854.600, 111
Trd, 430855.083, 87
Trd, 430855.800, 95
Trd, 430856.667, 106
Trd, 430858.050, 105
Trd, 430858.350, 107
Trd, 430858.450, 108
Trd, 430859.367, 108
Trd, 430859.567, 117
Trd, 430860.233, 107
Trd, 430860.917, 114
Trd, 430861.667, 106
Trd, 430861.817, 101
Trd, 430861.983, 104
Trd, 430862.867, 97
Trd, 430862.967, 95
Trd, 430864.167, 98
Trd, 430864.583, 115
Trd, 430866.200, 103
Trd, 430867.383, 100
Trd, 430867.500, 106
Trd, 430867.550, 104
Trd, 430867.933, 93
Trd, 430868.367, 90
Trd, 430868.600, 104
Trd, 430869.600, 87
Trd, 430869.650, 88
Trd, 430871.217, 102
Trd, 430872.883, 102
Trd, 430873.417, 101
Trd, 430873.683, 102
Trd, 430874.050, 103
Trd, 430874.283, 101
Trd, 430874.583, 103
Trd, 430874.650, 102
Trd, 430876.050, 101
Trd, 430876.217, 98
Trd, 430877.383, 86
Trd, 430877.400, 85
Trd, 430878.550, 95
Trd, 430878.600, 87
Trd, 430878.983, 93
Trd, 430879.467, 98
Trd, 430880.600, 99
Trd, 430881.083, 100
Trd, 430881.133, 101
Trd, 430881.867, 105
Trd, 430883.500, 103
Trd, 430883.667, 97
Trd, 430884.250, 99
Trd, 430885.383, 99
Trd, 430885.683, 98
Trd, 430885.767, 103
Trd, 430886.017, 97
Trd, 430887.400, 109
Trd, 430887.983, 111
Trd, 430888.100, 105
Trd, 430888.250, 101
Trd, 430888.417, 97
Trd, 430889.683, 107
Trd, 430890.517, 106
Trd, 430891.100, 101
Trd, 430892.533, 108
Trd, 430893.050, 103
Trd, 430893.733, 95
Trd, 430893.883, 93
Trd, 430894.533, 96
Trd, 430895.033, 103
Trd, 430895.117, 117
Trd, 430895.467, 109
Trd, 430895.717, 123
Trd, 430896.150, 98
Trd, 430896.717, 93
Trd, 430897.750, 87
Trd, 430897.883, 88
Trd, 430897.950, 111
Trd, 430900.850, 90
Trd, 430901.317, 90
Trd, 430901.783, 97
Trd, 430902.400, 99
Trd, 430902.500, 101
Trd, 430902.817, 95
Trd, 430904.400, 90
Trd, 430905.617, 92
Trd, 430906.200, 98
Trd, 430906.350, 104
Trd, 430907.250, 108
Trd, 430909.633, 106
Trd, 430909.683, 103
Trd, 430909.800, 93
Trd, 430910.817, 112
Trd, 430911.133, 101
Trd, 430911.200, 98
Trd, 430911.517, 106
Trd, 430913.217, 115
Trd, 430913.717, 107
Trd, 430914.100, 103
Trd, 430914.950, 102
Trd, 430915.133, 103
Trd, 430916.183, 102
Trd, 430917.083, 100
Trd, 430918.033, 94
Trd, 430918.450, 99
Trd, 430918.717, 100
Trd, 430919.367, 98
Trd, 430920.033, 95
Trd, 430920.083, 93
Trd, 430920.400, 98
Trd, 430921.367, 101
Trd, 430922.450, 99
Trd, 430922.650, 98
Trd, 430923.633, 110
Trd, 430923.883, 101
Trd, 430924.517, 91
Trd, 430924.933, 90
Trd, 430925.050, 87
Trd, 430925.767, 93
Trd, 430926.450, 98
Trd, 430926.917, 85
Trd, 430927.417, 104
Trd, 430927.983, 104
Trd, 430928.483, 105
Trd, 430929.217, 86
Trd, 430929.483, 85
Trd, 430930.083, 89
Trd, 430931.200, 109
Trd, 430931.783, 115
Trd, 430931.983, 115
Trd, 430932.067, 113
Trd, 430932.667, 116
Trd, 430934.517, 102
Trd, 430935.483, 109
Trd, 430935.867, 105
Trd, 430936.150, 98
Trd, 430936.267, 94
Trd, 430936.783, 104
Trd, 430937.300, 113
Trd, 430938.767, 102
Trd, 430938.783, 94
Trd, 430941.083, 102
Trd, 430941.467, 98
Trd, 430942.100, 96
Trd, 430942.217, 106
Trd, 430943.783, 110
Trd, 430944.167, 116
Trd, 430944.667, 100
Trd, 430945.050, 99
Trd, 430945.217, 93
Trd, 430946.500, 92
Trd, 430947.417, 100
Trd, 430947.467, 98
Trd, 430947.950, 100
Trd, 430948.267, 101
Trd, 430948.433, 108
Trd, 430950.217, 94
Trd, 430950.267, 91
Trd, 430951.133, 102
Trd, 430952.117, 116
Trd, 430953.100, 114
Trd, 430953.617, 113
Trd, 430954.217, 112
Trd, 430954.550, 115
Trd, 430954.800, 105
Trd, 430956.683, 104
Trd, 430957.967, 92
Trd, 430958.717, 98
Trd, 430960.583, 97
Trd, 430960.617, 102
Trd, 430961.217, 97
Trd, 430961.583, 98
Trd, 430961.933, 97
Trd, 430962.167, 97
Trd, 430962.250, 90
Trd, 430962.833, 99
Trd, 430962.867, 100
Trd, 430962.933, 109
Trd, 430963.817, 108
Trd, 430963.900, 117
Trd, 430964.050, 119
Trd, 430965.167, 107
Trd, 430965.267, 102
Trd, 430965.950, 101
Trd, 430966.883, 98
Trd, 430967.500, 96
Trd, 430967.533, 93
Trd, 430968.533, 96
Trd, 430969.267, 88
Trd, 430970.367, 95
Trd, 430970.667, 103
Trd, 430970.717, 104
Trd, 430973.800, 104
Trd, 430974.450, 107
Trd, 430974.767, 107
Trd, 430975.050, 109
Trd, 430975.217, 106
Trd, 430976.233, 107
Trd, 430977.017, 103
Trd, 430979.333, 106
Trd, 430979.483, 103
Trd, 430980.133, 102
Trd, 430980.683, 104
Trd, 430981.350, 102
Trd, 430981.567, 104
Trd, 430982.050, 105
Trd, 430982.150, 108
Trd, 430982.400, 98
Trd, 430982.583, 101
Trd, 430983.083, 91
Trd, 430984.600, 95
Trd, 430984.833, 93
Trd, 430985.050, 94
Trd, 430985.233, 93
Trd, 430988.500, 103
Trd, 430988.700, 101
Trd, 430989.317, 104
Trd, 430989.567, 107
Trd, 430989.817, 109
Trd, 430990.367, 108
Trd, 430991.733, 103
Trd, 430992.400, 101
Trd, 430992.883, 102
Trd, 430993.250, 99
Trd, 430993.517, 95
Trd, 430993.583, 105
Trd, 430994.183, 109
Trd, 430994.450, 105
Trd, 430994.800, 104
Trd, 430995.533, 97
Trd, 430996.250, 116
Trd, 430996.400, 117
Trd, 430998.533, 102
Trd, 430998.933, 101
Trd, 430999.217, 105
Trd, 430999.400, 97
Trd, 431000.183, 98
Trd, 431000.250, 105
Trd, 431002.000, 105
Trd, 431002.517, 103
Trd, 431002.983, 104
Trd, 431003.367, 102
Trd, 431003.917, 106
Trd, 431004.967, 105
Trd, 431005.900, 100
Trd, 431006.000, 99
Trd, 431006.567, 105
Trd, 431007.000, 117
Trd, 431008.767, 103
Trd, 431009.283, 102
Trd, 431009.867, 101
Trd, 431010.283, 103
Trd, 431010.717, 97
Trd, 431010.817, 90
Trd, 431012.500, 99
Trd, 431013.033, 99
Trd, 431013.983, 99
Trd, 431014.650, 98
Trd, 431015.400, 98
Trd, 431016.450, 100
Trd, 431016.617, 99
Trd, 431016.683, 109
Trd, 431016.750, 110
Trd, 431018.183, 107
Trd, 431018.233, 103
Trd, 431019.017, 97
Trd, 431019.433, 97
Trd, 431019.717, 101
Trd, 431020.067, 103
Trd, 431020.250, 93
Trd, 431020.400, 90
Trd, 431022.017, 101
Trd, 431022.250, 90
Trd, 431023.700, 90
Trd, 431024.300, 88
Trd, 431024.350, 91
Trd, 431025.667, 98
Trd, 431026.017, 96
Trd, 431026.067, 101
Trd, 431026.283, 110
Trd, 431027.433, 103
Trd, 431028.883, 102
Trd, 431029.000, 108
Trd, 431029.400, 103
Trd, 431029.567, 101
Trd, 431031.967, 96
Trd, 431033.700, 101
Trd, 431033.867, 99
Trd, 431034.250, 106
Trd, 431034.650, 100
Trd, 431035.300, 98
Trd, 431035.967, 101
Trd, 431036.367, 96
Trd, 431038.317, 93
Trd, 431038.617, 93
Trd, 431038.817, 101
Trd, 431039.167, 98
Trd, 431039.283, 97
Trd, 431039.667, 106
Trd, 431040.467, 107
Trd, 431041.400, 94
Trd, 431043.650, 104
Trd, 431043.850, 104
Trd, 431043.950, 110
Trd, 431044.300, 105
Trd, 431044.433, 104
Trd, 431044.633, 104
Trd, 431045.583, 115
Trd, 431045.933, 100
Trd, 431046.467, 96
Trd, 431046.767, 100
Trd, 431050.100, 101
Trd, 431050.367, 100
Trd, 431050.883, 100
Trd, 431050.967, 99
Trd, 431051.400, 98
Trd, 431051.583, 93
Trd, 431051.800, 98
Trd, 431052.417, 98
Trd, 431053.050, 90
Trd, 431053.067, 100
Trd, 431053.600, 83
Trd, 431054.000, 83
Trd, 431054.200, 101
Trd, 431055.733, 114
Trd, 431057.450, 113
Trd, 431058.383, 97
Trd, 431059.133, 97
Trd, 431059.183, 98
Trd, 431059.383, 104
Trd, 431059.517, 109
Trd, 431060.267, 96
Trd, 431061.050, 110
Trd, 431061.800, 103
Trd, 431061.967, 101
Trd, 431062.317, 101
Trd, 431062.500, 98
Trd, 431062.967, 117
Trd, 431063.483, 107
Trd, 431063.600, 105
Trd, 431063.733, 99
Trd, 431066.300, 92
Trd, 431066.600, 103
Trd, 431067.783, 103
Trd, 431068.617, 101
Trd, 431068.833, 101
Trd, 431069.283, 101
Trd, 431069.517, 93
Trd, 431070.417, 100
Trd, 431070.950, 94
Trd, 431072.033, 95
Trd, 431073.133, 96
Trd, 431073.183, 95
Trd, 431073.617, 98
Trd, 431074.017, 91
Trd, 431074.183, 90
Trd, 431074.200, 106
Trd, 431075.883, 105
Trd, 431076.133, 103
Trd, 431076.783, 102
Trd, 431077.183, 91
Trd, 431078.250, 102
Trd, 431078.367, 88
Trd, 431078.533, 108
Trd, 431079.683, 108
Trd, 431080.233, 93
Trd, 431081.917, 97
Trd, 431082.783, 96
Trd, 431082.967, 93
Trd, 431083.683, 95
Trd, 431084.467, 95
Trd, 431084.600, 91
Trd, 431084.667, 101
Trd, 431085.150, 109
Trd, 431085.433, 106
Trd, 431087.917, 88
Trd, 431088.700, 90
Trd, 431088.750, 89
Trd, 431089.500, 90
Trd, 431090.400, 90
Trd, 431090.417, 92
Trd, 431090.650, 89
Trd, 431091.583, 98
Trd, 431092.233, 100
Trd, 431093.150, 100
Trd, 431093.267, 101
Trd, 431094.367, 104
Trd, 431094.650, 103
Trd, 431094.817, 104
Trd, 431095.117, 101
Trd, 431095.267, 98
Trd, 431095.767, 87
Trd, 431096.183, 84
Trd, 431096.600, 105
Trd, 431096.933, 106
Trd, 431097.400, 88
Trd, 431098.433, 91
Trd, 431099.267, 101
Trd, 431099.633, 96
Trd, 431100.617, 106
Trd, 431101.517, 104
Trd, 431102.717, 105
Trd, 431103.117, 105
Trd, 431103.933, 104
Trd, 431104.917, 105
Trd, 431105.267, 106
Trd, 431105.617, 113
Trd, 431105.733, 108
Trd, 431105.950, 117
Trd, 431106.267, 109
Trd, 431106.617, 109
Trd, 431106.967, 110
Trd, 431108.383, 103
Trd, 431108.667, 101
Trd, 431110.800, 99
Trd, 431110.833, 98
Trd, 431111.267, 99
Trd, 431111.900, 95
Trd, 431113.200, 93
Trd, 431113.417, 99
Trd, 431114.683, 100
Trd, 431115.067, 92
Trd, 431117.233, 98
Trd, 431117.517, 99
Trd, 431117.933, 90
Trd, 431118.817, 107
Trd, 431119.200, 96
Trd, 431119.567, 108
Trd, 431121.400, 108
Trd, 431121.800, 109
Trd, 431121.983, 115
Trd, 431122.483, 109
Trd, 431123.033, 109
Trd, 431123.067, 108
Trd, 431123.883, 106
Trd, 431124.433, 103
Trd, 431124.783, 106
Trd, 431124.800, 100
Trd, 431125.167, 98
Trd, 431125.550, 112
Trd, 431127.883, 107
Trd, 431130.183, 107
Trd, 431130.417, 106
Trd, 431130.733, 105
Trd, 431130.850, 104
Trd, 431132.417, 100
Trd, 431132.517, 100
Trd, 431133.333, 97
Trd, 431133.433, 93
Trd, 431134.000, 99
Trd, 431134.067, 101
Trd, 431134.317, 107
Trd, 431134.733, 109
Trd, 431135.667, 103
Trd, 431135.883, 106
Trd, 431136.100, 102
Trd, 431137.133, 102
Trd, 431137.300, 110
Trd, 431138.250, 101
Trd, 431140.950, 94
Trd, 431141.400, 94
Trd, 431142.083, 108
Trd, 431142.500, 100
Trd, 431142.600, 107
Trd, 431143.417, 107
Trd, 431143.667, 107
Trd, 431144.550, 106
Trd, 431144.733, 104
Trd, 431145.000, 98
Trd, 431146.083, 98
Trd, 431147.150, 102
Trd, 431147.233, 94
Trd, 431147.267, 103
Trd, 431148.150, 99
Trd, 431149.067, 103
Trd, 431149.717, 103
Trd, 431151.767, 108
Trd, 431151.783, 107
Trd, 431152.633, 106
Trd, 431153.383, 107
Trd, 431153.567, 105
Trd, 431154.300, 101
Trd, 431154.600, 102
Trd, 431157.000, 103
Trd, 431157.800, 102
Trd, 431158.250, 105
Trd, 431158.683, 100
Trd, 431158.800, 98
Trd, 431159.700, 101
Trd, 431159.950, 105
Trd, 431160.100, 106
Trd, 431160.517, 100
Trd, 431160.817, 99
Trd, 431160.933, 98
Trd, 431161.567, 110
Trd, 431161.733, 104
Trd, 431162.750, 106
Trd, 431163.750, 97
Trd, 431164.183, 94
Trd, 431164.833, 93
Trd, 431165.400, 107
Trd, 431166.900, 95
Trd, 431167.600, 95
Trd, 431167.883, 93
Trd, 431169.167, 100
Trd, 431169.417, 97
Trd, 431169.833, 103
Trd, 431170.100, 104
Trd, 431171.433, 104
Trd, 431171.917, 96
Trd, 431171.933, 104
Trd, 431172.817, 98
Trd, 431172.883, 97
Trd, 431173.917, 95
Trd, 431174.600, 93
Trd, 431174.683, 103
Trd, 431175.133, 106
Trd, 431175.217, 102
Trd, 431176.317, 112
Trd, 431176.900, 98
Trd, 431176.950, 97
Trd, 431177.267, 101
Trd, 431177.900, 101
Trd, 431178.683, 104
Trd, 431179.333, 106
Trd, 431179.417, 97
Trd, 431181.183, 103
Trd, 431181.883, 114
Trd, 431183.700, 102
Trd, 431183.967, 99
Trd, 431184.800, 101
Trd, 431185.317, 98
Trd, 431186.100, 98
Trd, 431187.600, 93
Trd, 431188.033, 97
Trd, 431189.767, 97
Trd, 431190.233, 96
Trd, 431190.550, 98
Trd, 431191.283, 96
Trd, 431191.433, 101
Trd, 431191.483, 105
Trd, 431191.883, 106
Trd, 431192.533, 106
Trd, 431193.517, 104
Trd, 431194.067, 104
Trd, 431194.500, 101
Trd, 431195.017, 98
Trd, 431195.367, 104
Trd, 431196.833, 106
Trd, 431197.567, 113
Trd, 431197.633, 114
Trd, 431198.833, 105
Trd, 431200.067, 103
Trd, 431200.983, 103
Trd, 431201.167, 101
Trd, 431202.183, 103
Trd, 431202.267, 97
Trd, 431203.067, 93
Trd, 431203.167, 90
Trd, 431203.750, 103
Trd, 431205.833, 100
Trd, 431206.450, 100
Trd, 431206.567, 101
Trd, 431206.600, 106
Trd, 431206.933, 107
Trd, 431207.850, 105
Trd, 431208.350, 105
Trd, 431208.367, 104
Trd, 431208.783, 98
Trd, 431209.067, 108
Trd, 431209.950, 107
Trd, 431210.867, 106
Trd, 431211.050, 105
Trd, 431211.567, 105
Trd, 431213.133, 108
Trd, 431213.250, 102
Trd, 431213.817, 93
Trd, 431213.983, 94
Trd, 431214.500, 89
Trd, 431214.783, 88
Trd, 431215.500, 105
Trd, 431215.900, 104
Trd, 431216.850, 106
Trd, 431219.717, 97
Trd, 431220.150, 93
Trd, 431221.017, 105
Trd, 431221.483, 95
Trd, 431221.533, 96
Trd, 431221.617, 97
Trd, 431222.883, 94
Trd, 431222.950, 106
Trd, 431223.117, 111
Trd, 431223.667, 93
Trd, 431223.767, 93
Trd, 431224.033, 90
Trd, 431225.533, 99
Trd, 431225.650, 101
Trd, 431225.700, 87
Trd, 431226.117, 87
Trd, 431227.667, 100
Trd, 431228.550, 90
Trd, 431228.817, 90
Trd, 431229.667, 97
Trd, 431229.883, 98
Trd, 431230.150, 93
Trd, 431230.333, 100
Trd, 431230.683, 101
Trd, 431231.200, 91
Trd, 431232.567, 94
Trd, 431233.733, 96
Trd, 431234.367, 97
Trd, 431235.117, 98
Trd, 431235.300, 107
Trd, 431236.050, 104
Trd, 431236.400, 94
Trd, 431238.183, 103
Trd, 431239.017, 105
Trd, 431239.233, 100
Trd, 431239.367, 99
Trd, 431240.150, 101
Trd, 431240.517, 102
Trd, 431240.783, 103
Trd, 431241.850, 102
Trd, 431242.683, 101
Trd, 431243.017, 93
Trd, 431243.783, 90
Trd, 431244.633, 112
Trd, 431245.367, 112
Trd, 431245.400, 98
Trd, 431246.300, 98
Trd, 431246.600, 96
Trd, 431246.717, 105
Trd, 431248.217, 113
Trd, 431248.383, 98
Trd, 431250.683, 101
Trd, 431251.600, 102
Trd, 431251.683, 101
Trd, 431251.817, 103
Trd, 431252.300, 102
Trd, 431252.467, 101
Trd, 431252.833, 100
Trd, 431253.383, 103
Trd, 431253.533, 97
Trd, 431253.667, 93
Trd, 431254.167, 103
Trd, 431254.417, 91
Trd, 431254.917, 111
Trd, 431255.083, 107
Trd, 431255.283, 90
Trd, 431255.300, 117
Trd, 431256.217, 98
Trd, 431256.733, 88
Trd, 431257.200, 118
Trd, 431258.200, 100
Trd, 431258.283, 90
Trd, 431259.400, 107
Trd, 431259.833, 103
Trd, 431260.417, 103
Trd, 431261.950, 93
Trd, 431262.467, 92
Trd, 431263.950, 94
Trd, 431265.167, 94
Trd, 431265.583, 101
Trd, 431266.333, 98
Trd, 431267.000, 108
Trd, 431267.117, 101
Trd, 431267.767, 100
Trd, 431268.167, 99
Trd, 431268.383, 99
Trd, 431270.767, 98
Trd, 431271.350, 98
Trd, 431271.583, 101
Trd, 431272.117, 104
Trd, 431273.017, 105
Trd, 431273.733, 98
Trd, 431273.900, 103
Trd, 431273.933, 97
Trd, 431274.267, 98
Trd, 431274.567, 106
Trd, 431274.633, 106
Trd, 431275.017, 93
Trd, 431276.117, 92
Trd, 431276.850, 109
Trd, 431277.183, 92
Trd, 431277.833, 90
Trd, 431278.300, 93
Trd, 431278.450, 96
Trd, 431279.433, 106
Trd, 431279.500, 101
Trd, 431280.100, 96
Trd, 431280.200, 89
Trd, 431281.867, 92
Trd, 431282.017, 91
Trd, 431282.317, 87
Trd, 431283.567, 89
Trd, 431284.000, 90
Trd, 431284.583, 93
Trd, 431284.600, 98
Trd, 431285.400, 102
Trd, 431288.133, 103
Trd, 431288.283, 102
Trd, 431289.250, 98
Trd, 431289.850, 108
Trd, 431291.833, 108
Trd, 431291.967, 100
Trd, 431292.433, 105
Trd, 431292.467, 109
Trd, 431293.050, 104
Trd, 431293.367, 105
Trd, 431293.800, 104
Trd, 431295.233, 100
Trd, 431295.367, 99
Trd, 431295.600, 105
Trd, 431295.633, 106
Trd, 431296.983, 109
Trd, 431297.567, 97
Trd, 431297.683, 93
Trd, 431298.250, 98
Trd, 431298.450, 115
Trd, 431299.867, 109
Trd, 431300.400, 104
Trd, 431300.517, 103
Trd, 431300.833, 101
Trd, 431301.783, 96
Trd, 431302.300, 104
Trd, 431303.550, 116
Trd, 431303.567, 115
Trd, 431304.000, 93
Trd, 431305.000, 90
Trd, 431306.633, 105
Trd, 431307.150, 104
Trd, 431307.350, 101
Trd, 431308.733, 95
Trd, 431309.167, 93
Trd, 431309.450, 98
Trd, 431309.517, 93
Trd, 431310.133, 90
Trd, 431310.983, 87
Trd, 431311.333, 84
Trd, 431311.467, 98
Trd, 431311.633, 99
Trd, 431311.867, 101
Trd, 431313.667, 94
Trd, 431314.100, 98
Trd, 431314.383, 106
Trd, 431316.033, 97
Trd, 431316.517, 105
Trd, 431316.817, 104
Trd, 431318.550, 94
Trd, 431319.600, 98
Trd, 431320.167, 109
Trd, 431320.267, 107
Trd, 431320.550, 117
Trd, 431320.717, 113
Trd, 431321.233, 113
Trd, 431321.267, 112
Trd, 431321.300, 104
Trd, 431322.467, 105
Trd, 431323.167, 116
Trd, 431324.683, 98
Trd, 431325.283, 101
Trd, 431326.467, 96
Trd, 431327.583, 101
Trd, 431327.667, 96
Trd, 431327.833, 101
Trd, 431327.950, 93
Trd, 431328.700, 105
Trd, 431328.750, 89
Trd, 431328.817, 106
Trd, 431329.983, 106
Trd, 431330.200, 106
Trd, 431331.033, 106
Trd, 431333.250, 105
Trd, 431334.150, 109
Trd, 431334.950, 106
Trd, 431335.217, 108
Trd, 431335.633, 103
Trd, 431336.117, 98
Trd, 431336.617, 99
Trd, 431336.700, 93
Trd, 431336.733, 104
Trd, 431337.017, 106
Trd, 431337.150, 87
Trd, 431337.817, 87
Trd, 431338.733, 93
Trd, 431339.467, 96
Trd, 431340.783, 104
Trd, 431341.083, 108
Trd, 431341.250, 105
Trd, 431341.500, 106
Trd, 431343.717, 110
Trd, 431344.583, 115
Trd, 431345.650, 106
Trd, 431345.667, 104
Trd, 431346.850, 99
Trd, 431347.367, 97
Trd, 431347.817, 94
Trd, 431347.967, 93
Trd, 431348.617, 103
Trd, 431349.267, 105
Trd, 431349.783, 91
Trd, 431349.850, 98
Trd, 431351.167, 114
Trd, 431351.383, 116
Trd, 431351.767, 93
Trd, 431352.383, 100
Trd, 431352.450, 101
Trd, 431352.867, 105
Trd, 431352.967, 117
Trd, 431353.100, 101
Trd, 431354.317, 104
Trd, 431355.200, 107
Trd, 431356.183, 104
Trd, 431356.817, 107
Trd, 431357.083, 107
Trd, 431358.167, 109
Trd, 431358.233, 104
Trd, 431358.867, 97
Trd, 431360.983, 90
Trd, 431362.033, 101
Trd, 431362.200, 90
Trd, 431362.650, 102
Trd, 431363.567, 91
Trd, 431364.517, 102
Trd, 431364.667, 103
Trd, 431365.050, 101
Trd, 431365.767, 98
Trd, 431366.367, 106
Trd, 431367.283, 88
Trd, 431368.700, 101
Trd, 431369.617, 99
Trd, 431369.700, 100
Trd, 431370.067, 96
Trd, 431370.633, 102
Trd, 431371.300, 97
Trd, 431371.317, 106
Trd, 431372.267, 99
Trd, 431372.900, 104
Trd, 431373.150, 100
Trd, 431373.233, 105
Trd, 431373.700, 99
Trd, 431376.817, 93
Trd, 431376.883, 90
Trd, 431377.133, 88
Trd, 431377.950, 93
Trd, 431378.133, 91
Trd, 431378.167, 89
Trd, 431378.267, 98
Trd, 431378.350, 87
Trd, 431378.367, 84
Trd, 431380.050, 96
Trd, 431380.683, 96
Trd, 431380.750, 97
Trd, 431382.017, 96
Trd, 431382.150, 97
Trd, 431383.767, 93
Trd, 431383.883, 96
Trd, 431383.917, 98
Trd, 431385.733, 101
Trd, 431385.767, 105
Trd, 431387.083, 104
Trd, 431387.517, 108
Trd, 431388.233, 104
Trd, 431389.283, 106
Trd, 431389.733, 100
Trd, 431389.867, 108
Trd, 431390.967, 105
Trd, 431391.600, 103
Trd, 431391.817, 101
Trd, 431392.433, 98
Trd, 431392.933, 93
Trd, 431393.183, 90
Trd, 431394.333, 103
Trd, 431394.400, 105
Trd, 431395.650, 102
Trd, 431395.667, 97
Trd, 431396.400, 99
Trd, 431396.417, 108
Trd, 431398.483, 105
Trd, 431398.817, 107
Trd, 431399.133, 109
Trd, 431400.050, 108
Trd, 431400.133, 107
Trd, 431400.383, 97
Trd, 431400.900, 90
Trd, 431400.933, 87
Trd, 431403.083, 95
Trd, 431403.250, 94
Trd, 431403.900, 105
Trd, 431403.950, 106
Trd, 431403.983, 96
Trd, 431404.867, 104
Trd, 431404.967, 99
Trd, 431406.083, 100
Trd, 431406.283, 111
Trd, 431406.667, 95
Trd, 431408.583, 101
Trd, 431408.700, 99
Trd, 431409.517, 101
Trd, 431409.750, 117
Trd, 431410.017, 98
Trd, 431410.650, 95
Trd, 431411.583, 107
Trd, 431412.133, 93
Trd, 431412.400, 109
Trd, 431412.967, 108
Trd, 431413.200, 90
Trd, 431414.900, 87
Trd, 431415.750, 100
Trd, 431416.633, 104
Trd, 431416.917, 105
Trd, 431417.867, 104
Trd, 431418.050, 103
Trd, 431418.767, 105
Trd, 431420.033, 107
Trd, 431420.900, 107
Trd, 431421.200, 117
Trd, 431421.767, 108
Trd, 431422.000, 110
Trd, 431422.883, 108
Trd, 431423.350, 117
Trd, 431424.100, 106
Trd, 431424.433, 104
Trd, 431424.683, 101
Trd, 431425.450, 97
Trd, 431426.917, 103
Trd, 431427.250, 103
Trd, 431427.767, 101
Trd, 431429.533, 99
Trd, 431429.833, 99
Trd, 431430.450, 97
Trd, 431430.550, 97
Trd, 431431.433, 95
Trd, 431432.200, 97
Trd, 431432.367, 98
Trd, 431432.550, 95
Trd, 431433.267, 103
Trd, 431433.667, 97
Trd, 431434.033, 96
Trd, 431434.483, 98
Trd, 431434.750, 98
Trd, 431435.550, 94
Trd, 431435.733, 90
Trd, 431436.333, 89
Trd, 431437.300, 87
Trd, 431437.733, 84
Trd, 431438.283, 102
Trd, 431440.017, 90
Trd, 431440.067, 97
Trd, 431440.433, 91
Trd, 431442.150, 103
Trd, 431442.783, 106
Trd, 431443.083, 106
Trd, 431443.700, 103
Trd, 431444.650, 105
Trd, 431445.050, 106
Trd, 431446.217, 109
Trd, 431446.583, 108
Trd, 431447.333, 109
Trd, 431447.817, 104
Trd, 431448.933, 101
Trd, 431449.317, 97
Trd, 431449.917, 95
Trd, 431450.667, 94
Trd, 431450.883, 96
Trd, 431452.667, 95
Trd, 431453.000, 108
Trd, 431454.083, 95
Trd, 431454.117, 93
Trd, 431454.133, 105
Trd, 431454.367, 98
Trd, 431454.617, 104
Trd, 431454.667, 106
Trd, 431456.050, 93
Trd, 431457.250, 114
Trd, 431458.217, 115
Trd, 431458.267, 107
Trd, 431458.467, 105
Trd, 431458.683, 105
Trd, 431459.450, 108
Trd, 431460.100, 104
Trd, 431460.217, 109
Trd, 431460.283, 98
Trd, 431461.017, 102
Trd, 431462.000, 102
Trd, 431463.550, 102
Trd, 431463.950, 103
Trd, 431464.083, 101
Trd, 431465.283, 103
Trd, 431465.367, 101
Trd, 431465.433, 104
Trd, 431465.817, 98
Trd, 431466.000, 104
Trd, 431468.700, 105
Trd, 431469.533, 104
Trd, 431469.583, 103
Trd, 431469.717, 98
Trd, 431470.033, 97
Trd, 431470.050, 112
Trd, 431470.117, 117
Trd, 431470.933, 107
Trd, 431474.300, 98
Trd, 431474.950, 107
Trd, 431475.067, 110
Trd, 431475.167, 103
Trd, 431475.950, 104
Trd, 431476.450, 105
Trd, 431476.667, 105
Trd, 431477.050, 110
Trd, 431477.117, 112
Trd, 431477.500, 105
Trd, 431477.750, 116
Trd, 431478.967, 101
Trd, 431479.050, 100
Trd, 431479.217, 99
Trd, 431479.433, 101
Trd, 431479.917, 98
Trd, 431479.967, 97
Trd, 431482.183, 101
Trd, 431483.533, 99
Trd, 431483.833, 96
Trd, 431484.750, 105
Trd, 431485.900, 99
Trd, 431486.533, 101
Trd, 431486.933, 95
Trd, 431487.133, 94
Trd, 431488.467, 94
Trd, 431488.600, 113
Trd, 431488.933, 106
Trd, 431490.717, 103
Trd, 431491.233, 94
Trd, 431491.567, 93
Trd, 431491.600, 104
Trd, 431492.217, 106
Trd, 431492.233, 98
Trd, 431492.267, 91
Trd, 431492.600, 90
Trd, 431493.050, 88
Trd, 431493.283, 115
Trd, 431494.033, 89
Trd, 431496.683, 102
Trd, 431498.617, 104
Trd, 431499.017, 101
Trd, 431499.300, 105
Trd, 431499.633, 105
Trd, 431500.133, 106
Trd, 431501.433, 107
Trd, 431501.600, 107
Trd, 431501.700, 106
Trd, 431501.717, 106
Trd, 431501.867, 112
Trd, 431503.483, 106
Trd, 431503.717, 102
Trd, 431504.617, 105
Trd, 431504.867, 106
Trd, 431505.550, 106
Trd, 431505.817, 107
Trd, 431507.550, 104
Trd, 431507.633, 100
Trd, 431508.417, 98
Trd, 431508.650, 94
Trd, 431509.333, 94
Trd, 431509.767, 96
Trd, 431510.933, 93
Trd, 431511.100, 90
Trd, 431511.367, 104
Trd, 431512.233, 103
Trd, 431512.667, 102
Trd, 431513.483, 99
Trd, 431514.800, 99
Trd, 431514.950, 100
Trd, 431515.433, 100
Trd, 431516.667, 101
Trd, 431517.167, 101
Trd, 431517.983, 101
Trd, 431518.067, 101
Trd, 431519.183, 93
Trd, 431519.850, 90
Trd, 431519.883, 87
Trd, 431519.917, 100
Trd, 431520.450, 100
Trd, 431521.483, 101
Trd, 431521.583, 100
Trd, 431521.917, 106
Trd, 431523.450, 104
Trd, 431524.150, 102
Trd, 431525.017, 101
Trd, 431525.567, 100
Trd, 431525.900, 105
Trd, 431525.967, 100
Trd, 431526.183, 93
Trd, 431526.650, 112
Trd, 431527.083, 103
Trd, 431527.433, 102
Trd, 431529.283, 106
Trd, 431530.583, 104
Trd, 431530.950, 98
Trd, 431532.167, 91
Trd, 431532.517, 103
Trd, 431533.767, 103
Trd, 431533.917, 93
Trd, 431535.400, 104
Trd, 431535.733, 91
Trd, 431536.517, 107
Trd, 431536.567, 108
Trd, 431537.050, 105
Trd, 431538.200, 99
Trd, 431539.333, 115
Trd, 431539.783, 112
Trd, 431540.350, 90
Trd, 431541.033, 101
Trd, 431541.433, 111
Trd, 431541.500, 116
Trd, 431541.833, 101
Trd, 431543.333, 117
Trd, 431545.083, 109
Trd, 431545.483, 108
Trd, 431545.567, 107
Trd, 431545.783, 117
Trd, 431546.100, 119
Trd, 431547.500, 104
Trd, 431548.100, 102
Trd, 431549.383, 109
Trd, 431550.133, 101
Trd, 431551.383, 100
Trd, 431552.083, 97
Trd, 431552.700, 99
Trd, 431553.250, 95
Trd, 431553.600, 94
Trd, 431554.200, 95
Trd, 431554.267, 101
Trd, 431554.883, 102
Trd, 431554.950, 94
Trd, 431555.083, 103
Trd, 431555.450, 104
Trd, 431556.767, 87
Trd, 431557.067, 106
Trd, 431557.433, 105
Trd, 431557.633, 104
Trd, 431559.300, 103
Trd, 431559.550, 108
Trd, 431561.183, 102
Trd, 431561.450, 102
Trd, 431561.817, 99
Trd, 431563.133, 94
Trd, 431563.383, 100
Trd, 431564.117, 97
Trd, 431564.150, 97
Trd, 431564.783, 99
Trd, 431564.950, 101
Trd, 431566.283, 97
Trd, 431567.817, 107
Trd, 431569.333, 99
Trd, 431570.533, 103
Trd, 431571.617, 104
Trd, 431572.083, 100
Trd, 431572.317, 107
Trd, 431574.250, 100
Trd, 431575.033, 105
Trd, 431575.217, 106
Trd, 431575.683, 108
Trd, 431575.817, 108
Trd, 431576.017, 104
Trd, 431576.283, 103
Trd, 431576.367, 102
Trd, 431576.417, 101
Trd, 431576.700, 98
Trd, 431576.850, 107
Trd, 431577.133, 93
Trd, 431578.267, 91
Trd, 431578.800, 103
Trd, 431579.133, 99
Trd, 431579.450, 104
Trd, 431580.217, 98
Trd, 431580.883, 91
Trd, 431580.917, 94
Trd, 431582.467, 90
Trd, 431583.200, 94
Trd, 431584.350, 98
Trd, 431585.467, 99
Trd, 431586.350, 107
Trd, 431588.017, 102
Trd, 431588.050, 101
Trd, 431588.550, 104
Trd, 431588.567, 96
Trd, 431589.633, 103
Trd, 431590.550, 100
Trd, 431590.633, 98
Trd, 431590.917, 104
Trd, 431591.050, 97
Trd, 431591.850, 101
Trd, 431593.050, 101
Trd, 431593.500, 103
Trd, 431594.417, 102
Trd, 431594.650, 104
Trd, 431594.950, 101
Trd, 431595.917, 107
Trd, 431596.050, 111
Trd, 431596.150, 100
Trd, 431597.000, 100
Trd, 431598.350, 97
Trd, 431598.800, 99
Trd, 431599.067, 95
Trd, 431599.267, 96
Trd, 431599.617, 108
Trd, 431601.217, 105
Trd, 431601.950, 100
Trd, 431602.800, 107
Trd, 431603.733, 106
Trd, 431603.950, 106
Trd, 431604.467, 108
Trd, 431604.600, 107
Trd, 431605.033, 105
Trd, 431605.700, 100
Trd, 431607.067, 112
Trd, 431608.250, 110
Trd, 431608.533, 101
Trd, 431608.750, 100
Trd, 431609.650, 98
Trd, 431610.800, 97
Trd, 431612.517, 95
Trd, 431612.717, 97
Trd, 431613.117, 93
Trd, 431613.633, 101
Trd, 431614.167, 104
Trd, 431614.283, 100
Trd, 431614.400, 99
Trd, 431615.200, 103
Trd, 431616.033, 104
Trd, 431616.700, 99
Trd, 431617.850, 106
Trd, 431618.517, 94
Trd, 431618.550, 112
Trd, 431619.100, 93
Trd, 431619.150, 99
Trd, 431619.733, 100
Trd, 431620.133, 101
Trd, 431620.450, 90
Trd, 431621.733, 103
Trd, 431621.783, 97
Trd, 431625.450, 94
Trd, 431625.583, 97
Trd, 431625.967, 95
Trd, 431626.817, 102
Trd, 431627.283, 97
Trd, 431627.800, 96
Trd, 431627.817, 103
Trd, 431628.583, 88
Trd, 431629.233, 100
Trd, 431629.350, 99
Trd, 431630.067, 101
Trd, 431630.117, 98
Trd, 431630.950, 106
Trd, 431631.050, 98
Trd, 431631.450, 93
Trd, 431632.483, 106
Trd, 431634.067, 104
Trd, 431634.333, 95
Trd, 431635.850, 95
Trd, 431636.467, 106
Trd, 431636.967, 91
Trd, 431637.183, 90
Trd, 431637.333, 94
Trd, 431637.917, 95
Trd, 431637.983, 87
Trd, 431638.200, 113
Trd, 431638.883, 107
Trd, 431639.950, 92
Trd, 431640.350, 91
Trd, 431640.533, 90
Trd, 431642.583, 94
Trd, 431643.267, 97
Trd, 431643.967, 96
Trd, 431645.350, 100
Trd, 431646.200, 99
Trd, 431647.350, 98
Trd, 431647.833, 97
Trd, 431648.350, 101
Trd, 431648.783, 104
Trd, 431648.967, 93
Trd, 431649.150, 107
Trd, 431650.900, 94
Trd, 431651.850, 98
Trd, 431652.150, 109
Trd, 431652.517, 111
Trd, 431652.783, 99
Trd, 431653.700, 103
Trd, 431654.200, 93
Trd, 431654.733, 90
Trd, 431655.533, 85
Trd, 431655.700, 90
Trd, 431656.733, 96
Trd, 431657.267, 91
Trd, 431657.883, 101
Trd, 431657.917, 103
Trd, 431657.983, 89
Trd, 431659.617, 103
Trd, 431659.650, 94
Trd, 431660.000, 105
Trd, 431660.717, 107
Trd, 431661.233, 95
Trd, 431661.967, 100
Trd, 431662.217, 101
Trd, 431662.417, 116
Trd, 431662.817, 116
Trd, 431663.933, 115
Trd, 431664.117, 112
Trd, 431666.150, 112
Trd, 431666.333, 111
Trd, 431666.350, 106
Trd, 431666.817, 103
Trd, 431668.000, 107
Trd, 431668.183, 98
Trd, 431669.667, 103
Trd, 431669.683, 99
Trd, 431671.067, 99
Trd, 431671.217, 101
Trd, 431671.833, 109
Trd, 431672.550, 108
Trd, 431673.033, 106
Trd, 431673.500, 110
Trd, 431673.750, 105
Trd, 431673.867, 104
Trd, 431674.517, 103
Trd, 431674.683, 100
Trd, 431675.650, 100
Trd, 431676.983, 102
Trd, 431677.183, 103
Trd, 431677.467, 104
Trd, 431677.667, 98
Trd, 431679.883, 99
Trd, 431680.467, 100
Trd, 431681.300, 106
Trd, 431681.883, 108
Trd, 431683.083, 105
Trd, 431683.367, 104
Trd, 431684.433, 104
Trd, 431684.767, 103
Trd, 431685.300, 101
Trd, 431685.517, 96
Trd, 431686.850, 95
Trd, 431686.950, 102
Trd, 431686.983, 104
Trd, 431687.683, 94
Trd, 431688.200, 93
Trd, 431688.350, 90
Trd, 431688.683, 84
Trd, 431689.150, 102
Trd, 431690.700, 99
Trd, 431691.667, 92
Trd, 431692.033, 98
Trd, 431693.367, 94
Trd, 431694.117, 97
Trd, 431694.267, 94
Trd, 431694.817, 95
Trd, 431694.933, 98
Trd, 431695.133, 105
Trd, 431696.050, 106
Trd, 431696.350, 116
Trd, 431696.450, 117
Trd, 431698.467, 98
Trd, 431698.517, 97
Trd, 431698.667, 90
Trd, 431699.550, 100
Trd, 431699.600, 120
Trd, 431701.400, 115
Trd, 431703.733, 109
Trd, 431704.017, 110
Trd, 431704.400, 109
Trd, 431704.900, 105
Trd, 431704.950, 107
Trd, 431705.367, 103
Trd, 431705.617, 109
Trd, 431706.050, 93
Trd, 431706.383, 90
Trd, 431707.000, 98
Trd, 431707.017, 99
Trd, 431707.950, 85
Trd, 431708.100, 87
Trd, 431708.833, 88
Trd, 431709.017, 89
Trd, 431709.183, 98
Trd, 431709.967, 110
Trd, 431710.233, 90
Trd, 431711.350, 96
Trd, 431711.850, 90
Trd, 431713.167, 102
Trd, 431713.717, 118
Trd, 431713.750, 105
Trd, 431714.700, 106
Trd, 431714.750, 114
Trd, 431716.400, 115
Trd, 431716.467, 102
Trd, 431717.833, 103
Trd, 431718.150, 104
Trd, 431718.183, 114
Trd, 431718.333, 102
Trd, 431718.567, 117
Trd, 431719.233, 102
Trd, 431720.483, 113
Trd, 431721.933, 110
Trd, 431722.017, 107
Trd, 431723.567, 100
Trd, 431724.233, 94
Trd, 431724.500, 93
Trd, 431724.867, 90
Trd, 431725.917, 99
Trd, 431726.350, 90
Trd, 431726.417, 98
Trd, 431726.733, 98
Trd, 431727.883, 97
Trd, 431728.967, 106
Trd, 431730.067, 104
Trd, 431730.617, 104
Trd, 431730.883, 104
Trd, 431731.700, 105
Trd, 431731.717, 107
Trd, 431731.767, 104
Trd, 431731.900, 101
Trd, 431732.217, 93
Trd, 431732.883, 116
Trd, 431733.167, 89
Trd, 431733.400, 89
Trd, 431734.350, 89
Trd, 431734.450, 87
Trd, 431736.433, 105
Trd, 431736.450, 103
Trd, 431737.317, 100
Trd, 431737.967, 98
Trd, 431737.983, 101
Trd, 431738.467, 109
Trd, 431739.267, 102
Trd, 431739.717, 115
Trd, 431740.383, 105
Trd, 431740.767, 102
Trd, 431742.100, 111
Trd, 431743.433, 105
Trd, 431743.517, 106
Trd, 431743.900, 105
Trd, 431744.617, 105
Trd, 431744.667, 105
Trd, 431746.167, 105
Trd, 431746.767, 104
Trd, 431748.483, 104
Trd, 431749.100, 102
Trd, 431749.667, 105
Trd, 431750.217, 108
Trd, 431750.500, 105
Trd, 431750.933, 108
Trd, 431751.633, 101
Trd, 431752.000, 101
Trd, 431752.600, 103
Trd, 431752.867, 104
Trd, 431752.917, 105
Trd, 431752.967, 106
Trd, 431753.433, 103
Trd, 431754.283, 100
Trd, 431755.783, 98
Trd, 431756.050, 93
Trd, 431756.100, 90
Trd, 431756.417, 87
Trd, 431757.583, 83
Trd, 431757.983, 84
Trd, 431758.783, 87
Trd, 431760.400, 93
Trd, 431760.567, 95
Trd, 431760.817, 100
Trd, 431762.933, 97
Trd, 431763.233, 100
Trd, 431764.483, 99
Trd, 431764.717, 101
Trd, 431764.750, 105
Trd, 431766.017, 102
Trd, 431766.417, 102
Trd, 431767.950, 104
Trd, 431767.967, 101
Trd, 431768.233, 99
Trd, 431768.717, 93
Trd, 431769.483, 99
Trd, 431769.950, 107
Trd, 431771.750, 104
Trd, 431771.883, 108
Trd, 431772.467, 106
Trd, 431772.683, 111
Trd, 431772.833, 105
Trd, 431774.433, 103
Trd, 431774.450, 101
Trd, 431774.750, 99
Trd, 431775.033, 104
Trd, 431775.383, 99
Trd, 431776.267, 97
Trd, 431777.683, 91
Trd, 431778.100, 96
Trd, 431778.300, 96
Trd, 431778.417, 90
Trd, 431779.267, 104
Trd, 431779.683, 111
Trd, 431779.883, 104
Trd, 431780.217, 111
Trd, 431780.317, 117
Trd, 431782.550, 104
Trd, 431783.350, 104
Trd, 431783.967, 92
Trd, 431785.800, 94
Trd, 431786.183, 101
Trd, 431786.417, 100
Trd, 431786.500, 98
Trd, 431787.417, 98
Trd, 431787.833, 100
Trd, 431788.733, 98
Trd, 431789.617, 99
Trd, 431790.233, 99
Trd, 431790.367, 100
Trd, 431790.433, 101
Trd, 431791.583, 106
Trd, 431791.867, 107
Trd, 431792.117, 105
Trd, 431792.683, 111
Trd, 431792.983, 104
Trd, 431795.183, 103
Trd, 431796.300, 103
Trd, 431796.467, 101
Trd, 431796.533, 97
Trd, 431796.767, 93
Trd, 431798.300, 94
Trd, 431798.600, 98
Trd, 431800.033, 84
Trd, 431800.300, 91
Trd, 431801.367, 90
Trd, 431801.633, 100
Trd, 431801.650, 87
Trd, 431801.833, 89
Trd, 431802.083, 90
Trd, 431802.633, 100
Trd, 431803.367, 99
Trd, 431803.683, 101
Trd, 431803.817, 98
Trd, 431804.067, 106
Trd, 431805.683, 104
Trd, 431807.183, 106
Trd, 431807.333, 107
Trd, 431807.567, 104
Trd, 431808.417, 111
Trd, 431808.533, 100
Trd, 431808.583, 90
Trd, 431809.550, 87
Trd, 431810.300, 87
Trd, 431811.467, 115
Trd, 431811.717, 117
Trd, 431812.000, 107
Trd, 431813.017, 110
Trd, 431813.283, 111
Trd, 431813.333, 107
Trd, 431813.383, 119
Trd, 431815.217, 106
Trd, 431815.233, 103
Trd, 431816.717, 103
Trd, 431817.150, 102
Trd, 431817.417, 117
Trd, 431818.767, 106
Trd, 431818.850, 116
Trd, 431818.950, 104
Trd, 431819.350, 95
Trd, 431819.617, 101
Trd, 431820.083, 111
Trd, 431822.283, 107
Trd, 431822.650, 110
Trd, 431823.350, 112
Trd, 431824.150, 112
Trd, 431824.400, 111
Trd, 431826.200, 110
Trd, 431826.600, 97
Trd, 431826.917, 104
Trd, 431826.967, 97
Trd, 431827.867, 96
Trd, 431828.467, 93
Trd, 431828.800, 90
Trd, 431828.883, 107
Trd, 431829.650, 114
Trd, 431831.050, 98
Trd, 431831.833, 105
Trd, 431832.050, 104
Trd, 431833.117, 109
Trd, 431833.867, 111
Trd, 431834.250, 104
Trd, 431834.500, 102
Trd, 431834.533, 101
Trd, 431834.583, 98
Trd, 431836.767, 102
Trd, 431837.433, 103
Trd, 431837.450, 95
Trd, 431837.867, 101
Trd, 431839.800, 93
Trd, 431840.017, 92
Trd, 431841.083, 91
Trd, 431841.733, 92
Trd, 431843.100, 94
Trd, 431843.467, 95
Trd, 431843.600, 93
Trd, 431843.933, 92
Trd, 431844.150, 96
Trd, 431844.700, 98
Trd, 431844.817, 101
Trd, 431846.367, 93
Trd, 431846.733, 94
Trd, 431847.050, 93
Trd, 431847.433, 105
Trd, 431847.950, 99
Trd, 431849.267, 101
Trd, 431850.283, 102
Trd, 431851.100, 98
Trd, 431851.267, 103
Trd, 431851.500, 91
Trd, 431851.783, 92
Trd, 431853.200, 94
Trd, 431853.400, 93
Trd, 431854.250, 103
Trd, 431854.767, 96
Trd, 431855.817, 100
Trd, 431856.983, 103
Trd, 431857.167, 104
Trd, 431858.367, 100
Trd, 431859.183, 101
Trd, 431859.650, 103
Trd, 431859.933, 101
Trd, 431860.167, 93
Trd, 431860.550, 90
Trd, 431860.617, 106
Trd, 431861.667, 107
Trd, 431862.167, 110
Trd, 431863.500, 115
Trd, 431864.633, 114
Trd, 431864.817, 112
Trd, 431865.983, 106
Trd, 431866.117, 111
Trd, 431866.650, 107
Trd, 431866.667, 106
Trd, 431866.733, 105
Trd, 431867.200, 101
Trd, 431867.517, 104
Trd, 431868.717, 106
Trd, 431869.250, 103
Trd, 431870.050, 109
Trd, 431870.067, 93
Trd, 431870.750, 109
Trd, 431871.583, 108
Trd, 431872.033, 111
Trd, 431872.233, 111
Trd, 431872.283, 105
Trd, 431873.083, 105
Trd, 431874.217, 105
Trd, 431874.283, 101
Trd, 431874.350, 98
Trd, 431876.200, 103
Trd, 431877.250, 101
Trd, 431877.917, 101
Trd, 431879.933, 105
Trd, 431880.400, 104
Trd, 431880.617, 104
Trd, 431880.983, 102
Trd, 431881.283, 114
Trd, 431881.483, 102
Trd, 431881.500, 98
Trd, 431882.350, 94
Trd, 431882.633, 93
Trd, 431883.300, 98
Trd, 431883.817, 107
Trd, 431885.367, 96
Trd, 431886.000, 96
Trd, 431886.817, 106
Trd, 431887.567, 102
Trd, 431887.750, 101
Trd, 431888.200, 104
Trd, 431888.317, 101
Trd, 431888.600, 100
Trd, 431889.267, 90
Trd, 431889.350, 106
Trd, 431890.933, 91
Trd, 431891.250, 97
Trd, 431891.450, 115
Trd, 431891.533, 87
Trd, 431893.150, 105
Trd, 431893.567, 113
Trd, 431894.900, 105
Trd, 431896.200, 109
Trd, 431896.317, 108
Trd, 431897.017, 105
Trd, 431899.400, 109
Trd, 431899.617, 106
Trd, 431899.667, 113
Trd, 431901.067, 106
Trd, 431901.683, 104
Trd, 431902.117, 101
Trd, 431902.517, 94
Trd, 431903.017, 106
Trd, 431903.900, 93
Trd, 431903.917, 106
Trd, 431903.983, 117
Trd, 431904.033, 94
Trd, 431905.467, 116
Trd, 431906.550, 104
Trd, 431906.917, 98
Trd, 431907.400, 101
Trd, 431908.817, 95
Trd, 431909.117, 94
Trd, 431909.400, 96
Trd, 431909.500, 93
Trd, 431911.400, 93
Trd, 431912.600, 92
Trd, 431913.617, 87
Trd, 431914.450, 90
Trd, 431914.867, 94
Trd, 431914.883, 98
Trd, 431915.933, 104
Trd, 431916.233, 106
Trd, 431916.650, 104
Trd, 431916.917, 104
Trd, 431917.100, 104
Trd, 431918.067, 103
Trd, 431919.000, 106
Trd, 431919.083, 108
Trd, 431920.183, 104
Trd, 431920.467, 104
Trd, 431920.700, 105
Trd, 431921.017, 103
Trd, 431921.183, 109
Trd, 431921.300, 101
Trd, 431922.717, 105
Trd, 431924.833, 104
Trd, 431924.850, 102
Trd, 431925.500, 102
Trd, 431926.200, 101
Trd, 431926.217, 99
Trd, 431926.667, 101
Trd, 431927.283, 101
Trd, 431929.150, 101
Trd, 431929.650, 97
Trd, 431931.150, 99
Trd, 431931.917, 94
Trd, 431932.783, 94
Trd, 431932.933, 93
Trd, 431933.317, 96
Trd, 431934.483, 91
Trd, 431934.533, 97
Trd, 431934.617, 90
Trd, 431935.317, 97
Trd, 431936.667, 98
Trd, 431937.667, 97
Trd, 431938.017, 101
Trd, 431938.583, 103
Trd, 431938.817, 104
Trd, 431939.017, 113
Trd, 431939.150, 114
Trd, 431940.167, 117
Trd, 431940.217, 116
Trd, 431940.567, 113
Trd, 431941.200, 99
Trd, 431941.700, 105
Trd, 431941.933, 98
Trd, 431942.233, 99
Trd, 431942.400, 97
Trd, 431943.767, 102
Trd, 431943.800, 93
Trd, 431944.100, 90
Trd, 431946.267, 98
Trd, 431946.767, 99
Trd, 431947.100, 101
Trd, 431947.417, 94
Trd, 431949.417, 98
Trd, 431950.783, 106
Trd, 431951.517, 106
Trd, 431951.717, 104
Trd, 431952.333, 108
Trd, 431952.367, 107
Trd, 431952.883, 107
Trd, 431953.450, 96
Trd, 431954.067, 85
Trd, 431954.150, 84
Trd, 431955.267, 107
Trd, 431955.767, 92
Trd, 431956.133, 103
Trd, 431956.367, 106
Trd, 431957.800, 93
Trd, 431957.917, 105
Trd, 431959.650, 101
Trd, 431960.350, 101
Trd, 431961.533, 107
Trd, 431961.550, 105
Trd, 431962.650, 107
Trd, 431963.050, 104
Trd, 431963.283, 110
Trd, 431963.500, 103
Trd, 431964.650, 97
Trd, 431965.217, 93
Trd, 431965.600, 110
Trd, 431965.783, 97
Trd, 431967.050, 90
Trd, 431967.467, 105
Trd, 431968.250, 101
Trd, 431970.650, 103
Trd, 431970.833, 100
Trd, 431971.033, 100
Trd, 431971.083, 92
Trd, 431971.367, 98
Trd, 431971.650, 101
Trd, 431972.717, 100
Trd, 431972.750, 101
Trd, 431973.417, 101
Trd, 431973.717, 110
Trd, 431973.900, 100
Trd, 431974.917, 110
Trd, 431975.417, 104
Trd, 431977.250, 99
Trd, 431977.700, 101
Trd, 431978.900, 102
Trd, 431980.050, 94
Trd, 431980.633, 100
Trd, 431980.983, 95
Trd, 431981.050, 93
Trd, 431982.600, 95
Trd, 431983.533, 90
Trd, 431984.083, 94
Trd, 431984.233, 95
Trd, 431984.567, 95
Trd, 431984.767, 87
Trd, 431985.600, 105
Trd, 431985.900, 106
Trd, 431986.050, 114
Trd, 431986.867, 102
Trd, 431986.950, 100
Trd, 431986.967, 98
Trd, 431989.100, 108
Trd, 431989.633, 106
Trd, 431989.917, 108
Trd, 431990.100, 108
Trd, 431990.267, 104
Trd, 431990.450, 103
Trd, 431991.433, 99
Trd, 431992.367, 105
Trd, 431992.550, 104
Trd, 431994.317, 114
Trd, 431995.067, 116
Trd, 431995.617, 104
Trd, 431996.033, 117
Trd, 431996.267, 97
Trd, 431997.067, 94
Trd, 431997.767, 101
Trd, 431998.167, 99
Trd, 431998.467, 91
Trd, 431999.383, 97
Trd, 431999.700, 100
