Trd, 430664.450, 82
Trd, 430665.783, 101
Trd, 430666.850, 95
Trd, 430667.350, 105
Trd, 430667.417, 104
Trd, 430667.433, 105
Trd, 430668.767, 105
Trd, 430668.917, 92
Trd, 430669.267, 91
Trd, 430669.517, 95
Trd, 430669.717, 90
Trd, 430671.367, 102
Trd, 430673.183, 104
Trd, 430674.100, 101
Trd, 430674.117, 93
Trd, 430675.017, 102
Trd, 430677.133, 95
Trd, 430677.283, 104
Trd, 430677.967, 106
Trd, 430678.633, 104
Trd, 430679.933, 97
Trd, 430680.583, 107
Trd, 430681.350, 98
Trd, 430681.783, 94
Trd, 430681.967, 102
Trd, 430682.533, 102
Trd, 430682.883, 85
Trd, 430683.067, 109
Trd, 430683.300, 83
Trd, 430684.117, 88
Trd, 430684.183, 87
Trd, 430684.317, 83
Trd, 430684.750, 111
Trd, 430686.567, 100
Trd, 430687.467, 103
Trd, 430687.967, 91
Trd, 430688.100, 90
Trd, 430688.317, 102
Trd, 430689.483, 104
Trd, 430690.000, 96
Trd, 430690.850, 102
Trd, 430693.483, 99
Trd, 430694.200, 105
Trd, 430695.150, 99
Trd, 430695.550, 98
Trd, 430695.617, 103
Trd, 430695.650, 104
Trd, 430695.767, 93
Trd, 430696.150, 90
Trd, 430697.117, 91
Trd, 430697.217, 106
Trd, 430697.300, 82
Trd, 430698.333, 108
Trd, 430700.567, 99
Trd, 430700.633, 106
Trd, 430700.683, 109
Trd, 430701.117, 97
Trd, 430701.467, 97
Trd, 430701.783, 93
Trd, 430703.433, 102
Trd, 430703.583, 92
Trd, 430703.917, 112
Trd, 430704.550, 105
Trd, 430705.517, 87
Trd, 430705.700, 88
Trd, 430707.583, 104
Trd, 430708.200, 106
Trd, 430709.367, 107
Trd, 430709.883, 108
Trd, 430709.950, 107
Trd, 430710.033, 107
Trd, 430710.200, 106
Trd, 430711.433, 98
Trd, 430712.850, 93
Trd, 430713.850, 93
Trd, 430714.150, 87
Trd, 430714.400, 98
Trd, 430715.917, 104
Trd, 430716.583, 89
Trd, 430717.733, 93
Trd, 430719.217, 101
Trd, 430719.500, 97
Trd, 430720.300, 104
Trd, 430720.917, 106
Trd, 430720.983, 101
Trd, 430721.883, 98
Trd, 430722.283, 105
Trd, 430722.367, 98
Trd, 430724.067, 99
Trd, 430724.083, 102
Trd, 430724.567, 104
Trd, 430724.917, 106
Trd, 430725.133, 97
Trd, 430725.333, 109
Trd, 430726.133, 106
Trd, 430728.500, 112
Trd, 430729.017, 98
Trd, 430729.567, 102
Trd, 430730.233, 98
Trd, 430730.300, 99
Trd, 430730.433, 100
Trd, 430730.700, 94
Trd, 430730.717, 93
Trd, 430731.867, 82
Trd, 430732.617, 82
Trd, 430733.433, 82
Trd, 430734.417, 84
Trd, 430735.283, 83
Trd, 430735.733, 79
Trd, 430735.950, 71
Trd, 430736.250, 87
Trd, 430737.500, 96
Trd, 430737.583, 75
Trd, 430737.917, 95
Trd, 430740.017, 96
Trd, 430740.533, 90
Trd, 430741.383, 93
Trd, 430741.433, 93
Trd, 430742.300, 98
Trd, 430742.650, 97
Trd, 430742.717, 103
Trd, 430744.233, 96
Trd, 430744.917, 97
Trd, 430745.983, 89
Trd, 430746.067, 100
Trd, 430746.817, 91
Trd, 430747.217, 96
Trd, 430747.917, 90
Trd, 430748.183, 98
Trd, 430750.983, 90
Trd, 430751.017, 104
Trd, 430751.450, 101
Trd, 430752.617, 91
Trd, 430752.850, 91
Trd, 430753.117, 100
Trd, 430753.183, 83
Trd, 430753.200, 103
Trd, 430753.767, 84
Trd, 430754.167, 86
Trd, 430755.633, 106
Trd, 430755.783, 109
Trd, 430756.817, 104
Trd, 430757.717, 114
Trd, 430758.333, 86
Trd, 430758.667, 113
Trd, 430759.667, 85
Trd, 430759.767, 88
Trd, 430760.067, 87
Trd, 430760.600, 98
Trd, 430761.817, 90
Trd, 430761.850, 89
Trd, 430762.000, 89
Trd, 430763.633, 95
Trd, 430763.683, 99
Trd, 430763.767, 101
Trd, 430765.133, 102
Trd, 430765.500, 105
Trd, 430766.150, 90
Trd, 430768.733, 84
Trd, 430768.750, 82
Trd, 430769.200, 81
Trd, 430769.383, 82
Trd, 430770.333, 100
Trd, 430770.650, 80
Trd, 430771.083, 84
Trd, 430773.967, 98
Trd, 430774.217, 92
Trd, 430774.417, 92
Trd, 430775.133, 93
Trd, 430775.267, 94
Trd, 430775.517, 92
Trd, 430775.717, 96
Trd, 430776.200, 98
Trd, 430776.333, 104
Trd, 430776.667, 87
Trd, 430778.217, 102
Trd, 430778.917, 101
Trd, 430779.583, 102
Trd, 430779.900, 95
Trd, 430780.733, 106
Trd, 430782.133, 104
Trd, 430782.650, 102
Trd, 430784.100, 102
Trd, 430784.167, 103
Trd, 430784.233, 104
Trd, 430784.333, 101
Trd, 430784.950, 100
Trd, 430785.617, 98
Trd, 430786.033, 87
Trd, 430786.100, 83
Trd, 430787.000, 82
Trd, 430787.150, 106
Trd, 430787.467, 80
Trd, 430788.233, 103
Trd, 430788.583, 95
Trd, 430789.917, 96
Trd, 430790.967, 104
Trd, 430793.200, 93
Trd, 430793.483, 88
Trd, 430794.467, 98
Trd, 430795.017, 94
Trd, 430796.150, 96
Trd, 430796.300, 93
Trd, 430796.867, 94
Trd, 430798.633, 94
Trd, 430799.117, 104
Trd, 430799.150, 107
Trd, 430799.200, 82
Trd, 430800.000, 81
Trd, 430801.250, 83
Trd, 430801.483, 101
Trd, 430803.367, 85
Trd, 430803.633, 85
Trd, 430803.817, 99
Trd, 430804.050, 100
Trd, 430804.350, 85
Trd, 430806.767, 98
Trd, 430806.783, 94
Trd, 430806.867, 99
Trd, 430806.900, 93
Trd, 430808.783, 88
Trd, 430808.817, 96
Trd, 430808.850, 82
Trd, 430809.433, 102
Trd, 430810.217, 97
Trd, 430810.650, 89
Trd, 430811.500, 84
Trd, 430812.067, 85
Trd, 430813.200, 94
Trd, 430813.567, 104
Trd, 430814.100, 108
Trd, 430814.450, 108
Trd, 430816.833, 97
Trd, 430817.167, 90
Trd, 430818.017, 89
Trd, 430818.783, 88
Trd, 430819.233, 97
Trd, 430819.667, 96
Trd, 430820.367, 98
Trd, 430821.767, 82
Trd, 430822.167, 99
Trd, 430822.183, 83
Trd, 430823.667, 98
Trd, 430824.033, 104
Trd, 430825.367, 94
Trd, 430825.833, 106
Trd, 430826.000, 107
Trd, 430826.067, 93
Trd, 430826.600, 91
Trd, 430826.650, 90
Trd, 430827.367, 83
Trd, 430829.083, 99
Trd, 430829.133, 98
Trd, 430830.367, 94
Trd, 430831.183, 98
Trd, 430831.717, 94
Trd, 430831.867, 97
Trd, 430834.533, 97
Trd, 430835.300, 107
Trd, 430836.217, 104
Trd, 430836.350, 92
Trd, 430836.367, 91
Trd, 430837.217, 99
Trd, 430838.533, 91
Trd, 430840.833, 97
Trd, 430841.367, 93
Trd, 430841.633, 83
Trd, 430842.300, 98
Trd, 430842.367, 99
Trd, 430843.267, 104
Trd, 430843.383, 94
Trd, 430843.650, 93
Trd, 430844.400, 107
Trd, 430844.800, 106
Trd, 430845.850, 99
Trd, 430846.133, 95
Trd, 430846.650, 84
Trd, 430846.783, 90
Trd, 430848.333, 98
Trd, 430849.317, 99
Trd, 430849.350, 97
Trd, 430850.283, 97
Trd, 430850.500, 98
Trd, 430850.567, 95
Trd, 430851.767, 101
Trd, 430852.483, 109
Trd, 430853.817, 99
Trd, 430854.150, 97
Trd, 430854.750, 105
Trd, 430855.717, 102
Trd, 430856.050, 102
Trd, 430856.183, 103
Trd, 430856.300, 99
Trd, 430856.450, 98
Trd, 430858.800, 95
Trd, 430859.683, 89
Trd, 430861.100, 93
Trd, 430862.433, 96
Trd, 430862.517, 87
Trd, 430863.983, 90
Trd, 430864.667, 99
Trd, 430864.817, 84
Trd, 430865.100, 104
Trd, 430865.217, 87
Trd, 430865.433, 85
Trd, 430866.400, 86
Trd, 430866.550, 95
Trd, 430868.233, 95
Trd, 430869.317, 91
Trd, 430869.500, 90
Trd, 430869.700, 89
Trd, 430870.467, 95
Trd, 430871.150, 85
Trd, 430871.267, 98
Trd, 430871.650, 104
Trd, 430873.050, 95
Trd, 430873.833, 95
Trd, 430874.017, 82
Trd, 430874.967, 95
Trd, 430876.167, 86
Trd, 430877.833, 104
Trd, 430878.800, 86
Trd, 430879.300, 82
Trd, 430879.950, 79
Trd, 430880.250, 92
Trd, 430881.367, 98
Trd, 430881.533, 88
Trd, 430881.650, 100
Trd, 430883.100, 96
Trd, 430883.867, 96
Trd, 430885.467, 99
Trd, 430886.083, 103
Trd, 430886.133, 104
Trd, 430886.717, 107
Trd, 430887.067, 101
Trd, 430887.917, 94
Trd, 430888.017, 94
Trd, 430889.850, 98
Trd, 430890.783, 98
Trd, 430891.133, 93
Trd, 430891.500, 103
Trd, 430891.567, 89
Trd, 430891.900, 83
Trd, 430892.050, 104
Trd, 430892.267, 107
Trd, 430893.283, 106
Trd, 430893.517, 98
Trd, 430893.650, 95
Trd, 430894.283, 88
Trd, 430894.500, 81
Trd, 430896.533, 93
Trd, 430896.933, 87
Trd, 430897.283, 98
Trd, 430897.550, 99
Trd, 430897.767, 86
Trd, 430897.800, 101
Trd, 430898.117, 103
Trd, 430900.283, 104
Trd, 430901.033, 96
Trd, 430901.833, 106
Trd, 430902.517, 97
Trd, 430903.150, 109
Trd, 430903.800, 107
Trd, 430904.200, 108
Trd, 430905.033, 106
Trd, 430905.550, 101
Trd, 430906.900, 106
Trd, 430907.083, 108
Trd, 430907.300, 109
Trd, 430907.800, 104
Trd, 430908.067, 106
Trd, 430908.833, 99
Trd, 430909.283, 113
Trd, 430909.600, 94
Trd, 430912.083, 95
Trd, 430912.100, 93
Trd, 430912.617, 87
Trd, 430913.833, 95
Trd, 430914.083, 102
Trd, 430914.700, 89
Trd, 430918.017, 85
Trd, 430918.833, 94
Trd, 430918.967, 98
Trd, 430919.467, 104
Trd, 430920.983, 97
Trd, 430921.033, 96
Trd, 430922.083, 98
Trd, 430922.367, 96
Trd, 430922.567, 95
Trd, 430923.350, 96
Trd, 430923.683, 90
Trd, 430924.117, 96
Trd, 430924.267, 86
Trd, 430924.567, 94
Trd, 430924.767, 82
Trd, 430924.983, 98
Trd, 430925.350, 84
Trd, 430925.983, 79
Trd, 430926.483, 101
Trd, 430928.350, 104
Trd, 430928.483, 106
Trd, 430929.083, 98
Trd, 430930.483, 93
Trd, 430930.533, 88
Trd, 430930.583, 102
Trd, 430931.067, 101
Trd, 430931.183, 95
Trd, 430932.167, 95
Trd, 430932.683, 109
Trd, 430933.533, 86
Trd, 430935.483, 87
Trd, 430937.533, 84
Trd, 430937.583, 82
Trd, 430937.883, 93
Trd, 430938.100, 79
Trd, 430939.333, 82
Trd, 430939.667, 90
Trd, 430940.567, 95
Trd, 430940.600, 80
Trd, 430940.633, 79
Trd, 430942.333, 84
Trd, 430942.417, 98
Trd, 430942.900, 98
Trd, 430943.167, 99
Trd, 430944.033, 104
Trd, 430944.967, 109
Trd, 430945.100, 113
Trd, 430947.267, 99
Trd, 430948.217, 100
Trd, 430948.467, 98
Trd, 430948.617, 97
Trd, 430949.417, 95
Trd, 430949.550, 100
Trd, 430949.933, 102
Trd, 430949.983, 94
Trd, 430950.417, 104
Trd, 430950.867, 93
Trd, 430952.100, 96
Trd, 430952.600, 98
Trd, 430953.133, 87
Trd, 430953.483, 87
Trd, 430953.617, 102
Trd, 430954.167, 82
Trd, 430954.867, 104
Trd, 430956.300, 86
Trd, 430957.283, 93
Trd, 430957.433, 102
Trd, 430958.667, 104
Trd, 430958.750, 92
Trd, 430960.417, 104
Trd, 430960.500, 99
Trd, 430960.767, 97
Trd, 430960.783, 95
Trd, 430961.517, 104
Trd, 430962.083, 86
Trd, 430964.317, 105
Trd, 430965.817, 106
Trd, 430966.133, 97
Trd, 430966.867, 97
Trd, 430967.183, 98
Trd, 430967.817, 100
Trd, 430968.233, 104
Trd, 430968.567, 103
Trd, 430969.517, 105
Trd, 430969.850, 111
Trd, 430971.100, 114
Trd, 430972.733, 106
Trd, 430972.800, 98
Trd, 430972.950, 93
Trd, 430973.383, 93
Trd, 430974.283, 92
Trd, 430974.367, 104
Trd, 430975.650, 82
Trd, 430976.100, 99
Trd, 430976.117, 83
Trd, 430976.350, 97
Trd, 430977.317, 81
Trd, 430978.400, 84
Trd, 430978.633, 87
Trd, 430980.333, 90
Trd, 430981.433, 100
Trd, 430981.450, 101
Trd, 430982.867, 92
Trd, 430983.950, 96
Trd, 430984.267, 103
Trd, 430984.633, 96
Trd, 430985.133, 103
Trd, 430987.233, 100
Trd, 430989.517, 96
Trd, 430989.617, 94
Trd, 430990.300, 102
Trd, 430990.517, 103
Trd, 430990.700, 104
Trd, 430990.883, 93
Trd, 430991.150, 87
Trd, 430991.183, 101
Trd, 430991.450, 87
Trd, 430991.817, 107
Trd, 430993.533, 91
Trd, 430993.550, 90
Trd, 430994.850, 82
Trd, 430995.017, 98
Trd, 430995.517, 98
Trd, 430996.200, 85
Trd, 430996.250, 86
Trd, 430996.283, 93
Trd, 430996.350, 98
Trd, 430997.500, 106
Trd, 430998.067, 88
Trd, 430999.150, 106
Trd, 430999.483, 92
Trd, 431000.950, 95
Trd, 431001.483, 94
Trd, 431003.583, 95
Trd, 431003.633, 111
Trd, 431004.217, 93
Trd, 431004.250, 111
Trd, 431005.983, 103
Trd, 431006.083, 102
Trd, 431006.350, 96
Trd, 431007.283, 85
Trd, 431007.950, 99
Trd, 431008.083, 87
Trd, 431009.517, 98
Trd, 431009.650, 100
Trd, 431009.733, 95
Trd, 431010.250, 96
Trd, 431010.350, 101
Trd, 431011.617, 96
Trd, 431012.300, 98
Trd, 431012.333, 93
Trd, 431012.600, 89
Trd, 431014.000, 103
Trd, 431014.517, 93
Trd, 431014.783, 82
Trd, 431015.133, 102
Trd, 431015.167, 104
Trd, 431016.433, 85
Trd, 431017.317, 84
Trd, 431019.383, 98
Trd, 431020.650, 98
Trd, 431021.083, 88
Trd, 431021.450, 86
Trd, 431021.867, 85
Trd, 431022.400, 104
Trd, 431022.767, 83
Trd, 431023.083, 107
Trd, 431024.900, 107
Trd, 431025.167, 107
Trd, 431025.850, 106
Trd, 431025.983, 103
Trd, 431027.183, 97
Trd, 431027.550, 93
Trd, 431029.017, 84
Trd, 431030.000, 107
Trd, 431030.150, 84
Trd, 431030.700, 108
Trd, 431030.883, 105
Trd, 431031.383, 109
Trd, 431032.533, 88
Trd, 431032.583, 88
Trd, 431032.883, 95
Trd, 431032.983, 88
Trd, 431033.617, 96
Trd, 431036.033, 98
Trd, 431037.217, 113
Trd, 431038.467, 90
Trd, 431038.733, 90
Trd, 431039.983, 108
Trd, 431040.067, 102
Trd, 431040.583, 109
Trd, 431040.833, 92
Trd, 431041.167, 93
Trd, 431041.950, 89
Trd, 431044.100, 89
Trd, 431044.783, 92
Trd, 431045.017, 87
Trd, 431045.250, 94
Trd, 431046.550, 96
Trd, 431047.100, 96
Trd, 431047.717, 98
Trd, 431048.100, 92
Trd, 431051.783, 98
Trd, 431051.967, 92
Trd, 431052.050, 91
Trd, 431052.133, 86
Trd, 431052.500, 102
Trd, 431052.800, 103
Trd, 431053.167, 95
Trd, 431054.133, 90
Trd, 431054.967, 92
Trd, 431056.100, 95
Trd, 431056.217, 98
Trd, 431056.417, 94
Trd, 431056.683, 108
Trd, 431058.050, 98
Trd, 431058.600, 93
Trd, 431059.517, 104
Trd, 431059.583, 82
Trd, 431060.067, 105
Trd, 431060.383, 106
Trd, 431061.700, 97
Trd, 431062.300, 97
Trd, 431063.117, 92
Trd, 431063.950, 93
Trd, 431065.383, 100
Trd, 431065.417, 99
Trd, 431065.517, 96
Trd, 431065.783, 101
Trd, 431067.017, 101
Trd, 431067.217, 97
Trd, 431067.983, 112
Trd, 431068.600, 115
Trd, 431068.633, 98
Trd, 431068.917, 117
Trd, 431070.267, 100
Trd, 431070.700, 101
Trd, 431071.100, 100
Trd, 431071.150, 100
Trd, 431071.233, 89
Trd, 431072.617, 92
Trd, 431074.133, 104
Trd, 431075.583, 93
Trd, 431076.300, 101
Trd, 431076.483, 107
Trd, 431077.067, 87
Trd, 431077.883, 108
Trd, 431078.117, 107
Trd, 431078.550, 107
Trd, 431078.900, 109
Trd, 431079.017, 106
Trd, 431080.167, 86
Trd, 431080.983, 97
Trd, 431081.350, 98
Trd, 431083.233, 97
Trd, 431083.500, 106
Trd, 431084.333, 98
Trd, 431084.417, 97
Trd, 431085.883, 106
Trd, 431086.433, 98
Trd, 431087.100, 96
Trd, 431087.900, 93
Trd, 431088.367, 98
Trd, 431089.567, 90
Trd, 431090.367, 99
Trd, 431090.617, 92
Trd, 431090.717, 99
Trd, 431090.867, 100
Trd, 431091.450, 101
Trd, 431091.583, 89
Trd, 431092.267, 109
Trd, 431092.600, 87
Trd, 431094.283, 108
Trd, 431096.083, 88
Trd, 431096.150, 86
Trd, 431096.517, 89
Trd, 431097.917, 91
Trd, 431098.283, 88
Trd, 431098.667, 97
Trd, 431100.483, 82
Trd, 431100.533, 84
Trd, 431101.933, 82
Trd, 431101.950, 95
Trd, 431102.300, 104
Trd, 431103.300, 118
Trd, 431104.100, 94
Trd, 431104.667, 99
Trd, 431105.217, 100
Trd, 431106.667, 103
Trd, 431106.767, 96
Trd, 431106.783, 104
Trd, 431106.800, 107
Trd, 431109.383, 100
Trd, 431109.500, 98
Trd, 431110.633, 98
Trd, 431111.500, 107
Trd, 431111.600, 106
Trd, 431112.033, 98
Trd, 431113.533, 86
Trd, 431113.850, 97
Trd, 431113.967, 102
Trd, 431114.567, 104
Trd, 431114.850, 108
Trd, 431115.483, 83
Trd, 431115.500, 82
Trd, 431115.533, 81
Trd, 431117.233, 81
Trd, 431119.683, 109
Trd, 431119.883, 106
Trd, 431120.517, 117
Trd, 431120.567, 105
Trd, 431121.217, 98
Trd, 431121.533, 106
Trd, 431121.550, 88
Trd, 431123.050, 92
Trd, 431123.217, 86
Trd, 431123.367, 95
Trd, 431123.383, 85
Trd, 431124.083, 82
Trd, 431124.550, 97
Trd, 431127.833, 93
Trd, 431128.417, 95
Trd, 431128.500, 93
Trd, 431129.967, 102
Trd, 431130.550, 84
Trd, 431130.800, 95
Trd, 431130.900, 101
Trd, 431130.950, 104
Trd, 431131.167, 84
Trd, 431131.400, 101
Trd, 431132.150, 84
Trd, 431133.917, 92
Trd, 431134.183, 108
Trd, 431134.233, 109
Trd, 431135.750, 108
Trd, 431135.833, 99
Trd, 431136.517, 96
Trd, 431136.550, 92
Trd, 431137.050, 92
Trd, 431137.567, 93
Trd, 431139.783, 94
Trd, 431140.483, 98
Trd, 431141.733, 102
Trd, 431141.767, 101
Trd, 431142.050, 104
Trd, 431142.267, 98
Trd, 431142.283, 108
Trd, 431143.083, 106
Trd, 431143.633, 91
Trd, 431143.733, 90
Trd, 431143.867, 86
Trd, 431143.917, 106
Trd, 431144.467, 109
Trd, 431145.300, 113
Trd, 431145.500, 99
Trd, 431146.600, 112
Trd, 431146.867, 98
Trd, 431148.950, 99
Trd, 431149.333, 97
Trd, 431149.933, 94
Trd, 431150.483, 98
Trd, 431150.683, 105
Trd, 431151.000, 107
Trd, 431153.167, 106
Trd, 431153.400, 96
Trd, 431154.883, 93
Trd, 431154.933, 88
Trd, 431155.950, 93
Trd, 431156.567, 95
Trd, 431156.933, 91
Trd, 431158.083, 92
Trd, 431158.717, 91
Trd, 431159.700, 90
Trd, 431161.433, 94
Trd, 431161.467, 96
Trd, 431162.067, 98
Trd, 431162.650, 101
Trd, 431163.633, 102
Trd, 431164.100, 104
Trd, 431164.650, 94
Trd, 431165.100, 106
Trd, 431165.217, 94
Trd, 431166.433, 95
Trd, 431166.850, 108
Trd, 431166.883, 108
Trd, 431167.183, 109
Trd, 431167.467, 98
Trd, 431168.267, 95
Trd, 431168.417, 93
Trd, 431168.950, 100
Trd, 431168.983, 87
Trd, 431170.533, 95
Trd, 431171.483, 96
Trd, 431171.550, 95
Trd, 431172.267, 84
Trd, 431172.517, 102
Trd, 431174.067, 82
Trd, 431175.617, 109
Trd, 431175.933, 106
Trd, 431176.483, 109
Trd, 431176.683, 106
Trd, 431177.033, 79
Trd, 431178.250, 86
Trd, 431180.083, 95
Trd, 431180.167, 98
Trd, 431180.883, 106
Trd, 431181.767, 96
Trd, 431181.800, 109
Trd, 431182.033, 95
Trd, 431182.250, 94
Trd, 431182.283, 112
Trd, 431182.917, 103
Trd, 431184.133, 81
Trd, 431184.817, 103
Trd, 431184.917, 88
Trd, 431185.917, 92
Trd, 431186.017, 82
Trd, 431186.217, 80
Trd, 431186.933, 104
Trd, 431187.133, 106
Trd, 431187.200, 107
Trd, 431187.833, 112
Trd, 431188.467, 96
Trd, 431189.133, 97
Trd, 431189.717, 96
Trd, 431189.817, 109
Trd, 431192.567, 120
Trd, 431193.083, 116
Trd, 431193.783, 112
Trd, 431194.767, 99
Trd, 431195.867, 100
Trd, 431195.883, 101
Trd, 431195.900, 98
Trd, 431195.917, 96
Trd, 431198.217, 109
Trd, 431199.433, 94
Trd, 431199.867, 93
Trd, 431200.717, 83
Trd, 431200.733, 98
Trd, 431201.333, 104
Trd, 431201.567, 84
Trd, 431203.750, 87
Trd, 431204.517, 95
Trd, 431204.567, 96
Trd, 431205.533, 102
Trd, 431206.550, 100
Trd, 431206.983, 98
Trd, 431207.200, 98
Trd, 431207.367, 97
Trd, 431208.417, 93
Trd, 431209.317, 93
Trd, 431209.983, 104
Trd, 431211.333, 104
Trd, 431212.283, 84
Trd, 431212.700, 102
Trd, 431213.000, 106
Trd, 431214.600, 91
Trd, 431214.900, 103
Trd, 431215.117, 104
Trd, 431215.583, 101
Trd, 431215.933, 102
Trd, 431217.567, 102
Trd, 431218.450, 107
Trd, 431218.967, 109
Trd, 431219.900, 103
Trd, 431220.950, 100
Trd, 431221.133, 98
Trd, 431222.133, 93
Trd, 431223.383, 97
Trd, 431224.600, 97
Trd, 431224.883, 95
Trd, 431224.900, 101
Trd, 431225.183, 93
Trd, 431225.333, 89
Trd, 431225.383, 80
Trd, 431227.017, 98
Trd, 431227.667, 83
Trd, 431227.900, 93
Trd, 431227.933, 94
Trd, 431228.617, 83
Trd, 431229.000, 82
Trd, 431229.350, 83
Trd, 431230.650, 94
Trd, 431232.767, 96
Trd, 431233.183, 98
Trd, 431233.350, 103
Trd, 431233.683, 104
Trd, 431235.283, 107
Trd, 431236.850, 101
Trd, 431237.350, 103
Trd, 431237.650, 99
Trd, 431238.233, 104
Trd, 431238.817, 88
Trd, 431239.517, 104
Trd, 431239.967, 98
Trd, 431240.083, 97
Trd, 431240.867, 84
Trd, 431241.733, 91
Trd, 431241.900, 93
Trd, 431242.017, 93
Trd, 431242.583, 92
Trd, 431244.117, 95
Trd, 431244.233, 93
Trd, 431244.533, 104
Trd, 431245.117, 108
Trd, 431245.533, 86
Trd, 431246.383, 87
Trd, 431248.350, 82
Trd, 431249.067, 83
Trd, 431249.817, 90
Trd, 431251.583, 85
Trd, 431251.633, 88
Trd, 431252.683, 98
Trd, 431253.367, 92
Trd, 431253.633, 91
Trd, 431254.517, 93
Trd, 431255.017, 95
Trd, 431255.633, 97
Trd, 431256.017, 103
Trd, 431256.050, 104
Trd, 431256.217, 107
Trd, 431256.483, 112
Trd, 431256.667, 117
Trd, 431256.733, 94
Trd, 431258.817, 96
Trd, 431259.200, 93
Trd, 431260.383, 83
Trd, 431260.667, 97
Trd, 431261.000, 99
Trd, 431261.500, 83
Trd, 431261.617, 103
Trd, 431261.867, 83
Trd, 431261.900, 104
Trd, 431263.667, 89
Trd, 431264.817, 100
Trd, 431266.183, 90
Trd, 431267.433, 90
Trd, 431268.000, 91
Trd, 431268.817, 92
Trd, 431268.983, 89
Trd, 431269.200, 79
Trd, 431269.633, 99
Trd, 431271.033, 79
Trd, 431272.683, 94
Trd, 431273.283, 98
Trd, 431273.400, 104
Trd, 431274.183, 109
Trd, 431275.067, 91
Trd, 431275.150, 97
Trd, 431275.983, 106
Trd, 431276.150, 101
Trd, 431277.533, 106
Trd, 431278.267, 105
Trd, 431278.317, 104
Trd, 431279.133, 98
Trd, 431280.717, 107
Trd, 431281.433, 96
Trd, 431282.317, 107
Trd, 431282.367, 107
Trd, 431283.033, 105
Trd, 431283.383, 103
Trd, 431285.067, 82
Trd, 431285.650, 84
Trd, 431285.783, 84
Trd, 431287.083, 98
Trd, 431287.700, 101
Trd, 431288.433, 98
Trd, 431288.550, 104
Trd, 431288.850, 108
Trd, 431289.667, 109
Trd, 431289.750, 115
Trd, 431290.050, 94
Trd, 431292.217, 98
Trd, 431292.817, 97
Trd, 431293.200, 91
Trd, 431294.717, 96
Trd, 431294.750, 98
Trd, 431295.083, 95
Trd, 431295.117, 94
Trd, 431295.867, 92
Trd, 431296.050, 85
Trd, 431296.950, 98
Trd, 431298.617, 96
Trd, 431300.017, 96
Trd, 431300.283, 101
Trd, 431301.383, 99
Trd, 431302.050, 101
Trd, 431302.467, 104
Trd, 431302.517, 106
Trd, 431302.700, 100
Trd, 431302.867, 98
Trd, 431303.350, 106
Trd, 431303.683, 95
Trd, 431303.933, 109
Trd, 431304.033, 94
Trd, 431305.933, 98
Trd, 431306.217, 93
Trd, 431306.250, 98
Trd, 431306.517, 88
Trd, 431306.750, 101
Trd, 431307.083, 85
Trd, 431308.983, 102
Trd, 431309.033, 103
Trd, 431311.333, 92
Trd, 431312.333, 101
Trd, 431312.633, 101
Trd, 431312.667, 109
Trd, 431314.400, 95
Trd, 431315.133, 97
Trd, 431315.783, 95
Trd, 431315.867, 94
Trd, 431315.983, 93
Trd, 431316.900, 95
Trd, 431317.383, 102
Trd, 431318.000, 85
Trd, 431319.100, 85
Trd, 431319.117, 101
Trd, 431319.167, 104
Trd, 431319.400, 85
Trd, 431320.417, 95
Trd, 431321.167, 89
Trd, 431321.833, 91
Trd, 431321.850, 93
Trd, 431322.000, 98
Trd, 431322.733, 88
Trd, 431325.517, 95
Trd, 431325.533, 91
Trd, 431328.817, 92
Trd, 431328.833, 97
Trd, 431329.217, 91
Trd, 431330.333, 95
Trd, 431331.533, 97
Trd, 431331.800, 94
Trd, 431332.133, 104
Trd, 431333.250, 94
Trd, 431333.450, 100
Trd, 431334.567, 106
Trd, 431334.800, 95
Trd, 431335.117, 94
Trd, 431335.300, 84
Trd, 431337.000, 88
Trd, 431337.267, 93
Trd, 431338.300, 93
Trd, 431338.533, 87
Trd, 431338.967, 87
Trd, 431340.017, 90
Trd, 431340.600, 98
Trd, 431341.033, 93
Trd, 431341.167, 88
Trd, 431341.267, 101
Trd, 431341.633, 104
Trd, 431342.517, 103
Trd, 431342.567, 109
Trd, 431344.183, 108
Trd, 431344.767, 96
Trd, 431345.133, 96
Trd, 431345.250, 104
Trd, 431345.517, 85
Trd, 431346.133, 85
Trd, 431347.467, 95
Trd, 431347.783, 98
Trd, 431347.950, 104
Trd, 431348.567, 99
Trd, 431349.400, 100
Trd, 431349.583, 108
Trd, 431351.250, 103
Trd, 431351.367, 98
Trd, 431351.850, 82
Trd, 431352.017, 107
Trd, 431353.800, 84
Trd, 431354.133, 100
Trd, 431355.583, 95
Trd, 431356.633, 106
Trd, 431356.833, 105
Trd, 431357.417, 108
Trd, 431358.117, 102
Trd, 431358.333, 109
Trd, 431358.733, 112
Trd, 431359.983, 102
Trd, 431360.067, 101
Trd, 431360.250, 117
Trd, 431360.583, 105
Trd, 431360.700, 96
Trd, 431362.367, 93
Trd, 431362.617, 84
Trd, 431362.883, 86
Trd, 431363.267, 83
Trd, 431364.883, 90
Trd, 431364.900, 87
Trd, 431366.367, 97
Trd, 431366.533, 105
Trd, 431367.017, 93
Trd, 431367.750, 94
Trd, 431368.033, 104
Trd, 431368.217, 109
Trd, 431370.100, 106
Trd, 431370.900, 103
Trd, 431371.117, 101
Trd, 431371.467, 106
Trd, 431371.617, 99
Trd, 431372.933, 107
Trd, 431373.533, 106
Trd, 431373.850, 98
Trd, 431374.900, 108
Trd, 431375.817, 93
Trd, 431376.550, 90
Trd, 431377.367, 108
Trd, 431377.733, 92
Trd, 431377.950, 109
Trd, 431378.517, 93
Trd, 431378.933, 106
Trd, 431379.100, 113
Trd, 431380.617, 104
Trd, 431381.317, 103
Trd, 431382.117, 101
Trd, 431383.033, 89
Trd, 431384.167, 92
Trd, 431386.150, 87
Trd, 431386.767, 86
Trd, 431388.267, 86
Trd, 431389.567, 90
Trd, 431389.617, 93
Trd, 431390.467, 98
Trd, 431390.700, 102
Trd, 431390.733, 86
Trd, 431391.033, 106
Trd, 431391.450, 102
Trd, 431392.250, 87
Trd, 431392.333, 104
Trd, 431392.550, 82
Trd, 431392.700, 97
Trd, 431393.233, 108
Trd, 431394.633, 82
Trd, 431395.150, 82
Trd, 431396.600, 83
Trd, 431396.800, 85
Trd, 431397.050, 97
Trd, 431397.283, 82
Trd, 431397.333, 81
Trd, 431397.383, 79
Trd, 431399.867, 92
Trd, 431400.300, 95
Trd, 431400.367, 95
Trd, 431400.967, 98
Trd, 431401.783, 98
Trd, 431402.650, 99
Trd, 431402.667, 97
Trd, 431402.883, 93
Trd, 431403.517, 102
Trd, 431403.600, 86
Trd, 431405.933, 99
Trd, 431406.283, 104
Trd, 431406.400, 88
Trd, 431407.050, 85
Trd, 431409.183, 91
Trd, 431409.833, 93
Trd, 431410.783, 86
Trd, 431411.900, 90
Trd, 431412.517, 96
Trd, 431412.600, 98
Trd, 431413.350, 97
Trd, 431413.683, 96
Trd, 431414.133, 102
Trd, 431414.900, 104
Trd, 431415.283, 108
Trd, 431416.450, 109
Trd, 431417.517, 112
Trd, 431417.983, 112
Trd, 431418.667, 98
Trd, 431418.800, 95
Trd, 431419.617, 95
Trd, 431421.050, 95
Trd, 431421.383, 101
Trd, 431421.833, 94
Trd, 431421.950, 93
Trd, 431423.000, 84
Trd, 431423.083, 82
Trd, 431424.183, 100
Trd, 431424.733, 103
Trd, 431426.067, 104
Trd, 431426.517, 108
Trd, 431426.900, 109
Trd, 431428.000, 93
Trd, 431428.150, 109
Trd, 431428.717, 80
Trd, 431430.450, 95
Trd, 431431.000, 90
Trd, 431431.217, 94
Trd, 431432.017, 93
Trd, 431432.567, 104
Trd, 431433.417, 92
Trd, 431434.750, 94
Trd, 431435.000, 108
Trd, 431435.200, 94
Trd, 431435.450, 109
Trd, 431435.950, 95
Trd, 431437.417, 95
Trd, 431437.767, 88
Trd, 431440.400, 90
Trd, 431440.483, 82
Trd, 431440.767, 91
Trd, 431441.667, 93
Trd, 431441.867, 90
Trd, 431442.033, 98
Trd, 431442.333, 101
Trd, 431442.383, 80
Trd, 431442.833, 91
Trd, 431444.150, 97
Trd, 431444.233, 98
Trd, 431444.683, 90
Trd, 431444.800, 101
Trd, 431445.000, 104
Trd, 431446.967, 95
Trd, 431449.950, 93
Trd, 431450.933, 93
Trd, 431451.517, 94
Trd, 431451.817, 93
Trd, 431452.250, 86
Trd, 431452.350, 86
Trd, 431453.083, 85
Trd, 431453.767, 98
Trd, 431454.283, 87
Trd, 431454.667, 103
Trd, 431454.967, 104
Trd, 431455.900, 85
Trd, 431457.733, 95
Trd, 431457.750, 106
Trd, 431458.133, 107
Trd, 431460.067, 101
Trd, 431460.267, 101
Trd, 431460.450, 100
Trd, 431461.400, 100
Trd, 431461.917, 109
Trd, 431462.133, 111
Trd, 431462.483, 114
Trd, 431463.250, 98
Trd, 431463.867, 101
Trd, 431464.483, 95
Trd, 431464.683, 104
Trd, 431465.950, 105
Trd, 431466.583, 106
Trd, 431466.600, 109
Trd, 431468.633, 96
Trd, 431469.183, 93
Trd, 431469.267, 112
Trd, 431469.317, 87
Trd, 431470.400, 83
Trd, 431470.667, 94
Trd, 431470.867, 85
Trd, 431471.333, 84
Trd, 431471.667, 85
Trd, 431472.783, 95
Trd, 431472.933, 93
Trd, 431473.683, 98
Trd, 431475.500, 96
Trd, 431476.050, 103
Trd, 431477.517, 104
Trd, 431478.883, 94
Trd, 431479.133, 93
Trd, 431479.450, 88
Trd, 431479.467, 82
Trd, 431479.600, 95
Trd, 431480.250, 90
Trd, 431481.900, 102
Trd, 431483.617, 102
Trd, 431484.033, 102
Trd, 431484.333, 101
Trd, 431484.433, 102
Trd, 431485.317, 100
Trd, 431485.800, 104
Trd, 431486.750, 98
Trd, 431487.500, 97
Trd, 431487.700, 104
Trd, 431488.500, 91
Trd, 431489.383, 100
Trd, 431490.300, 93
Trd, 431490.517, 95
Trd, 431490.683, 95
Trd, 431491.650, 95
Trd, 431492.317, 94
Trd, 431492.400, 102
Trd, 431492.483, 93
Trd, 431494.117, 104
Trd, 431494.267, 102
Trd, 431494.783, 104
Trd, 431495.833, 98
Trd, 431496.650, 106
Trd, 431497.117, 97
Trd, 431497.283, 90
Trd, 431498.667, 100
Trd, 431498.800, 104
Trd, 431499.050, 87
Trd, 431499.867, 104
Trd, 431500.400, 83
Trd, 431501.067, 82
Trd, 431501.217, 104
Trd, 431501.383, 105
Trd, 431502.783, 85
Trd, 431504.467, 87
Trd, 431504.633, 96
Trd, 431507.083, 93
Trd, 431507.383, 93
Trd, 431508.067, 93
Trd, 431509.383, 101
Trd, 431510.017, 94
Trd, 431510.300, 101
Trd, 431510.633, 87
Trd, 431511.467, 82
Trd, 431511.717, 81
Trd, 431512.417, 100
Trd, 431512.900, 95
Trd, 431513.333, 109
Trd, 431514.567, 107
Trd, 431514.933, 107
Trd, 431515.400, 106
Trd, 431516.017, 101
Trd, 431516.333, 108
Trd, 431517.800, 100
Trd, 431517.967, 99
Trd, 431518.083, 101
Trd, 431518.150, 94
Trd, 431518.950, 107
Trd, 431519.400, 106
Trd, 431520.800, 98
Trd, 431521.417, 94
Trd, 431521.900, 96
Trd, 431522.700, 96
Trd, 431522.800, 93
Trd, 431523.917, 96
Trd, 431524.150, 83
Trd, 431524.300, 83
Trd, 431525.250, 91
Trd, 431527.017, 102
Trd, 431527.783, 108
Trd, 431528.217, 102
Trd, 431528.283, 95
Trd, 431530.383, 104
Trd, 431530.517, 111
Trd, 431530.567, 103
Trd, 431531.300, 102
Trd, 431531.317, 101
Trd, 431531.417, 98
Trd, 431531.583, 93
Trd, 431532.533, 82
Trd, 431533.700, 98
Trd, 431535.800, 82
Trd, 431538.317, 104
Trd, 431538.533, 107
Trd, 431539.383, 98
Trd, 431539.667, 95
Trd, 431540.617, 96
Trd, 431540.967, 103
Trd, 431541.550, 106
Trd, 431542.133, 109
Trd, 431542.400, 107
Trd, 431542.900, 113
Trd, 431543.633, 107
Trd, 431543.850, 106
Trd, 431543.900, 115
Trd, 431544.317, 101
Trd, 431544.400, 98
Trd, 431546.350, 95
Trd, 431546.533, 93
Trd, 431547.383, 85
Trd, 431548.200, 93
Trd, 431549.667, 93
Trd, 431550.683, 87
Trd, 431550.767, 85
Trd, 431551.383, 84
Trd, 431553.450, 95
Trd, 431553.933, 95
Trd, 431555.300, 95
Trd, 431555.317, 96
Trd, 431556.383, 97
Trd, 431556.683, 98
Trd, 431557.583, 104
Trd, 431557.600, 97
Trd, 431559.117, 96
Trd, 431559.600, 95
Trd, 431560.250, 93
Trd, 431560.500, 105
Trd, 431561.350, 101
Trd, 431562.217, 91
Trd, 431562.233, 90
Trd, 431562.617, 107
Trd, 431563.400, 93
Trd, 431565.567, 100
Trd, 431566.550, 95
Trd, 431566.817, 101
Trd, 431567.850, 101
Trd, 431569.217, 102
Trd, 431569.567, 109
Trd, 431569.700, 102
Trd, 431571.133, 112
Trd, 431571.667, 106
Trd, 431572.233, 98
Trd, 431572.700, 82
Trd, 431572.950, 82
Trd, 431573.717, 82
Trd, 431574.050, 82
Trd, 431575.217, 95
Trd, 431576.450, 96
Trd, 431576.783, 98
Trd, 431577.667, 92
Trd, 431578.567, 99
Trd, 431578.600, 89
Trd, 431579.933, 91
Trd, 431580.000, 90
Trd, 431580.067, 95
Trd, 431581.667, 95
Trd, 431583.783, 95
Trd, 431584.433, 94
Trd, 431584.717, 93
Trd, 431585.183, 94
Trd, 431585.400, 101
Trd, 431585.817, 104
Trd, 431587.300, 94
Trd, 431587.933, 87
Trd, 431588.583, 97
Trd, 431589.700, 108
Trd, 431589.883, 115
Trd, 431590.067, 92
Trd, 431590.217, 92
Trd, 431590.300, 91
Trd, 431591.183, 114
Trd, 431591.750, 84
Trd, 431591.833, 114
Trd, 431592.033, 114
Trd, 431594.317, 108
Trd, 431594.717, 106
Trd, 431595.617, 102
Trd, 431595.867, 95
Trd, 431596.333, 101
Trd, 431596.833, 91
Trd, 431597.000, 94
Trd, 431597.583, 83
Trd, 431600.017, 96
Trd, 431601.117, 100
Trd, 431601.700, 94
Trd, 431602.700, 101
Trd, 431602.717, 92
Trd, 431602.800, 102
Trd, 431602.983, 82
Trd, 431603.917, 83
Trd, 431604.550, 94
Trd, 431605.900, 85
Trd, 431607.783, 95
Trd, 431607.883, 96
Trd, 431608.017, 103
Trd, 431608.033, 93
Trd, 431608.083, 104
Trd, 431609.617, 97
Trd, 431610.233, 98
Trd, 431610.683, 99
Trd, 431611.400, 98
Trd, 431611.600, 96
Trd, 431611.750, 93
Trd, 431611.783, 98
Trd, 431611.833, 104
Trd, 431613.833, 84
Trd, 431613.967, 85
Trd, 431615.600, 88
Trd, 431616.350, 103
Trd, 431617.683, 85
Trd, 431618.900, 86
Trd, 431619.983, 95
Trd, 431621.550, 91
Trd, 431622.117, 93
Trd, 431622.133, 85
Trd, 431622.150, 83
Trd, 431623.483, 103
Trd, 431624.567, 98
Trd, 431624.800, 93
Trd, 431625.450, 107
Trd, 431625.600, 101
Trd, 431625.717, 106
Trd, 431625.833, 93
Trd, 431625.967, 92
Trd, 431626.250, 106
Trd, 431628.200, 92
Trd, 431628.400, 92
Trd, 431628.967, 92
Trd, 431629.350, 104
Trd, 431629.967, 109
Trd, 431631.050, 93
Trd, 431631.850, 117
Trd, 431632.867, 94
Trd, 431634.100, 98
Trd, 431635.033, 83
Trd, 431635.900, 95
Trd, 431636.383, 96
Trd, 431636.650, 85
Trd, 431636.883, 87
Trd, 431637.183, 98
Trd, 431637.683, 104
Trd, 431639.050, 90
Trd, 431639.767, 85
Trd, 431640.250, 83
Trd, 431640.517, 89
Trd, 431641.433, 98
Trd, 431644.100, 96
Trd, 431645.450, 93
Trd, 431645.900, 92
Trd, 431646.550, 91
Trd, 431646.933, 91
Trd, 431647.033, 98
Trd, 431647.583, 90
Trd, 431647.950, 97
Trd, 431648.467, 98
Trd, 431648.767, 104
Trd, 431650.950, 101
Trd, 431651.117, 84
Trd, 431651.167, 103
Trd, 431653.850, 102
Trd, 431654.133, 94
Trd, 431654.617, 93
Trd, 431655.433, 101
Trd, 431655.867, 102
Trd, 431657.033, 98
Trd, 431657.150, 104
Trd, 431658.050, 99
Trd, 431658.750, 104
Trd, 431659.250, 105
Trd, 431659.500, 107
Trd, 431659.700, 102
Trd, 431660.217, 101
Trd, 431661.300, 98
Trd, 431661.333, 96
Trd, 431662.250, 106
Trd, 431664.767, 91
Trd, 431665.250, 90
Trd, 431665.850, 82
Trd, 431666.517, 90
Trd, 431666.683, 98
Trd, 431666.783, 98
Trd, 431667.750, 109
Trd, 431668.367, 107
Trd, 431668.883, 113
Trd, 431670.000, 106
Trd, 431670.917, 102
Trd, 431671.050, 112
Trd, 431671.833, 104
Trd, 431671.883, 103
Trd, 431671.950, 101
Trd, 431673.250, 97
Trd, 431673.933, 96
Trd, 431674.300, 110
Trd, 431674.633, 97
Trd, 431675.467, 93
Trd, 431676.800, 82
Trd, 431677.983, 84
Trd, 431679.567, 98
Trd, 431680.150, 84
Trd, 431680.650, 83
Trd, 431680.717, 98
Trd, 431682.000, 101
Trd, 431682.883, 88
Trd, 431683.517, 87
Trd, 431684.117, 98
Trd, 431684.817, 84
Trd, 431685.583, 91
Trd, 431685.683, 94
Trd, 431685.883, 98
Trd, 431685.933, 80
Trd, 431686.867, 90
Trd, 431687.283, 95
Trd, 431689.400, 96
Trd, 431689.750, 101
Trd, 431690.233, 96
Trd, 431690.383, 96
Trd, 431691.267, 99
Trd, 431692.200, 83
Trd, 431692.267, 100
Trd, 431693.017, 83
Trd, 431693.950, 84
Trd, 431694.550, 85
Trd, 431695.233, 96
Trd, 431695.783, 94
Trd, 431696.250, 84
Trd, 431696.267, 105
Trd, 431697.917, 105
Trd, 431698.083, 93
Trd, 431699.233, 106
Trd, 431699.317, 101
Trd, 431699.633, 96
Trd, 431700.583, 109
Trd, 431701.450, 95
Trd, 431701.750, 93
Trd, 431704.100, 90
Trd, 431704.317, 84
Trd, 431705.350, 98
Trd, 431705.367, 97
Trd, 431707.000, 101
Trd, 431707.617, 91
Trd, 431707.867, 98
Trd, 431707.933, 99
Trd, 431708.567, 100
Trd, 431708.617, 91
Trd, 431708.767, 91
Trd, 431709.333, 104
Trd, 431709.400, 83
Trd, 431711.717, 107
Trd, 431711.817, 105
Trd, 431711.833, 98
Trd, 431712.167, 94
Trd, 431713.100, 111
Trd, 431713.550, 88
Trd, 431714.283, 84
Trd, 431714.300, 105
Trd, 431714.783, 109
Trd, 431718.000, 89
Trd, 431720.483, 94
Trd, 431720.550, 86
Trd, 431721.000, 87
Trd, 431721.017, 95
Trd, 431721.700, 101
Trd, 431722.500, 83
Trd, 431722.550, 108
Trd, 431724.283, 84
Trd, 431724.600, 83
Trd, 431724.867, 82
Trd, 431725.700, 103
Trd, 431726.533, 87
Trd, 431726.583, 95
Trd, 431727.067, 94
Trd, 431728.183, 95
Trd, 431728.467, 108
Trd, 431730.083, 105
Trd, 431730.333, 102
Trd, 431730.433, 101
Trd, 431730.733, 106
Trd, 431731.467, 99
Trd, 431732.333, 106
Trd, 431732.433, 104
Trd, 431732.650, 98
Trd, 431733.533, 112
Trd, 431733.767, 93
Trd, 431735.667, 85
Trd, 431736.283, 82
Trd, 431736.733, 79
Trd, 431736.900, 76
Trd, 431737.667, 93
Trd, 431739.550, 98
Trd, 431740.717, 103
Trd, 431741.033, 96
Trd, 431741.283, 101
Trd, 431741.433, 96
Trd, 431742.783, 104
Trd, 431743.550, 100
Trd, 431745.083, 98
Trd, 431745.100, 98
Trd, 431746.567, 100
Trd, 431746.900, 100
Trd, 431748.133, 91
Trd, 431749.167, 96
Trd, 431749.817, 98
Trd, 431749.867, 102
Trd, 431750.183, 98
Trd, 431750.833, 105
Trd, 431750.933, 106
Trd, 431752.050, 106
Trd, 431753.383, 104
Trd, 431753.400, 104
Trd, 431753.733, 99
Trd, 431755.367, 96
Trd, 431755.733, 103
Trd, 431755.950, 95
Trd, 431756.717, 103
Trd, 431757.350, 106
Trd, 431757.367, 98
Trd, 431757.517, 93
Trd, 431758.083, 89
Trd, 431760.100, 106
Trd, 431760.200, 115
Trd, 431761.100, 97
Trd, 431761.900, 95
Trd, 431762.583, 98
Trd, 431763.633, 102
Trd, 431763.800, 106
Trd, 431764.417, 101
Trd, 431764.683, 98
Trd, 431764.833, 93
Trd, 431765.767, 91
Trd, 431766.883, 103
Trd, 431767.850, 103
Trd, 431768.950, 101
Trd, 431769.867, 104
Trd, 431769.933, 107
Trd, 431770.117, 100
Trd, 431770.650, 104
Trd, 431772.067, 104
Trd, 431772.450, 95
Trd, 431774.050, 95
Trd, 431774.517, 101
Trd, 431775.050, 104
Trd, 431775.283, 98
Trd, 431776.000, 114
Trd, 431776.317, 99
Trd, 431776.383, 98
Trd, 431776.400, 93
Trd, 431776.533, 115
Trd, 431777.450, 115
Trd, 431778.050, 113
Trd, 431779.467, 112
Trd, 431779.550, 106
Trd, 431780.633, 112
Trd, 431781.033, 91
Trd, 431782.883, 90
Trd, 431784.200, 94
Trd, 431784.733, 91
Trd, 431784.767, 90
Trd, 431785.233, 82
Trd, 431785.583, 81
Trd, 431786.650, 97
Trd, 431787.050, 98
Trd, 431788.233, 93
Trd, 431789.033, 102
Trd, 431789.767, 101
Trd, 431790.200, 90
Trd, 431790.933, 102
Trd, 431791.350, 104
Trd, 431792.233, 109
Trd, 431793.433, 97
Trd, 431794.000, 95
Trd, 431794.617, 93
Trd, 431794.800, 110
Trd, 431794.850, 86
Trd, 431794.983, 112
Trd, 431795.733, 95
Trd, 431796.150, 111
Trd, 431796.450, 92
Trd, 431797.233, 91
Trd, 431797.350, 91
Trd, 431798.350, 84
Trd, 431799.100, 96
Trd, 431800.350, 90
Trd, 431800.567, 97
Trd, 431800.967, 98
Trd, 431801.033, 101
Trd, 431802.283, 89
Trd, 431803.000, 90
Trd, 431803.350, 89
Trd, 431805.883, 97
Trd, 431806.083, 93
Trd, 431806.483, 86
Trd, 431806.867, 96
Trd, 431807.300, 82
Trd, 431808.433, 84
Trd, 431809.100, 86
Trd, 431809.450, 95
Trd, 431809.583, 98
Trd, 431809.967, 100
Trd, 431810.283, 108
Trd, 431810.717, 99
Trd, 431811.400, 101
Trd, 431814.017, 98
Trd, 431814.400, 93
Trd, 431814.850, 89
Trd, 431815.350, 98
Trd, 431816.517, 91
Trd, 431816.867, 89
Trd, 431817.617, 95
Trd, 431818.850, 98
Trd, 431819.467, 95
Trd, 431820.167, 94
Trd, 431822.683, 98
Trd, 431822.700, 95
Trd, 431822.750, 93
Trd, 431824.367, 96
Trd, 431824.483, 96
Trd, 431824.700, 101
Trd, 431824.767, 104
Trd, 431824.883, 96
Trd, 431825.633, 87
Trd, 431826.800, 83
Trd, 431827.633, 93
Trd, 431828.000, 100
Trd, 431829.500, 104
Trd, 431829.667, 95
Trd, 431829.750, 84
Trd, 431830.683, 84
Trd, 431831.617, 82
Trd, 431831.700, 103
Trd, 431832.533, 81
Trd, 431833.033, 93
Trd, 431833.550, 83
Trd, 431833.833, 94
Trd, 431835.000, 95
Trd, 431835.850, 97
Trd, 431835.883, 97
Trd, 431836.500, 98
Trd, 431836.733, 106
Trd, 431837.150, 101
Trd, 431838.450, 102
Trd, 431838.533, 101
Trd, 431840.383, 109
Trd, 431840.833, 108
Trd, 431840.883, 109
Trd, 431841.250, 115
Trd, 431841.667, 106
Trd, 431842.217, 97
Trd, 431842.967, 86
Trd, 431843.117, 116
Trd, 431845.317, 109
Trd, 431845.750, 94
Trd, 431845.917, 93
Trd, 431846.600, 93
Trd, 431846.800, 86
Trd, 431847.600, 93
Trd, 431847.983, 88
Trd, 431849.467, 97
Trd, 431849.533, 80
Trd, 431850.617, 81
Trd, 431850.633, 79
Trd, 431850.850, 112
Trd, 431851.883, 82
Trd, 431852.500, 77
Trd, 431853.933, 86
Trd, 431855.100, 87
Trd, 431856.100, 90
Trd, 431857.100, 91
Trd, 431857.483, 95
Trd, 431858.183, 93
Trd, 431858.350, 92
Trd, 431858.650, 98
Trd, 431858.967, 104
Trd, 431859.550, 107
Trd, 431861.950, 92
Trd, 431862.450, 102
Trd, 431862.733, 101
Trd, 431862.983, 102
Trd, 431863.683, 104
Trd, 431863.783, 85
Trd, 431864.383, 93
Trd, 431864.833, 103
Trd, 431865.033, 86
Trd, 431865.083, 85
Trd, 431865.633, 82
Trd, 431867.017, 106
Trd, 431867.917, 88
Trd, 431869.150, 87
Trd, 431869.450, 101
Trd, 431869.633, 81
Trd, 431869.733, 95
Trd, 431870.033, 88
Trd, 431870.500, 81
Trd, 431871.433, 106
Trd, 431871.667, 109
Trd, 431872.233, 112
Trd, 431873.183, 85
Trd, 431875.050, 89
Trd, 431875.650, 104
Trd, 431875.833, 105
Trd, 431877.217, 97
Trd, 431877.667, 94
Trd, 431878.167, 93
Trd, 431879.433, 95
Trd, 431880.583, 87
Trd, 431880.650, 92
Trd, 431880.800, 97
Trd, 431882.767, 82
Trd, 431882.783, 104
Trd, 431883.067, 81
Trd, 431883.600, 106
Trd, 431884.383, 102
Trd, 431884.833, 103
Trd, 431885.367, 99
Trd, 431886.767, 101
Trd, 431887.017, 102
Trd, 431887.683, 103
Trd, 431888.350, 106
Trd, 431888.467, 109
Trd, 431889.067, 100
Trd, 431889.833, 106
Trd, 431890.417, 104
Trd, 431890.483, 98
Trd, 431892.933, 106
Trd, 431893.650, 103
Trd, 431894.167, 103
Trd, 431895.150, 103
Trd, 431895.350, 101
Trd, 431895.650, 95
Trd, 431895.783, 104
Trd, 431896.250, 115
Trd, 431896.867, 93
Trd, 431899.950, 109
Trd, 431900.467, 89
Trd, 431901.200, 83
Trd, 431902.000, 89
Trd, 431902.167, 102
Trd, 431903.183, 95
Trd, 431904.150, 95
Trd, 431904.450, 97
Trd, 431904.533, 98
Trd, 431905.167, 103
Trd, 431906.350, 86
Trd, 431906.383, 84
Trd, 431906.900, 97
Trd, 431907.800, 88
Trd, 431908.333, 94
Trd, 431908.450, 95
Trd, 431908.967, 95
Trd, 431909.467, 94
Trd, 431910.167, 93
Trd, 431911.517, 84
Trd, 431911.750, 82
Trd, 431911.817, 96
Trd, 431911.850, 102
Trd, 431912.167, 104
Trd, 431912.567, 86
Trd, 431915.067, 106
Trd, 431916.317, 91
Trd, 431916.817, 88
Trd, 431918.417, 83
Trd, 431918.483, 82
Trd, 431918.600, 97
Trd, 431919.917, 80
Trd, 431920.200, 98
Trd, 431920.250, 98
Trd, 431920.267, 102
Trd, 431920.650, 95
Trd, 431922.650, 103
Trd, 431922.917, 104
Trd, 431922.983, 108
Trd, 431925.617, 91
Trd, 431925.967, 106
Trd, 431927.283, 95
Trd, 431928.367, 97
Trd, 431928.417, 94
Trd, 431928.717, 96
Trd, 431929.167, 93
Trd, 431929.933, 105
Trd, 431930.433, 97
Trd, 431932.167, 106
Trd, 431932.567, 106
Trd, 431933.017, 99
Trd, 431933.167, 109
Trd, 431933.417, 98
Trd, 431936.017, 95
Trd, 431936.917, 99
Trd, 431937.417, 100
Trd, 431937.567, 97
Trd, 431937.633, 97
Trd, 431938.783, 93
Trd, 431940.100, 84
Trd, 431940.167, 92
Trd, 431940.717, 95
Trd, 431941.000, 105
Trd, 431941.417, 106
Trd, 431942.050, 108
Trd, 431942.483, 85
Trd, 431942.733, 85
Trd, 431943.983, 83
Trd, 431944.600, 84
Trd, 431946.067, 104
Trd, 431946.417, 109
Trd, 431947.167, 91
Trd, 431948.550, 112
Trd, 431948.617, 97
Trd, 431948.967, 112
Trd, 431949.300, 97
Trd, 431949.583, 96
Trd, 431949.733, 106
Trd, 431949.950, 94
Trd, 431950.067, 115
Trd, 431950.083, 116
Trd, 431951.400, 82
Trd, 431954.617, 91
Trd, 431955.450, 91
Trd, 431955.983, 92
Trd, 431956.917, 96
Trd, 431957.100, 96
Trd, 431958.333, 86
Trd, 431958.733, 96
Trd, 431959.133, 98
Trd, 431959.433, 103
Trd, 431960.383, 108
Trd, 431960.550, 106
Trd, 431961.583, 94
Trd, 431962.517, 107
Trd, 431963.367, 97
Trd, 431964.000, 93
Trd, 431965.583, 93
Trd, 431965.767, 106
Trd, 431966.417, 90
Trd, 431966.517, 88
Trd, 431966.667, 87
Trd, 431968.400, 92
Trd, 431968.717, 103
Trd, 431969.100, 103
Trd, 431969.517, 109
Trd, 431969.850, 99
Trd, 431970.583, 100
Trd, 431972.017, 100
Trd, 431973.067, 101
Trd, 431973.467, 101
Trd, 431973.750, 98
Trd, 431975.083, 85
Trd, 431976.050, 98
Trd, 431976.950, 92
Trd, 431977.683, 92
Trd, 431977.917, 96
Trd, 431978.150, 97
Trd, 431978.450, 97
Trd, 431979.017, 94
Trd, 431979.383, 98
Trd, 431979.483, 104
Trd, 431980.450, 79
Trd, 431981.333, 85
Trd, 431981.683, 79
Trd, 431982.017, 80
Trd, 431982.433, 79
Trd, 431983.483, 84
Trd, 431985.250, 90
Trd, 431985.567, 92
Trd, 431988.067, 92
Trd, 431988.167, 98
Trd, 431988.250, 101
Trd, 431988.967, 101
Trd, 431988.983, 104
Trd, 431989.767, 100
Trd, 431989.850, 106
Trd, 431990.233, 84
Trd, 431991.083, 96
Trd, 431991.583, 94
Trd, 431992.533, 97
Trd, 431994.250, 93
Trd, 431994.700, 89
Trd, 431995.700, 96
Trd, 431995.733, 104
Trd, 431997.917, 100
Trd, 431998.233, 97
Trd, 431998.550, 97
Trd, 431999.017, 99
Trd, 431999.100, 96
