Trd, 257819.067, 95
Trd, 257819.983, 105
Trd, 257821.250, 92
Trd, 257821.767, 90
Trd, 257822.517, 104
Trd, 257822.833, 105
Trd, 257824.350, 119
Trd, 257825.433, 97
Trd, 257825.850, 90
Trd, 257827.250, 118
Trd, 257827.900, 112
Trd, 257828.933, 94
Trd, 257829.050, 104
Trd, 257829.583, 124
Trd, 257829.650, 87
Trd, 257831.600, 87
Trd, 257831.783, 86
Trd, 257832.667, 102
Trd, 257833.267, 82
Trd, 257833.617, 83
Trd, 257834.550, 97
Trd, 257835.700, 86
Trd, 257837.083, 122
Trd, 257837.483, 125
Trd, 257837.633, 114
Trd, 257837.717, 103
Trd, 257838.017, 99
Trd, 257839.550, 112
Trd, 257841.150, 109
Trd, 257842.333, 101
Trd, 257842.767, 99
Trd, 257842.883, 117
Trd, 257843.433, 98
Trd, 257843.950, 95
Trd, 257844.933, 83
Trd, 257844.950, 89
Trd, 257845.433, 113
Trd, 257847.833, 106
Trd, 257848.283, 108
Trd, 257848.817, 98
Trd, 257849.383, 93
Trd, 257849.650, 99
Trd, 257851.717, 95
Trd, 257853.783, 115
Trd, 257853.817, 98
Trd, 257854.567, 87
Trd, 257855.650, 112
Trd, 257856.483, 122
Trd, 257856.717, 99
Trd, 257856.817, 120
Trd, 257857.083, 96
Trd, 257858.633, 104
Trd, 257859.250, 102
Trd, 257859.467, 88
Trd, 257859.733, 104
Trd, 257859.767, 107
Trd, 257861.000, 114
Trd, 257861.600, 101
Trd, 257862.450, 94
Trd, 257863.633, 117
Trd, 257864.867, 98
Trd, 257866.333, 94
Trd, 257867.183, 96
Trd, 257868.400, 109
Trd, 257869.633, 112
Trd, 257870.200, 107
Trd, 257870.250, 103
Trd, 257870.883, 100
Trd, 257871.683, 118
Trd, 257872.550, 118
Trd, 257873.150, 116
Trd, 257876.017, 112
Trd, 257876.417, 104
Trd, 257877.400, 111
Trd, 257878.517, 104
Trd, 257879.150, 114
Trd, 257880.033, 124
Trd, 257881.500, 117
Trd, 257882.117, 111
Trd, 257882.800, 113
Trd, 257883.950, 109
Trd, 257884.867, 105
Trd, 257885.383, 101
Trd, 257886.250, 122
Trd, 257886.567, 101
Trd, 257886.650, 119
Trd, 257887.017, 99
Trd, 257887.567, 98
Trd, 257887.700, 98
Trd, 257890.833, 109
Trd, 257890.933, 87
Trd, 257892.083, 74
Trd, 257892.667, 73
Trd, 257893.067, 114
Trd, 257893.467, 112
Trd, 257893.950, 120
Trd, 257894.533, 102
Trd, 257894.617, 99
Trd, 257895.067, 104
Trd, 257896.650, 88
Trd, 257897.867, 91
Trd, 257900.350, 111
Trd, 257900.517, 101
Trd, 257900.600, 101
Trd, 257901.167, 98
Trd, 257902.867, 110
Trd, 257903.450, 115
Trd, 257903.583, 100
Trd, 257904.417, 97
Trd, 257905.833, 93
Trd, 257906.117, 92
Trd, 257906.267, 90
Trd, 257907.867, 110
Trd, 257908.167, 120
Trd, 257909.550, 121
Trd, 257909.783, 98
Trd, 257911.017, 95
Trd, 257911.267, 90
Trd, 257911.417, 103
Trd, 257911.767, 115
Trd, 257913.067, 123
Trd, 257913.150, 112
Trd, 257913.333, 104
Trd, 257915.267, 95
Trd, 257917.367, 104
Trd, 257917.717, 103
Trd, 257917.883, 104
Trd, 257918.983, 93
Trd, 257919.817, 97
Trd, 257922.467, 110
Trd, 257922.483, 109
Trd, 257922.750, 126
Trd, 257923.667, 112
Trd, 257923.883, 110
Trd, 257925.483, 120
Trd, 257927.400, 119
Trd, 257927.750, 112
Trd, 257928.650, 109
Trd, 257928.783, 101
Trd, 257928.883, 99
Trd, 257930.033, 113
Trd, 257931.283, 113
Trd, 257931.517, 97
Trd, 257931.617, 109
Trd, 257932.317, 98
Trd, 257933.533, 95
Trd, 257933.717, 89
Trd, 257935.233, 95
Trd, 257935.833, 116
Trd, 257937.067, 117
Trd, 257937.367, 125
Trd, 257938.033, 109
Trd, 257939.067, 102
Trd, 257940.150, 119
Trd, 257940.267, 100
Trd, 257940.383, 97
Trd, 257941.417, 112
Trd, 257943.217, 113
Trd, 257943.650, 118
Trd, 257943.667, 101
Trd, 257943.800, 123
Trd, 257945.183, 98
Trd, 257946.150, 112
Trd, 257947.983, 116
Trd, 257948.300, 117
Trd, 257948.817, 94
Trd, 257949.283, 114
Trd, 257949.500, 114
Trd, 257949.517, 107
Trd, 257951.550, 106
Trd, 257951.667, 100
Trd, 257952.583, 93
Trd, 257953.417, 118
Trd, 257953.900, 124
Trd, 257954.067, 87
Trd, 257955.483, 87
Trd, 257956.133, 96
Trd, 257956.783, 85
Trd, 257958.300, 104
Trd, 257958.867, 105
Trd, 257959.267, 89
Trd, 257960.350, 90
Trd, 257960.900, 108
Trd, 257962.517, 106
Trd, 257963.800, 120
Trd, 257963.817, 109
Trd, 257964.333, 101
Trd, 257964.633, 100
Trd, 257964.933, 105
Trd, 257965.033, 111
Trd, 257967.817, 88
Trd, 257967.833, 87
Trd, 257968.700, 110
Trd, 257969.700, 99
Trd, 257970.050, 97
Trd, 257970.100, 92
Trd, 257970.300, 112
Trd, 257971.167, 95
Trd, 257971.583, 85
Trd, 257972.667, 88
Trd, 257972.833, 89
Trd, 257974.033, 87
Trd, 257975.917, 114
Trd, 257976.233, 117
Trd, 257976.267, 104
Trd, 257979.367, 118
Trd, 257980.583, 101
Trd, 257981.533, 111
Trd, 257981.567, 122
Trd, 257981.883, 99
Trd, 257982.267, 97
Trd, 257984.600, 110
Trd, 257985.933, 102
Trd, 257986.617, 103
Trd, 257987.133, 102
Trd, 257987.250, 101
Trd, 257988.317, 105
Trd, 257989.283, 113
Trd, 257989.333, 95
Trd, 257989.883, 94
Trd, 257990.000, 116
Trd, 257991.317, 99
Trd, 257991.983, 96
Trd, 257993.133, 96
Trd, 257993.933, 103
Trd, 257994.050, 93
Trd, 257994.117, 91
Trd, 257995.900, 105
Trd, 257998.600, 113
Trd, 257999.467, 118
Trd, 257999.633, 110
Trd, 258000.017, 104
Trd, 258001.117, 102
Trd, 258001.150, 103
Trd, 258001.750, 101
Trd, 258001.983, 114
Trd, 258002.483, 123
Trd, 258002.883, 104
Trd, 258003.050, 99
Trd, 258003.683, 98
Trd, 258005.633, 104
Trd, 258007.850, 104
Trd, 258008.417, 121
Trd, 258009.150, 120
Trd, 258009.417, 98
Trd, 258010.750, 88
Trd, 258012.467, 125
Trd, 258014.033, 109
Trd, 258014.867, 121
Trd, 258014.883, 112
Trd, 258016.050, 125
Trd, 258016.583, 100
Trd, 258018.250, 100
Trd, 258018.733, 98
Trd, 258018.833, 102
Trd, 258019.367, 95
Trd, 258020.533, 93
Trd, 258020.583, 87
Trd, 258020.667, 107
Trd, 258021.967, 86
Trd, 258022.517, 129
Trd, 258024.350, 103
Trd, 258024.833, 94
Trd, 258026.383, 113
Trd, 258026.817, 118
Trd, 258027.500, 121
Trd, 258029.100, 99
Trd, 258029.517, 100
Trd, 258029.800, 119
Trd, 258031.083, 116
Trd, 258031.117, 110
Trd, 258032.433, 109
Trd, 258032.500, 119
Trd, 258033.733, 126
Trd, 258035.017, 101
Trd, 258035.567, 101
Trd, 258037.217, 100
Trd, 258038.400, 105
Trd, 258040.033, 121
Trd, 258041.583, 112
Trd, 258041.667, 109
Trd, 258041.950, 105
Trd, 258042.000, 104
Trd, 258042.833, 101
Trd, 258044.400, 120
Trd, 258045.150, 101
Trd, 258046.350, 106
Trd, 258046.400, 97
Trd, 258047.550, 95
Trd, 258047.800, 106
Trd, 258048.517, 118
Trd, 258048.750, 119
Trd, 258050.033, 124
Trd, 258050.300, 85
Trd, 258054.150, 101
Trd, 258054.317, 100
Trd, 258055.033, 99
Trd, 258055.150, 97
Trd, 258057.683, 113
Trd, 258057.850, 91
Trd, 258058.533, 89
Trd, 258059.050, 117
Trd, 258059.433, 107
Trd, 258059.967, 87
Trd, 258060.050, 119
Trd, 258060.917, 86
Trd, 258061.817, 121
Trd, 258062.017, 85
Trd, 258062.850, 89
Trd, 258063.900, 125
Trd, 258064.467, 116
Trd, 258065.650, 126
Trd, 258068.283, 110
Trd, 258068.300, 109
Trd, 258068.800, 127
Trd, 258069.083, 102
Trd, 258069.517, 101
Trd, 258069.767, 105
Trd, 258070.217, 98
Trd, 258070.850, 95
Trd, 258071.400, 92
Trd, 258072.717, 121
Trd, 258074.550, 107
Trd, 258074.800, 120
Trd, 258076.067, 101
Trd, 258076.333, 96
Trd, 258077.233, 107
Trd, 258077.667, 122
Trd, 258078.367, 125
Trd, 258079.433, 100
Trd, 258080.117, 98
Trd, 258080.333, 107
Trd, 258081.750, 97
Trd, 258082.433, 118
Trd, 258083.667, 104
Trd, 258083.800, 130
Trd, 258084.483, 125
Trd, 258084.950, 98
Trd, 258085.000, 91
Trd, 258085.117, 91
Trd, 258085.850, 100
Trd, 258087.717, 126
Trd, 258090.483, 117
Trd, 258090.900, 111
Trd, 258091.483, 120
Trd, 258092.600, 109
Trd, 258092.900, 108
Trd, 258093.300, 106
Trd, 258093.567, 101
Trd, 258095.050, 105
Trd, 258095.267, 98
Trd, 258095.550, 119
Trd, 258096.917, 104
Trd, 258097.817, 103
Trd, 258099.233, 96
Trd, 258099.467, 94
Trd, 258100.117, 109
Trd, 258100.300, 120
Trd, 258101.500, 128
Trd, 258103.100, 126
Trd, 258103.217, 126
Trd, 258103.600, 112
Trd, 258104.317, 109
Trd, 258104.550, 98
Trd, 258105.400, 96
Trd, 258105.667, 119
Trd, 258107.150, 103
Trd, 258107.933, 108
Trd, 258109.567, 91
Trd, 258110.350, 91
Trd, 258112.150, 111
Trd, 258115.433, 89
Trd, 258115.667, 87
Trd, 258116.983, 102
Trd, 258118.483, 106
Trd, 258118.933, 97
Trd, 258119.433, 107
Trd, 258120.583, 95
Trd, 258120.717, 118
Trd, 258120.933, 106
Trd, 258123.317, 125
Trd, 258123.750, 112
Trd, 258124.533, 121
Trd, 258125.150, 110
Trd, 258125.867, 120
Trd, 258128.550, 104
Trd, 258129.033, 101
Trd, 258129.500, 111
Trd, 258129.517, 98
Trd, 258130.517, 94
Trd, 258131.550, 109
Trd, 258132.617, 108
Trd, 258132.867, 99
Trd, 258133.567, 100
Trd, 258134.733, 98
Trd, 258135.333, 115
Trd, 258136.450, 105
Trd, 258137.267, 95
Trd, 258137.933, 107
Trd, 258138.983, 90
Trd, 258139.783, 88
Trd, 258139.800, 117
Trd, 258141.250, 87
Trd, 258141.567, 91
Trd, 258142.050, 96
Trd, 258143.133, 112
Trd, 258143.317, 114
Trd, 258144.083, 99
Trd, 258145.350, 110
Trd, 258145.433, 107
Trd, 258146.150, 87
Trd, 258146.167, 120
Trd, 258146.650, 87
Trd, 258146.850, 109
Trd, 258147.333, 98
Trd, 258148.150, 97
Trd, 258150.100, 97
Trd, 258150.283, 96
Trd, 258152.100, 122
Trd, 258153.283, 117
Trd, 258153.967, 112
Trd, 258155.267, 131
Trd, 258155.433, 122
Trd, 258155.467, 119
Trd, 258156.817, 102
Trd, 258158.083, 101
Trd, 258158.450, 98
Trd, 258158.467, 96
Trd, 258158.900, 87
Trd, 258159.667, 105
Trd, 258160.517, 106
Trd, 258162.600, 92
Trd, 258163.300, 102
Trd, 258165.017, 107
Trd, 258165.300, 101
Trd, 258165.450, 116
Trd, 258166.133, 96
Trd, 258166.633, 87
Trd, 258167.700, 100
Trd, 258167.900, 101
Trd, 258168.083, 85
Trd, 258169.267, 112
Trd, 258169.817, 100
Trd, 258170.667, 100
Trd, 258171.933, 105
Trd, 258172.317, 86
Trd, 258172.583, 84
Trd, 258172.933, 117
Trd, 258173.433, 89
Trd, 258173.517, 82
Trd, 258174.567, 94
Trd, 258174.900, 108
Trd, 258174.950, 85
Trd, 258176.067, 120
Trd, 258179.550, 111
Trd, 258179.867, 107
Trd, 258180.183, 117
Trd, 258181.233, 106
Trd, 258181.550, 101
Trd, 258182.950, 116
Trd, 258184.300, 110
Trd, 258185.233, 99
Trd, 258185.283, 119
Trd, 258185.600, 97
Trd, 258188.233, 100
Trd, 258189.550, 97
Trd, 258190.450, 96
Trd, 258191.300, 90
Trd, 258191.567, 88
Trd, 258191.850, 117
Trd, 258192.300, 108
Trd, 258192.350, 119
Trd, 258192.800, 118
Trd, 258194.317, 112
Trd, 258194.417, 105
Trd, 258194.467, 101
Trd, 258194.667, 92
Trd, 258196.150, 107
Trd, 258196.683, 120
Trd, 258197.700, 120
Trd, 258198.600, 97
Trd, 258200.367, 93
Trd, 258200.417, 92
Trd, 258202.550, 101
Trd, 258204.283, 105
Trd, 258205.283, 91
Trd, 258206.650, 87
Trd, 258207.100, 113
Trd, 258207.167, 86
Trd, 258207.700, 89
Trd, 258207.917, 118
Trd, 258207.933, 85
Trd, 258208.450, 120
Trd, 258210.250, 98
Trd, 258212.283, 99
Trd, 258212.333, 100
Trd, 258213.550, 91
Trd, 258213.583, 84
Trd, 258214.467, 83
Trd, 258215.900, 106
Trd, 258216.133, 117
Trd, 258216.567, 107
Trd, 258217.483, 103
Trd, 258219.050, 108
Trd, 258219.767, 109
Trd, 258220.683, 110
Trd, 258221.383, 101
Trd, 258221.933, 104
Trd, 258222.100, 99
Trd, 258222.617, 98
Trd, 258222.900, 116
Trd, 258227.367, 104
Trd, 258228.367, 101
Trd, 258228.417, 98
Trd, 258228.817, 112
Trd, 258228.867, 117
Trd, 258228.950, 117
Trd, 258229.533, 121
Trd, 258229.883, 97
Trd, 258230.600, 96
Trd, 258231.167, 83
Trd, 258232.267, 97
Trd, 258232.500, 108
Trd, 258234.550, 119
Trd, 258235.150, 104
Trd, 258235.917, 110
Trd, 258238.283, 97
Trd, 258238.467, 93
Trd, 258239.233, 103
Trd, 258240.067, 109
Trd, 258240.683, 94
Trd, 258240.783, 93
Trd, 258241.117, 120
Trd, 258242.033, 122
Trd, 258242.700, 106
Trd, 258242.783, 116
Trd, 258244.050, 88
Trd, 258244.783, 112
Trd, 258245.033, 106
Trd, 258245.667, 98
Trd, 258246.400, 87
Trd, 258249.767, 105
Trd, 258249.950, 98
Trd, 258250.300, 98
Trd, 258250.600, 116
Trd, 258250.717, 119
Trd, 258251.633, 89
Trd, 258252.650, 112
Trd, 258252.800, 109
Trd, 258252.883, 86
Trd, 258254.000, 84
Trd, 258254.150, 95
Trd, 258255.883, 116
Trd, 258257.867, 117
Trd, 258258.667, 91
Trd, 258259.433, 101
Trd, 258259.650, 104
Trd, 258260.300, 98
Trd, 258261.417, 108
Trd, 258262.400, 104
Trd, 258262.733, 111
Trd, 258264.283, 114
Trd, 258267.733, 100
Trd, 258268.067, 101
Trd, 258269.033, 118
Trd, 258269.167, 98
Trd, 258269.233, 95
Trd, 258269.383, 124
Trd, 258270.050, 94
Trd, 258273.100, 116
Trd, 258273.217, 120
Trd, 258273.767, 89
Trd, 258275.733, 111
Trd, 258276.450, 110
Trd, 258276.700, 109
Trd, 258276.867, 122
Trd, 258277.167, 125
Trd, 258277.950, 108
Trd, 258278.100, 108
Trd, 258278.233, 106
Trd, 258278.483, 103
Trd, 258278.817, 101
Trd, 258279.200, 98
Trd, 258279.533, 106
Trd, 258279.950, 113
Trd, 258280.067, 86
Trd, 258281.533, 87
Trd, 258282.700, 90
Trd, 258283.833, 82
Trd, 258284.750, 122
Trd, 258285.433, 121
Trd, 258285.583, 111
Trd, 258286.717, 115
Trd, 258287.633, 111
Trd, 258290.133, 102
Trd, 258290.567, 98
Trd, 258290.900, 116
Trd, 258290.967, 98
Trd, 258291.050, 118
Trd, 258291.767, 107
Trd, 258293.183, 117
Trd, 258293.883, 109
Trd, 258294.800, 104
Trd, 258295.200, 114
Trd, 258295.600, 105
Trd, 258296.867, 101
Trd, 258299.917, 109
Trd, 258300.500, 114
Trd, 258301.017, 102
Trd, 258301.983, 98
Trd, 258302.083, 96
Trd, 258302.917, 117
Trd, 258303.050, 110
Trd, 258305.533, 117
Trd, 258308.100, 101
Trd, 258308.517, 98
Trd, 258308.683, 101
Trd, 258309.200, 95
Trd, 258310.000, 95
Trd, 258310.400, 94
Trd, 258311.300, 104
Trd, 258313.350, 92
Trd, 258313.667, 118
Trd, 258314.633, 118
Trd, 258315.900, 120
Trd, 258317.167, 125
Trd, 258317.217, 100
Trd, 258318.350, 100
Trd, 258318.717, 123
Trd, 258319.183, 111
Trd, 258319.933, 104
Trd, 258320.083, 102
Trd, 258320.217, 98
Trd, 258320.250, 94
Trd, 258321.817, 106
Trd, 258324.633, 112
Trd, 258324.900, 109
Trd, 258325.033, 109
Trd, 258325.283, 104
Trd, 258325.850, 114
Trd, 258326.033, 101
Trd, 258326.750, 120
Trd, 258327.817, 118
Trd, 258328.783, 96
Trd, 258330.117, 100
Trd, 258330.917, 121
Trd, 258331.400, 104
Trd, 258332.100, 89
Trd, 258332.750, 120
Trd, 258333.750, 104
Trd, 258333.833, 105
Trd, 258333.850, 94
Trd, 258333.933, 93
Trd, 258334.850, 89
Trd, 258335.050, 87
Trd, 258336.600, 88
Trd, 258336.817, 87
Trd, 258336.967, 90
Trd, 258341.317, 108
Trd, 258342.133, 98
Trd, 258342.433, 95
Trd, 258346.350, 111
Trd, 258348.017, 98
Trd, 258348.317, 120
Trd, 258348.633, 97
Trd, 258348.650, 93
Trd, 258348.817, 104
Trd, 258349.350, 110
Trd, 258350.400, 109
Trd, 258352.100, 114
Trd, 258352.250, 95
Trd, 258353.433, 104
Trd, 258353.583, 124
Trd, 258353.733, 98
Trd, 258355.167, 101
Trd, 258355.517, 105
Trd, 258355.633, 98
Trd, 258356.167, 97
Trd, 258357.117, 92
Trd, 258359.033, 118
Trd, 258359.683, 121
Trd, 258360.167, 122
Trd, 258363.267, 107
Trd, 258363.817, 103
Trd, 258364.750, 124
Trd, 258365.300, 101
Trd, 258366.983, 111
Trd, 258368.567, 114
Trd, 258369.400, 110
Trd, 258369.767, 98
Trd, 258370.283, 91
Trd, 258370.817, 98
Trd, 258371.133, 113
Trd, 258371.167, 86
Trd, 258371.283, 87
Trd, 258372.150, 80
Trd, 258373.117, 102
Trd, 258373.433, 125
Trd, 258374.650, 115
Trd, 258375.683, 114
Trd, 258377.750, 116
Trd, 258378.100, 114
Trd, 258378.283, 110
Trd, 258380.933, 109
Trd, 258382.117, 108
Trd, 258382.600, 105
Trd, 258383.367, 113
Trd, 258385.317, 120
Trd, 258385.567, 112
Trd, 258386.200, 109
Trd, 258387.017, 114
Trd, 258387.333, 104
Trd, 258387.850, 117
Trd, 258388.000, 97
Trd, 258389.650, 105
Trd, 258390.083, 116
Trd, 258390.367, 119
Trd, 258393.983, 103
Trd, 258395.133, 101
Trd, 258395.383, 103
Trd, 258395.633, 95
Trd, 258396.167, 116
Trd, 258396.917, 97
Trd, 258397.000, 95
Trd, 258397.167, 83
Trd, 258398.050, 119
Trd, 258398.100, 126
Trd, 258400.433, 119
Trd, 258400.817, 112
Trd, 258401.100, 104
Trd, 258402.667, 97
Trd, 258403.150, 131
Trd, 258404.767, 119
Trd, 258405.583, 102
Trd, 258406.633, 126
Trd, 258407.100, 98
Trd, 258407.417, 116
Trd, 258407.683, 113
Trd, 258408.033, 96
Trd, 258408.467, 87
Trd, 258409.150, 117
Trd, 258411.250, 112
Trd, 258411.467, 106
Trd, 258414.000, 104
Trd, 258415.767, 109
Trd, 258416.150, 109
Trd, 258416.350, 102
Trd, 258416.583, 110
Trd, 258417.383, 101
Trd, 258417.833, 121
Trd, 258417.950, 116
Trd, 258419.067, 124
Trd, 258419.433, 98
Trd, 258420.283, 118
Trd, 258421.067, 124
Trd, 258421.083, 116
Trd, 258424.533, 111
Trd, 258424.833, 109
Trd, 258426.600, 121
Trd, 258426.683, 122
Trd, 258427.783, 125
Trd, 258428.983, 114
Trd, 258429.400, 112
Trd, 258430.017, 103
Trd, 258430.417, 102
Trd, 258430.833, 101
Trd, 258430.900, 100
Trd, 258431.267, 98
Trd, 258432.017, 91
Trd, 258432.167, 108
Trd, 258433.967, 97
Trd, 258434.767, 113
Trd, 258435.800, 116
Trd, 258436.217, 111
Trd, 258436.933, 110
Trd, 258438.133, 96
Trd, 258438.667, 94
Trd, 258439.417, 87
Trd, 258439.717, 96
Trd, 258440.417, 106
Trd, 258440.500, 112
Trd, 258441.000, 90
Trd, 258442.733, 113
Trd, 258442.750, 120
Trd, 258443.417, 109
Trd, 258443.467, 109
Trd, 258444.083, 99
Trd, 258444.400, 84
Trd, 258444.600, 82
Trd, 258445.150, 119
Trd, 258445.400, 124
Trd, 258446.983, 120
Trd, 258447.167, 111
Trd, 258447.617, 109
Trd, 258449.800, 99
Trd, 258451.333, 98
Trd, 258454.000, 117
Trd, 258454.050, 109
Trd, 258454.133, 109
Trd, 258456.983, 104
Trd, 258457.117, 98
Trd, 258457.283, 111
Trd, 258457.517, 117
Trd, 258458.317, 92
Trd, 258459.817, 102
Trd, 258460.117, 119
Trd, 258460.667, 92
Trd, 258461.333, 89
Trd, 258463.017, 94
Trd, 258463.483, 94
Trd, 258463.550, 87
Trd, 258463.617, 82
Trd, 258465.867, 89
Trd, 258467.000, 88
Trd, 258468.300, 87
Trd, 258468.500, 105
Trd, 258468.600, 106
Trd, 258470.317, 115
Trd, 258470.400, 117
Trd, 258471.467, 115
Trd, 258472.083, 102
Trd, 258472.133, 120
Trd, 258472.350, 101
Trd, 258472.800, 112
Trd, 258473.383, 98
Trd, 258473.683, 131
Trd, 258474.917, 124
Trd, 258476.233, 114
Trd, 258477.550, 120
Trd, 258478.117, 109
Trd, 258478.500, 101
Trd, 258479.317, 98
Trd, 258480.533, 97
Trd, 258481.000, 93
Trd, 258482.500, 114
Trd, 258482.700, 115
Trd, 258483.167, 90
Trd, 258485.417, 111
Trd, 258485.683, 117
Trd, 258486.317, 110
Trd, 258486.600, 100
Trd, 258489.883, 121
Trd, 258490.500, 97
Trd, 258490.917, 95
Trd, 258491.750, 120
Trd, 258491.883, 101
Trd, 258492.550, 101
Trd, 258492.717, 101
Trd, 258493.083, 94
Trd, 258493.300, 116
Trd, 258496.000, 115
Trd, 258497.100, 112
Trd, 258497.700, 109
Trd, 258498.200, 115
Trd, 258499.017, 90
Trd, 258499.467, 109
Trd, 258499.900, 95
Trd, 258502.417, 106
Trd, 258502.667, 106
Trd, 258503.933, 83
Trd, 258504.817, 113
Trd, 258507.083, 107
Trd, 258507.967, 85
Trd, 258508.483, 87
Trd, 258509.033, 108
Trd, 258509.267, 105
Trd, 258510.017, 104
Trd, 258510.717, 100
Trd, 258511.500, 107
Trd, 258511.817, 109
Trd, 258512.050, 98
Trd, 258515.433, 109
Trd, 258515.583, 105
Trd, 258517.017, 100
Trd, 258517.967, 98
Trd, 258518.350, 103
Trd, 258519.050, 107
Trd, 258519.400, 108
Trd, 258520.783, 114
Trd, 258521.100, 86
Trd, 258521.717, 114
Trd, 258522.700, 116
Trd, 258523.133, 117
Trd, 258523.450, 122
Trd, 258523.867, 90
Trd, 258524.317, 84
Trd, 258525.050, 88
Trd, 258525.200, 98
Trd, 258526.067, 117
Trd, 258527.067, 110
Trd, 258529.167, 115
Trd, 258529.300, 111
Trd, 258529.550, 106
Trd, 258531.333, 101
Trd, 258532.900, 104
Trd, 258534.033, 105
Trd, 258534.417, 106
Trd, 258535.450, 104
Trd, 258535.483, 99
Trd, 258536.233, 100
Trd, 258537.017, 112
Trd, 258538.367, 106
Trd, 258538.567, 110
Trd, 258541.083, 99
Trd, 258541.350, 124
Trd, 258541.383, 98
Trd, 258542.467, 107
Trd, 258544.483, 91
Trd, 258544.567, 120
Trd, 258545.867, 97
Trd, 258546.083, 122
Trd, 258547.233, 83
Trd, 258547.417, 99
Trd, 258547.950, 113
Trd, 258549.100, 111
Trd, 258550.567, 125
Trd, 258551.433, 114
Trd, 258551.750, 116
Trd, 258551.983, 101
Trd, 258553.033, 134
Trd, 258554.217, 114
Trd, 258555.050, 117
Trd, 258555.783, 113
Trd, 258557.000, 112
Trd, 258557.200, 109
Trd, 258557.350, 109
Trd, 258557.867, 101
Trd, 258558.983, 125
Trd, 258559.500, 97
Trd, 258560.167, 92
Trd, 258561.550, 116
Trd, 258561.717, 97
Trd, 258563.000, 102
Trd, 258563.533, 112
Trd, 258564.000, 98
Trd, 258564.133, 101
Trd, 258565.983, 101
Trd, 258566.433, 91
Trd, 258566.800, 105
Trd, 258569.267, 108
Trd, 258569.450, 89
Trd, 258569.983, 120
Trd, 258570.300, 104
Trd, 258570.733, 103
Trd, 258571.133, 105
Trd, 258571.650, 122
Trd, 258573.283, 94
Trd, 258575.467, 120
Trd, 258576.050, 118
Trd, 258576.700, 101
Trd, 258576.733, 98
Trd, 258577.517, 111
Trd, 258577.867, 98
Trd, 258578.317, 96
Trd, 258580.083, 105
Trd, 258580.250, 101
Trd, 258580.283, 115
Trd, 258581.617, 85
Trd, 258582.533, 91
Trd, 258583.200, 97
Trd, 258583.400, 94
Trd, 258583.450, 117
Trd, 258584.317, 101
Trd, 258584.583, 100
Trd, 258587.533, 115
Trd, 258587.600, 90
Trd, 258589.000, 92
Trd, 258591.067, 104
Trd, 258591.850, 105
Trd, 258592.717, 123
Trd, 258593.017, 117
Trd, 258593.150, 108
Trd, 258594.750, 120
Trd, 258597.050, 98
Trd, 258597.567, 103
Trd, 258597.967, 99
Trd, 258598.583, 91
Trd, 258598.833, 116
Trd, 258600.550, 90
Trd, 258601.800, 93
Trd, 258602.383, 89
Trd, 258604.233, 102
Trd, 258605.900, 104
Trd, 258605.967, 98
Trd, 258606.283, 99
Trd, 258607.650, 98
Trd, 258608.150, 93
Trd, 258608.217, 92
Trd, 258608.383, 88
Trd, 258609.300, 106
Trd, 258610.367, 112
Trd, 258610.417, 108
Trd, 258610.450, 117
Trd, 258611.500, 88
Trd, 258613.200, 89
Trd, 258613.300, 112
Trd, 258615.417, 93
Trd, 258616.967, 94
Trd, 258617.517, 101
Trd, 258617.983, 108
Trd, 258618.883, 102
Trd, 258619.817, 108
Trd, 258620.750, 116
Trd, 258620.783, 102
Trd, 258621.467, 99
Trd, 258622.833, 102
Trd, 258624.383, 107
Trd, 258626.467, 104
Trd, 258626.517, 98
Trd, 258626.700, 105
Trd, 258627.300, 97
Trd, 258628.033, 94
Trd, 258628.167, 100
Trd, 258628.267, 92
Trd, 258630.850, 117
Trd, 258631.267, 134
Trd, 258631.967, 110
Trd, 258632.000, 107
Trd, 258632.967, 132
Trd, 258633.567, 130
Trd, 258633.667, 126
Trd, 258636.283, 129
Trd, 258636.400, 101
Trd, 258638.500, 116
Trd, 258639.117, 112
Trd, 258641.633, 109
Trd, 258642.533, 111
Trd, 258642.767, 103
Trd, 258643.967, 98
Trd, 258644.000, 105
Trd, 258644.233, 98
Trd, 258645.017, 87
Trd, 258645.733, 89
Trd, 258646.350, 90
Trd, 258646.917, 105
Trd, 258647.700, 102
Trd, 258648.633, 117
Trd, 258649.083, 92
Trd, 258650.683, 97
Trd, 258650.867, 96
Trd, 258651.533, 86
Trd, 258651.967, 93
Trd, 258653.600, 113
Trd, 258654.617, 118
Trd, 258654.983, 94
Trd, 258655.467, 91
Trd, 258656.683, 107
Trd, 258657.350, 104
Trd, 258659.017, 104
Trd, 258659.883, 116
Trd, 258661.283, 106
Trd, 258661.683, 102
Trd, 258662.050, 101
Trd, 258663.433, 97
Trd, 258663.867, 105
Trd, 258664.717, 114
Trd, 258664.850, 117
Trd, 258665.017, 120
Trd, 258665.450, 98
Trd, 258667.250, 97
Trd, 258668.433, 104
Trd, 258668.967, 88
Trd, 258669.433, 93
Trd, 258671.017, 93
Trd, 258672.567, 90
Trd, 258673.750, 89
Trd, 258673.967, 115
Trd, 258675.083, 103
Trd, 258675.117, 86
Trd, 258675.133, 85
Trd, 258677.833, 113
Trd, 258678.567, 119
Trd, 258679.500, 102
Trd, 258679.617, 99
Trd, 258680.650, 105
Trd, 258681.883, 104
Trd, 258682.367, 98
Trd, 258682.533, 118
Trd, 258682.983, 86
Trd, 258684.233, 111
Trd, 258684.850, 80
Trd, 258685.617, 120
Trd, 258687.683, 92
Trd, 258687.950, 89
Trd, 258688.417, 99
Trd, 258689.167, 104
Trd, 258690.150, 83
Trd, 258690.567, 106
Trd, 258690.983, 117
Trd, 258691.833, 121
Trd, 258693.483, 129
Trd, 258693.500, 121
Trd, 258694.033, 117
Trd, 258694.167, 110
Trd, 258695.450, 98
Trd, 258696.867, 96
Trd, 258697.633, 106
Trd, 258698.200, 106
Trd, 258698.483, 97
Trd, 258698.567, 87
Trd, 258701.183, 126
Trd, 258701.567, 111
Trd, 258702.633, 100
Trd, 258702.733, 99
Trd, 258702.883, 100
Trd, 258703.650, 93
Trd, 258704.233, 85
Trd, 258705.800, 103
Trd, 258707.733, 103
Trd, 258707.933, 105
Trd, 258709.983, 105
Trd, 258710.883, 109
Trd, 258711.367, 112
Trd, 258711.683, 85
Trd, 258712.967, 118
Trd, 258713.550, 115
Trd, 258714.650, 109
Trd, 258716.183, 111
Trd, 258716.317, 104
Trd, 258716.750, 102
Trd, 258717.183, 98
Trd, 258717.783, 106
Trd, 258718.050, 99
Trd, 258719.667, 113
Trd, 258719.783, 117
Trd, 258720.917, 127
Trd, 258721.450, 98
Trd, 258721.700, 98
Trd, 258722.750, 109
Trd, 258725.400, 99
Trd, 258726.167, 112
Trd, 258727.333, 105
Trd, 258729.950, 114
Trd, 258730.150, 109
Trd, 258730.500, 102
Trd, 258731.500, 111
Trd, 258732.017, 109
Trd, 258732.133, 108
Trd, 258732.683, 120
Trd, 258732.967, 112
Trd, 258733.483, 109
Trd, 258734.283, 105
Trd, 258735.783, 101
Trd, 258736.450, 115
Trd, 258736.617, 98
Trd, 258737.517, 119
Trd, 258737.567, 103
Trd, 258737.850, 125
Trd, 258739.500, 102
Trd, 258739.533, 96
Trd, 258741.333, 91
Trd, 258741.633, 107
Trd, 258742.717, 114
Trd, 258743.650, 107
Trd, 258743.750, 101
Trd, 258743.933, 98
Trd, 258746.633, 114
Trd, 258747.083, 98
Trd, 258747.250, 99
Trd, 258747.733, 95
Trd, 258749.133, 106
Trd, 258749.367, 90
Trd, 258749.867, 86
Trd, 258750.267, 89
Trd, 258752.333, 117
Trd, 258754.300, 115
Trd, 258754.700, 115
Trd, 258754.967, 110
Trd, 258757.150, 99
Trd, 258757.750, 98
Trd, 258758.033, 118
Trd, 258758.700, 109
Trd, 258759.350, 112
Trd, 258760.233, 90
Trd, 258761.017, 116
Trd, 258763.700, 112
Trd, 258763.783, 113
Trd, 258764.383, 109
Trd, 258766.500, 114
Trd, 258767.483, 93
Trd, 258767.683, 105
Trd, 258768.217, 110
Trd, 258768.733, 120
Trd, 258769.033, 92
Trd, 258769.550, 91
Trd, 258769.850, 121
Trd, 258770.883, 88
Trd, 258773.783, 117
Trd, 258773.867, 119
Trd, 258774.150, 115
Trd, 258774.633, 98
Trd, 258774.900, 98
Trd, 258776.583, 90
Trd, 258776.783, 87
Trd, 258777.017, 85
Trd, 258777.233, 82
Trd, 258778.433, 103
Trd, 258779.417, 105
Trd, 258781.200, 112
Trd, 258781.400, 123
Trd, 258782.167, 117
Trd, 258782.750, 102
Trd, 258783.033, 101
Trd, 258783.483, 92
Trd, 258783.617, 85
Trd, 258783.817, 83
Trd, 258784.283, 110
Trd, 258785.783, 110
Trd, 258787.450, 113
Trd, 258787.783, 117
Trd, 258787.933, 106
Trd, 258787.983, 120
Trd, 258788.633, 101
Trd, 258790.583, 107
Trd, 258790.717, 96
Trd, 258791.850, 88
Trd, 258792.367, 98
Trd, 258793.083, 104
Trd, 258795.067, 108
Trd, 258795.283, 96
Trd, 258796.183, 117
Trd, 258796.733, 89
Trd, 258797.667, 97
Trd, 258798.767, 95
Trd, 258799.750, 98
Trd, 258799.900, 120
Trd, 258800.133, 122
Trd, 258800.767, 115
Trd, 258801.050, 101
Trd, 258801.300, 94
Trd, 258802.067, 100
Trd, 258802.983, 96
Trd, 258803.517, 104
Trd, 258805.383, 98
Trd, 258806.700, 92
Trd, 258808.067, 101
Trd, 258808.400, 106
Trd, 258809.333, 119
Trd, 258809.650, 99
Trd, 258810.417, 110
Trd, 258811.250, 120
Trd, 258811.350, 102
Trd, 258812.300, 99
Trd, 258812.483, 98
Trd, 258812.683, 108
Trd, 258812.817, 128
Trd, 258812.883, 95
Trd, 258813.600, 119
Trd, 258815.733, 117
Trd, 258817.800, 105
Trd, 258818.833, 112
Trd, 258818.933, 100
Trd, 258819.133, 96
Trd, 258819.917, 103
Trd, 258823.117, 118
Trd, 258823.150, 110
Trd, 258824.067, 101
Trd, 258825.033, 100
Trd, 258825.250, 99
Trd, 258825.450, 101
Trd, 258829.200, 102
Trd, 258829.667, 100
Trd, 258830.050, 105
Trd, 258830.067, 99
Trd, 258830.717, 111
Trd, 258831.050, 93
Trd, 258832.117, 100
Trd, 258832.700, 110
Trd, 258834.167, 102
Trd, 258834.367, 104
Trd, 258834.767, 121
Trd, 258836.067, 113
Trd, 258836.350, 105
Trd, 258836.783, 97
Trd, 258836.800, 121
Trd, 258837.217, 131
Trd, 258837.583, 95
Trd, 258840.517, 99
Trd, 258840.633, 112
Trd, 258840.750, 98
Trd, 258842.117, 115
Trd, 258844.600, 98
Trd, 258844.700, 94
Trd, 258844.817, 111
Trd, 258844.850, 118
Trd, 258845.267, 118
Trd, 258846.500, 106
Trd, 258846.667, 101
Trd, 258847.633, 95
Trd, 258850.300, 115
Trd, 258850.667, 97
Trd, 258853.867, 119
Trd, 258856.467, 110
Trd, 258856.700, 115
Trd, 258857.917, 122
Trd, 258858.750, 113
Trd, 258859.000, 106
Trd, 258859.150, 102
Trd, 258859.650, 101
Trd, 258861.183, 107
Trd, 258861.200, 119
Trd, 258861.233, 104
Trd, 258862.383, 99
Trd, 258863.217, 102
Trd, 258863.750, 98
Trd, 258864.333, 96
Trd, 258865.650, 106
Trd, 258866.233, 117
Trd, 258866.450, 87
Trd, 258866.800, 85
Trd, 258868.550, 102
Trd, 258868.583, 110
Trd, 258869.567, 98
Trd, 258871.417, 100
Trd, 258872.733, 94
Trd, 258872.800, 98
Trd, 258873.517, 117
Trd, 258874.317, 111
Trd, 258874.350, 118
Trd, 258874.450, 121
Trd, 258874.483, 94
Trd, 258876.933, 100
Trd, 258878.017, 119
Trd, 258878.533, 102
Trd, 258878.600, 124
Trd, 258878.733, 98
Trd, 258879.233, 100
Trd, 258880.433, 112
Trd, 258881.433, 118
Trd, 258881.550, 100
Trd, 258883.200, 98
Trd, 258883.983, 101
Trd, 258885.067, 106
Trd, 258885.133, 118
Trd, 258885.317, 121
Trd, 258886.067, 101
Trd, 258886.117, 101
Trd, 258886.817, 88
Trd, 258887.483, 87
Trd, 258888.450, 106
Trd, 258888.550, 87
Trd, 258889.067, 83
Trd, 258889.133, 86
Trd, 258890.950, 109
Trd, 258891.300, 87
Trd, 258892.433, 122
Trd, 258894.050, 104
Trd, 258895.617, 108
Trd, 258895.717, 101
Trd, 258896.567, 99
Trd, 258898.200, 115
Trd, 258898.433, 104
Trd, 258898.583, 97
Trd, 258899.200, 87
Trd, 258899.483, 83
Trd, 258899.500, 117
Trd, 258900.367, 116
Trd, 258900.833, 124
Trd, 258901.900, 111
Trd, 258903.733, 109
Trd, 258904.117, 109
Trd, 258904.200, 100
Trd, 258904.767, 96
Trd, 258905.983, 104
Trd, 258907.950, 101
Trd, 258908.950, 131
Trd, 258909.850, 124
Trd, 258910.417, 117
Trd, 258911.383, 105
Trd, 258911.917, 103
Trd, 258912.600, 117
Trd, 258912.717, 102
Trd, 258912.783, 99
Trd, 258914.617, 103
Trd, 258915.800, 124
Trd, 258916.717, 121
Trd, 258916.800, 114
Trd, 258917.867, 99
Trd, 258918.683, 115
Trd, 258918.983, 129
Trd, 258919.717, 126
Trd, 258919.817, 115
Trd, 258919.883, 110
Trd, 258922.067, 99
Trd, 258923.083, 111
Trd, 258924.300, 101
Trd, 258925.167, 117
Trd, 258926.317, 120
Trd, 258927.117, 98
Trd, 258928.317, 100
Trd, 258928.633, 104
Trd, 258929.883, 123
Trd, 258931.317, 113
Trd, 258931.650, 112
Trd, 258931.900, 104
Trd, 258932.583, 101
Trd, 258932.700, 109
Trd, 258933.683, 102
Trd, 258935.417, 105
Trd, 258937.917, 112
Trd, 258937.967, 101
Trd, 258938.267, 99
Trd, 258938.633, 98
Trd, 258939.167, 105
Trd, 258941.033, 115
Trd, 258941.250, 118
Trd, 258941.433, 110
Trd, 258941.567, 93
Trd, 258944.567, 109
Trd, 258944.633, 107
Trd, 258944.650, 95
Trd, 258945.483, 102
Trd, 258946.367, 95
Trd, 258947.250, 98
Trd, 258949.400, 118
Trd, 258951.833, 117
Trd, 258951.867, 112
Trd, 258952.133, 109
Trd, 258952.383, 104
Trd, 258952.750, 102
Trd, 258953.367, 104
Trd, 258953.900, 102
Trd, 258954.117, 101
Trd, 258954.350, 105
Trd, 258955.000, 86
Trd, 258955.683, 110
Trd, 258956.300, 126
Trd, 258956.667, 115
Trd, 258957.017, 98
Trd, 258958.333, 104
Trd, 258958.900, 103
Trd, 258959.050, 118
Trd, 258959.517, 113
Trd, 258960.800, 101
Trd, 258961.100, 108
Trd, 258961.667, 119
Trd, 258962.067, 109
Trd, 258965.867, 91
Trd, 258966.317, 119
Trd, 258966.433, 120
Trd, 258967.300, 112
Trd, 258967.683, 109
Trd, 258967.900, 106
Trd, 258968.483, 104
Trd, 258970.233, 126
Trd, 258971.150, 91
Trd, 258971.183, 87
Trd, 258971.400, 81
Trd, 258972.100, 105
Trd, 258972.317, 86
Trd, 258973.750, 82
Trd, 258974.650, 108
Trd, 258976.717, 101
Trd, 258976.833, 97
Trd, 258977.050, 91
Trd, 258977.400, 132
Trd, 258977.783, 124
Trd, 258978.217, 81
Trd, 258978.617, 79
Trd, 258979.850, 110
Trd, 258982.083, 114
Trd, 258982.567, 110
Trd, 258983.017, 109
Trd, 258985.800, 109
Trd, 258986.300, 120
Trd, 258986.350, 122
Trd, 258986.717, 119
Trd, 258987.100, 114
Trd, 258987.617, 108
Trd, 258987.667, 111
Trd, 258988.717, 101
Trd, 258990.967, 97
Trd, 258991.250, 96
Trd, 258991.833, 103
Trd, 258992.450, 94
Trd, 258993.417, 106
Trd, 258993.983, 106
Trd, 258994.117, 102
Trd, 258995.317, 118
Trd, 258997.100, 101
Trd, 258997.133, 93
Trd, 258998.983, 89
Trd, 258999.233, 106
Trd, 258999.683, 104
Trd, 259002.733, 105
Trd, 259003.100, 108
Trd, 259004.783, 120
Trd, 259004.800, 120
Trd, 259005.133, 115
Trd, 259006.867, 111
Trd, 259007.400, 109
Trd, 259008.683, 101
Trd, 259009.817, 101
Trd, 259010.033, 96
Trd, 259010.367, 112
Trd, 259011.300, 123
Trd, 259011.450, 93
Trd, 259012.467, 86
Trd, 259012.800, 93
Trd, 259014.350, 106
Trd, 259014.500, 108
Trd, 259015.133, 82
Trd, 259015.833, 82
Trd, 259015.867, 118
Trd, 259018.117, 97
Trd, 259019.117, 96
Trd, 259019.233, 110
Trd, 259019.367, 93
Trd, 259020.033, 118
Trd, 259020.833, 115
Trd, 259022.583, 103
Trd, 259024.450, 110
Trd, 259025.333, 109
Trd, 259025.550, 99
Trd, 259025.867, 120
Trd, 259026.017, 92
Trd, 259027.183, 109
Trd, 259027.233, 118
Trd, 259028.000, 109
Trd, 259029.933, 100
Trd, 259030.900, 98
Trd, 259031.017, 109
Trd, 259031.150, 103
Trd, 259031.450, 117
Trd, 259031.767, 110
Trd, 259032.483, 115
Trd, 259034.017, 120
Trd, 259035.767, 101
Trd, 259036.250, 118
Trd, 259036.650, 117
Trd, 259037.217, 112
Trd, 259037.500, 110
Trd, 259038.117, 112
Trd, 259038.550, 122
Trd, 259041.267, 95
Trd, 259042.567, 101
Trd, 259043.417, 99
Trd, 259043.450, 104
Trd, 259043.683, 98
Trd, 259045.617, 114
Trd, 259046.550, 111
Trd, 259047.317, 108
Trd, 259050.200, 105
Trd, 259050.217, 101
Trd, 259050.817, 122
Trd, 259051.450, 108
Trd, 259052.167, 120
Trd, 259052.200, 111
Trd, 259052.650, 101
Trd, 259053.317, 98
Trd, 259053.700, 98
Trd, 259053.767, 91
Trd, 259053.983, 86
Trd, 259054.350, 105
Trd, 259056.250, 108
Trd, 259057.067, 119
Trd, 259059.550, 112
Trd, 259059.933, 109
Trd, 259060.267, 118
Trd, 259060.467, 103
Trd, 259060.733, 101
Trd, 259062.450, 120
Trd, 259062.517, 103
Trd, 259064.667, 109
Trd, 259066.383, 98
Trd, 259066.433, 102
Trd, 259068.133, 90
Trd, 259069.317, 106
Trd, 259070.333, 106
Trd, 259071.250, 93
Trd, 259072.033, 107
Trd, 259072.533, 113
Trd, 259073.950, 112
Trd, 259074.017, 109
Trd, 259074.767, 105
Trd, 259075.767, 106
Trd, 259076.017, 98
Trd, 259076.433, 97
Trd, 259079.733, 101
Trd, 259079.967, 102
Trd, 259081.617, 99
Trd, 259082.150, 103
Trd, 259082.300, 98
Trd, 259083.067, 112
Trd, 259083.333, 106
Trd, 259084.417, 117
Trd, 259085.217, 102
Trd, 259085.467, 111
Trd, 259086.000, 90
Trd, 259087.550, 90
Trd, 259088.650, 112
Trd, 259088.767, 114
Trd, 259088.900, 100
Trd, 259089.550, 111
Trd, 259090.200, 102
Trd, 259090.567, 101
Trd, 259092.133, 89
Trd, 259092.267, 90
Trd, 259092.467, 91
Trd, 259093.633, 111
Trd, 259094.183, 99
Trd, 259095.017, 98
Trd, 259095.400, 112
Trd, 259096.250, 117
Trd, 259097.133, 100
Trd, 259098.467, 100
Trd, 259100.183, 98
Trd, 259100.850, 105
Trd, 259101.067, 91
Trd, 259101.883, 105
Trd, 259102.917, 117
Trd, 259104.750, 110
Trd, 259105.600, 118
Trd, 259105.633, 123
Trd, 259106.750, 109
Trd, 259107.733, 104
Trd, 259108.667, 101
Trd, 259108.700, 100
Trd, 259108.917, 107
Trd, 259110.067, 89
Trd, 259110.550, 89
Trd, 259111.283, 108
Trd, 259113.167, 111
Trd, 259113.867, 104
Trd, 259115.233, 101
Trd, 259115.400, 96
Trd, 259115.717, 96
Trd, 259115.950, 93
Trd, 259116.883, 100
Trd, 259118.800, 114
Trd, 259119.067, 88
Trd, 259119.317, 120
Trd, 259120.350, 88
Trd, 259122.567, 102
Trd, 259122.717, 92
Trd, 259125.317, 110
Trd, 259126.450, 112
Trd, 259126.483, 118
Trd, 259126.800, 99
Trd, 259127.267, 98
Trd, 259128.750, 92
Trd, 259128.767, 104
Trd, 259128.900, 90
Trd, 259130.217, 112
Trd, 259131.333, 106
Trd, 259131.767, 98
Trd, 259132.383, 98
Trd, 259132.767, 88
Trd, 259134.167, 112
Trd, 259137.683, 120
Trd, 259138.000, 112
Trd, 259138.400, 109
Trd, 259139.617, 122
Trd, 259139.783, 121
Trd, 259140.983, 101
Trd, 259142.483, 125
Trd, 259142.650, 114
Trd, 259143.183, 113
Trd, 259143.950, 107
Trd, 259144.717, 106
Trd, 259145.900, 120
Trd, 259147.183, 98
Trd, 259147.800, 131
Trd, 259147.817, 127
Trd, 259148.367, 98
Trd, 259148.700, 110
Trd, 259148.783, 94
Trd, 259149.733, 111
Trd, 259149.900, 108
Trd, 259150.467, 101
Trd, 259151.700, 121
Trd, 259152.050, 95
Trd, 259153.050, 117
Trd, 259153.267, 113
Trd, 259154.083, 88
Trd, 259154.183, 92
Trd, 259157.183, 92
Trd, 259157.500, 87
Trd, 259158.317, 103
Trd, 259159.783, 89
Trd, 259161.367, 104
Trd, 259161.750, 90
Trd, 259162.667, 104
Trd, 259163.183, 115
Trd, 259163.433, 96
Trd, 259163.833, 119
Trd, 259164.917, 98
Trd, 259165.883, 111
Trd, 259166.550, 119
Trd, 259166.967, 93
Trd, 259167.200, 88
Trd, 259167.767, 88
Trd, 259169.600, 92
Trd, 259169.650, 104
Trd, 259170.083, 87
Trd, 259170.700, 105
Trd, 259170.933, 82
Trd, 259171.917, 107
Trd, 259174.967, 101
Trd, 259176.933, 101
Trd, 259177.367, 104
Trd, 259179.517, 112
Trd, 259180.333, 105
Trd, 259180.517, 101
Trd, 259181.117, 98
Trd, 259181.517, 106
Trd, 259182.350, 93
Trd, 259182.550, 95
Trd, 259182.817, 89
Trd, 259182.833, 87
Trd, 259183.400, 119
Trd, 259184.417, 111
Trd, 259184.733, 120
Trd, 259185.750, 119
Trd, 259187.683, 109
Trd, 259187.917, 119
Trd, 259188.367, 101
Trd, 259189.317, 98
Trd, 259189.950, 101
Trd, 259192.350, 96
Trd, 259193.333, 105
Trd, 259193.600, 104
Trd, 259194.683, 97
Trd, 259194.850, 93
Trd, 259194.900, 93
Trd, 259195.200, 115
Trd, 259195.450, 121
Trd, 259196.200, 112
Trd, 259196.367, 87
Trd, 259197.733, 112
Trd, 259198.000, 125
Trd, 259198.250, 109
Trd, 259199.683, 109
