Trd, 257808.583, 89
Trd, 257808.883, 98
Trd, 257809.367, 96
Trd, 257812.833, 111
Trd, 257813.083, 105
Trd, 257814.083, 104
Trd, 257815.067, 105
Trd, 257815.250, 109
Trd, 257815.517, 113
Trd, 257817.000, 108
Trd, 257817.350, 105
Trd, 257818.817, 105
Trd, 257819.150, 100
Trd, 257819.300, 107
Trd, 257821.467, 109
Trd, 257821.517, 104
Trd, 257822.317, 102
Trd, 257822.633, 104
Trd, 257823.200, 107
Trd, 257823.750, 101
Trd, 257825.467, 104
Trd, 257826.333, 101
Trd, 257826.900, 113
Trd, 257827.367, 95
Trd, 257827.900, 101
Trd, 257828.983, 108
Trd, 257829.167, 111
Trd, 257829.200, 96
Trd, 257829.967, 105
Trd, 257830.633, 86
Trd, 257830.850, 106
Trd, 257831.083, 117
Trd, 257832.033, 94
Trd, 257833.300, 95
Trd, 257833.800, 103
Trd, 257836.267, 109
Trd, 257836.433, 109
Trd, 257837.450, 105
Trd, 257838.217, 106
Trd, 257839.367, 105
Trd, 257839.500, 112
Trd, 257839.767, 103
Trd, 257841.650, 104
Trd, 257842.417, 112
Trd, 257845.633, 111
Trd, 257846.100, 112
Trd, 257847.600, 117
Trd, 257847.833, 112
Trd, 257848.333, 104
Trd, 257849.333, 101
Trd, 257849.917, 89
Trd, 257850.267, 99
Trd, 257850.533, 101
Trd, 257852.333, 114
Trd, 257852.850, 89
Trd, 257853.833, 109
Trd, 257854.017, 93
Trd, 257854.200, 105
Trd, 257854.933, 106
Trd, 257855.433, 93
Trd, 257857.200, 105
Trd, 257858.400, 95
Trd, 257861.867, 98
Trd, 257862.817, 113
Trd, 257863.233, 115
Trd, 257863.583, 110
Trd, 257864.233, 110
Trd, 257864.333, 108
Trd, 257865.267, 109
Trd, 257865.533, 117
Trd, 257865.683, 105
Trd, 257865.900, 109
Trd, 257868.517, 104
Trd, 257869.717, 107
Trd, 257871.417, 113
Trd, 257872.150, 105
Trd, 257873.850, 103
Trd, 257873.883, 101
Trd, 257874.083, 113
Trd, 257874.650, 106
Trd, 257874.983, 111
Trd, 257876.250, 96
Trd, 257877.350, 101
Trd, 257877.850, 108
Trd, 257878.033, 113
Trd, 257879.283, 115
Trd, 257880.617, 101
Trd, 257882.183, 99
Trd, 257884.733, 101
Trd, 257884.900, 93
Trd, 257885.117, 89
Trd, 257885.200, 101
Trd, 257886.250, 95
Trd, 257886.583, 113
Trd, 257886.667, 117
Trd, 257887.533, 123
Trd, 257889.150, 121
Trd, 257890.550, 121
Trd, 257891.483, 117
Trd, 257892.233, 104
Trd, 257892.433, 103
Trd, 257892.750, 123
Trd, 257894.250, 120
Trd, 257894.883, 113
Trd, 257895.350, 107
Trd, 257895.867, 116
Trd, 257896.033, 120
Trd, 257897.533, 113
Trd, 257897.767, 102
Trd, 257900.567, 106
Trd, 257900.800, 103
Trd, 257902.100, 111
Trd, 257903.200, 101
Trd, 257903.517, 115
Trd, 257905.933, 104
Trd, 257905.950, 100
Trd, 257906.117, 106
Trd, 257906.683, 113
Trd, 257907.133, 89
Trd, 257908.900, 98
Trd, 257909.383, 117
Trd, 257909.667, 102
Trd, 257910.250, 90
Trd, 257911.217, 117
Trd, 257913.333, 128
Trd, 257914.200, 114
Trd, 257914.267, 112
Trd, 257914.800, 118
Trd, 257915.300, 109
Trd, 257916.600, 99
Trd, 257918.517, 100
Trd, 257919.767, 108
Trd, 257920.433, 113
Trd, 257920.550, 112
Trd, 257921.517, 102
Trd, 257922.417, 103
Trd, 257922.483, 101
Trd, 257923.783, 105
Trd, 257924.150, 109
Trd, 257925.000, 98
Trd, 257925.433, 97
Trd, 257925.867, 112
Trd, 257927.867, 109
Trd, 257928.083, 106
Trd, 257930.183, 108
Trd, 257931.567, 104
Trd, 257931.750, 109
Trd, 257931.850, 102
Trd, 257932.500, 101
Trd, 257932.850, 100
Trd, 257935.033, 103
Trd, 257935.533, 113
Trd, 257936.517, 98
Trd, 257936.767, 104
Trd, 257937.450, 105
Trd, 257938.633, 117
Trd, 257939.333, 106
Trd, 257939.850, 97
Trd, 257941.533, 119
Trd, 257941.600, 122
Trd, 257943.750, 126
Trd, 257946.083, 110
Trd, 257946.350, 107
Trd, 257947.250, 106
Trd, 257948.150, 102
Trd, 257948.450, 101
Trd, 257949.250, 102
Trd, 257950.383, 115
Trd, 257950.433, 117
Trd, 257950.900, 101
Trd, 257954.983, 106
Trd, 257955.250, 101
Trd, 257955.650, 104
Trd, 257956.600, 97
Trd, 257957.567, 101
Trd, 257958.500, 107
Trd, 257959.383, 111
Trd, 257960.050, 106
Trd, 257960.767, 104
Trd, 257961.533, 112
Trd, 257961.750, 114
Trd, 257965.367, 104
Trd, 257965.767, 103
Trd, 257966.867, 103
Trd, 257967.300, 108
Trd, 257967.333, 101
Trd, 257967.867, 111
Trd, 257968.850, 108
Trd, 257969.650, 104
Trd, 257970.100, 108
Trd, 257972.250, 113
Trd, 257972.717, 104
Trd, 257973.600, 101
Trd, 257973.700, 116
Trd, 257973.817, 91
Trd, 257974.650, 96
Trd, 257975.283, 98
Trd, 257975.400, 117
Trd, 257976.900, 102
Trd, 257978.600, 109
Trd, 257978.617, 113
Trd, 257979.517, 116
Trd, 257980.633, 100
Trd, 257981.333, 95
Trd, 257981.700, 103
Trd, 257982.167, 105
Trd, 257982.683, 110
Trd, 257985.350, 117
Trd, 257986.317, 120
Trd, 257987.467, 119
Trd, 257987.867, 106
Trd, 257988.500, 103
Trd, 257988.950, 109
Trd, 257989.217, 95
Trd, 257990.083, 115
Trd, 257991.433, 108
Trd, 257991.667, 104
Trd, 257991.950, 117
Trd, 257994.267, 110
Trd, 257994.283, 104
Trd, 257995.500, 115
Trd, 257996.150, 121
Trd, 257996.300, 112
Trd, 257996.767, 101
Trd, 257997.450, 100
Trd, 257998.800, 98
Trd, 257999.983, 94
Trd, 258000.433, 117
Trd, 258002.833, 123
Trd, 258002.900, 121
Trd, 258003.500, 98
Trd, 258003.983, 107
Trd, 258004.600, 104
Trd, 258005.350, 90
Trd, 258005.883, 89
Trd, 258008.400, 108
Trd, 258008.417, 108
Trd, 258009.100, 104
Trd, 258009.167, 98
Trd, 258010.967, 107
Trd, 258011.317, 113
Trd, 258011.667, 101
Trd, 258013.683, 106
Trd, 258013.867, 104
Trd, 258013.883, 113
Trd, 258015.017, 95
Trd, 258015.250, 96
Trd, 258016.033, 93
Trd, 258016.883, 114
Trd, 258018.100, 114
Trd, 258018.550, 106
Trd, 258019.617, 102
Trd, 258019.900, 95
Trd, 258020.883, 116
Trd, 258021.517, 100
Trd, 258022.167, 90
Trd, 258023.700, 117
Trd, 258024.467, 98
Trd, 258025.267, 93
Trd, 258025.650, 116
Trd, 258026.267, 104
Trd, 258026.950, 98
Trd, 258028.733, 108
Trd, 258028.867, 110
Trd, 258032.417, 105
Trd, 258033.117, 109
Trd, 258033.200, 98
Trd, 258033.700, 111
Trd, 258034.367, 115
Trd, 258034.733, 120
Trd, 258036.500, 111
Trd, 258038.033, 106
Trd, 258038.283, 112
Trd, 258039.300, 102
Trd, 258040.233, 102
Trd, 258040.767, 123
Trd, 258041.300, 115
Trd, 258041.667, 108
Trd, 258042.733, 101
Trd, 258042.833, 92
Trd, 258043.900, 98
Trd, 258044.117, 100
Trd, 258045.317, 104
Trd, 258045.950, 102
Trd, 258046.017, 97
Trd, 258048.017, 114
Trd, 258048.133, 109
Trd, 258051.933, 112
Trd, 258052.300, 102
Trd, 258053.233, 101
Trd, 258053.333, 103
Trd, 258053.483, 106
Trd, 258053.533, 114
Trd, 258053.750, 117
Trd, 258055.950, 116
Trd, 258056.067, 104
Trd, 258056.183, 104
Trd, 258057.183, 99
Trd, 258058.017, 89
Trd, 258059.967, 107
Trd, 258060.133, 104
Trd, 258061.683, 110
Trd, 258062.200, 109
Trd, 258063.283, 111
Trd, 258063.317, 114
Trd, 258063.850, 117
Trd, 258064.267, 109
Trd, 258065.650, 101
Trd, 258065.850, 100
Trd, 258066.550, 101
Trd, 258068.367, 102
Trd, 258068.700, 101
Trd, 258069.650, 99
Trd, 258070.767, 101
Trd, 258071.183, 108
Trd, 258071.200, 98
Trd, 258073.250, 93
Trd, 258074.117, 96
Trd, 258076.033, 107
Trd, 258076.800, 93
Trd, 258077.750, 105
Trd, 258078.400, 117
Trd, 258079.083, 108
Trd, 258079.433, 99
Trd, 258080.533, 107
Trd, 258081.067, 106
Trd, 258081.133, 110
Trd, 258081.300, 105
Trd, 258082.083, 100
Trd, 258085.500, 108
Trd, 258086.567, 100
Trd, 258086.900, 105
Trd, 258087.800, 102
Trd, 258088.800, 97
Trd, 258089.117, 104
Trd, 258089.383, 113
Trd, 258089.450, 114
Trd, 258089.817, 89
Trd, 258090.167, 102
Trd, 258091.017, 104
Trd, 258091.933, 117
Trd, 258092.100, 104
Trd, 258094.433, 112
Trd, 258095.517, 115
Trd, 258095.600, 110
Trd, 258096.000, 117
Trd, 258098.400, 119
Trd, 258099.917, 111
Trd, 258099.933, 109
Trd, 258100.550, 110
Trd, 258100.867, 110
Trd, 258101.067, 114
Trd, 258101.100, 102
Trd, 258102.033, 101
Trd, 258103.017, 101
Trd, 258103.067, 106
Trd, 258104.383, 106
Trd, 258105.283, 104
Trd, 258105.417, 108
Trd, 258105.700, 101
Trd, 258107.467, 103
Trd, 258110.750, 111
Trd, 258111.683, 101
Trd, 258112.283, 101
Trd, 258112.317, 112
Trd, 258115.333, 101
Trd, 258116.250, 109
Trd, 258116.383, 90
Trd, 258116.850, 111
Trd, 258118.767, 97
Trd, 258118.850, 95
Trd, 258119.617, 99
Trd, 258119.733, 112
Trd, 258120.233, 95
Trd, 258121.500, 95
Trd, 258123.333, 105
Trd, 258123.550, 98
Trd, 258126.467, 101
Trd, 258126.483, 101
Trd, 258126.683, 103
Trd, 258127.817, 103
Trd, 258128.183, 104
Trd, 258128.267, 103
Trd, 258128.533, 101
Trd, 258129.600, 89
Trd, 258129.817, 111
Trd, 258130.017, 112
Trd, 258133.400, 106
Trd, 258135.350, 109
Trd, 258135.600, 102
Trd, 258135.767, 113
Trd, 258136.183, 104
Trd, 258136.333, 105
Trd, 258136.483, 99
Trd, 258136.833, 116
Trd, 258139.217, 111
Trd, 258140.267, 110
Trd, 258140.550, 115
Trd, 258140.583, 109
Trd, 258140.767, 101
Trd, 258141.100, 100
Trd, 258142.033, 106
Trd, 258143.250, 106
Trd, 258143.567, 94
Trd, 258143.817, 91
Trd, 258144.717, 106
Trd, 258145.450, 108
Trd, 258146.050, 107
Trd, 258146.250, 104
Trd, 258148.917, 105
Trd, 258149.833, 115
Trd, 258152.233, 117
Trd, 258153.300, 118
Trd, 258153.600, 110
Trd, 258153.983, 109
Trd, 258154.533, 107
Trd, 258154.783, 112
Trd, 258156.283, 104
Trd, 258156.900, 116
Trd, 258157.133, 117
Trd, 258157.483, 99
Trd, 258158.283, 92
Trd, 258158.733, 98
Trd, 258159.583, 122
Trd, 258159.883, 113
Trd, 258161.433, 101
Trd, 258161.683, 96
Trd, 258162.083, 98
Trd, 258162.900, 100
Trd, 258162.967, 96
Trd, 258163.083, 101
Trd, 258163.100, 92
Trd, 258164.667, 92
Trd, 258165.600, 109
Trd, 258165.933, 120
Trd, 258168.283, 112
Trd, 258169.000, 112
Trd, 258169.933, 101
Trd, 258170.150, 103
Trd, 258172.583, 98
Trd, 258172.633, 112
Trd, 258172.883, 115
Trd, 258174.550, 98
Trd, 258175.333, 101
Trd, 258177.400, 91
Trd, 258177.483, 96
Trd, 258178.817, 93
Trd, 258180.283, 113
Trd, 258180.417, 117
Trd, 258181.750, 108
Trd, 258182.817, 105
Trd, 258183.700, 113
Trd, 258185.850, 106
Trd, 258187.133, 103
Trd, 258188.933, 114
Trd, 258190.017, 106
Trd, 258190.200, 110
Trd, 258190.450, 104
Trd, 258190.550, 109
Trd, 258191.967, 109
Trd, 258193.200, 116
Trd, 258193.383, 116
Trd, 258194.650, 118
Trd, 258194.900, 117
Trd, 258197.033, 107
Trd, 258197.100, 106
Trd, 258197.667, 105
Trd, 258198.500, 104
Trd, 258200.050, 101
Trd, 258200.833, 104
Trd, 258202.817, 100
Trd, 258203.400, 97
Trd, 258203.917, 91
Trd, 258204.017, 107
Trd, 258204.217, 113
Trd, 258205.417, 105
Trd, 258206.333, 117
Trd, 258207.100, 104
Trd, 258208.017, 102
Trd, 258208.700, 116
Trd, 258209.167, 112
Trd, 258209.350, 109
Trd, 258209.817, 118
Trd, 258210.767, 102
Trd, 258210.900, 101
Trd, 258211.533, 102
Trd, 258213.817, 103
Trd, 258213.900, 117
Trd, 258214.267, 101
Trd, 258214.350, 100
Trd, 258215.417, 104
Trd, 258215.517, 104
Trd, 258216.067, 103
Trd, 258217.800, 101
Trd, 258218.200, 111
Trd, 258219.367, 103
Trd, 258221.100, 102
Trd, 258221.733, 89
Trd, 258221.783, 85
Trd, 258223.267, 115
Trd, 258223.467, 113
Trd, 258223.850, 117
Trd, 258224.633, 104
Trd, 258225.300, 95
Trd, 258225.933, 108
Trd, 258228.317, 104
Trd, 258228.983, 104
Trd, 258230.433, 106
Trd, 258230.700, 116
Trd, 258232.983, 106
Trd, 258234.500, 108
Trd, 258235.183, 108
Trd, 258235.900, 101
Trd, 258236.167, 110
Trd, 258236.600, 112
Trd, 258237.617, 110
Trd, 258237.983, 104
Trd, 258239.283, 99
Trd, 258239.550, 98
Trd, 258241.117, 98
Trd, 258241.250, 115
Trd, 258241.850, 111
Trd, 258242.350, 95
Trd, 258243.100, 104
Trd, 258244.083, 112
Trd, 258245.967, 97
Trd, 258246.883, 96
Trd, 258249.300, 102
Trd, 258249.467, 105
Trd, 258249.600, 106
Trd, 258250.150, 117
Trd, 258250.800, 102
Trd, 258252.533, 99
Trd, 258253.467, 108
Trd, 258253.600, 105
Trd, 258253.900, 104
Trd, 258256.533, 112
Trd, 258256.567, 117
Trd, 258257.383, 111
Trd, 258258.117, 102
Trd, 258258.533, 101
Trd, 258258.800, 102
Trd, 258258.983, 92
Trd, 258260.183, 103
Trd, 258260.233, 91
Trd, 258260.667, 95
Trd, 258263.833, 105
Trd, 258265.467, 105
Trd, 258265.717, 104
Trd, 258265.733, 110
Trd, 258266.417, 112
Trd, 258267.133, 100
Trd, 258267.250, 117
Trd, 258269.067, 102
Trd, 258269.283, 106
Trd, 258270.783, 111
Trd, 258271.617, 106
Trd, 258271.850, 98
Trd, 258272.917, 108
Trd, 258273.133, 107
Trd, 258273.217, 104
Trd, 258274.050, 101
Trd, 258274.667, 120
Trd, 258274.983, 116
Trd, 258277.000, 111
Trd, 258277.783, 104
Trd, 258278.817, 90
Trd, 258279.650, 88
Trd, 258279.850, 89
Trd, 258280.183, 117
Trd, 258281.200, 111
Trd, 258282.367, 105
Trd, 258283.317, 103
Trd, 258283.783, 105
Trd, 258284.750, 97
Trd, 258285.383, 97
Trd, 258286.700, 111
Trd, 258286.967, 107
Trd, 258287.383, 109
Trd, 258287.683, 114
Trd, 258288.383, 109
Trd, 258288.800, 101
Trd, 258289.300, 90
Trd, 258290.950, 108
Trd, 258291.067, 117
Trd, 258292.867, 101
Trd, 258293.117, 111
Trd, 258294.383, 111
Trd, 258296.900, 106
Trd, 258297.817, 102
Trd, 258298.333, 103
Trd, 258299.517, 109
Trd, 258300.217, 104
Trd, 258301.050, 99
Trd, 258302.217, 107
Trd, 258303.750, 98
Trd, 258303.900, 103
Trd, 258304.300, 96
Trd, 258305.183, 112
Trd, 258307.317, 104
Trd, 258307.817, 117
Trd, 258307.900, 98
Trd, 258308.467, 98
Trd, 258309.833, 96
Trd, 258310.250, 97
Trd, 258311.017, 104
Trd, 258311.750, 89
Trd, 258312.317, 109
Trd, 258312.767, 118
Trd, 258312.967, 97
Trd, 258314.067, 112
Trd, 258314.167, 90
Trd, 258314.900, 100
Trd, 258316.550, 99
Trd, 258317.100, 94
Trd, 258318.300, 92
Trd, 258318.650, 101
Trd, 258319.150, 105
Trd, 258319.850, 111
Trd, 258320.750, 105
Trd, 258322.183, 108
Trd, 258322.450, 112
Trd, 258322.600, 102
Trd, 258323.567, 111
Trd, 258323.733, 117
Trd, 258324.017, 101
Trd, 258325.633, 99
Trd, 258326.350, 90
Trd, 258326.400, 97
Trd, 258327.550, 107
Trd, 258327.583, 93
Trd, 258329.917, 103
Trd, 258330.617, 107
Trd, 258333.067, 104
Trd, 258333.667, 104
Trd, 258334.350, 105
Trd, 258334.617, 116
Trd, 258335.883, 105
Trd, 258337.450, 103
Trd, 258337.733, 100
Trd, 258338.183, 119
Trd, 258339.283, 105
Trd, 258341.167, 102
Trd, 258343.683, 101
Trd, 258343.767, 103
Trd, 258344.083, 114
Trd, 258344.900, 94
Trd, 258345.117, 117
Trd, 258345.200, 91
Trd, 258346.650, 105
Trd, 258346.733, 126
Trd, 258346.817, 127
Trd, 258346.867, 101
Trd, 258347.217, 90
Trd, 258348.350, 111
Trd, 258351.200, 96
Trd, 258351.700, 95
Trd, 258351.717, 108
Trd, 258352.117, 109
Trd, 258352.683, 101
Trd, 258353.667, 106
Trd, 258354.150, 104
Trd, 258355.033, 103
Trd, 258355.250, 102
Trd, 258356.267, 107
Trd, 258357.450, 107
Trd, 258358.417, 112
Trd, 258358.650, 104
Trd, 258358.817, 101
Trd, 258359.283, 128
Trd, 258359.667, 98
Trd, 258360.867, 108
Trd, 258361.483, 120
Trd, 258362.383, 122
Trd, 258363.133, 98
Trd, 258363.500, 99
Trd, 258364.383, 109
Trd, 258365.167, 103
Trd, 258366.500, 101
Trd, 258367.667, 103
Trd, 258369.417, 114
Trd, 258369.483, 104
Trd, 258370.333, 111
Trd, 258372.483, 117
Trd, 258373.817, 106
Trd, 258374.983, 113
Trd, 258375.783, 101
Trd, 258377.000, 102
Trd, 258377.483, 106
Trd, 258377.900, 104
Trd, 258379.350, 101
Trd, 258379.617, 113
Trd, 258379.733, 114
Trd, 258380.083, 113
Trd, 258380.383, 90
Trd, 258382.683, 101
Trd, 258383.700, 98
Trd, 258384.800, 107
Trd, 258385.033, 117
Trd, 258385.583, 116
Trd, 258387.083, 102
Trd, 258387.283, 90
Trd, 258387.617, 102
Trd, 258388.150, 82
Trd, 258389.017, 99
Trd, 258390.233, 101
Trd, 258390.350, 105
Trd, 258390.800, 112
Trd, 258392.033, 99
Trd, 258392.783, 98
Trd, 258394.250, 114
Trd, 258395.050, 100
Trd, 258395.683, 94
Trd, 258396.233, 98
Trd, 258396.717, 102
Trd, 258397.500, 117
Trd, 258398.883, 120
Trd, 258399.517, 110
Trd, 258399.733, 104
Trd, 258399.783, 102
Trd, 258399.833, 94
Trd, 258400.817, 111
Trd, 258403.633, 94
Trd, 258404.167, 112
Trd, 258404.833, 94
Trd, 258406.233, 112
Trd, 258407.667, 106
Trd, 258408.750, 102
Trd, 258408.850, 117
Trd, 258409.200, 101
Trd, 258409.433, 104
Trd, 258411.667, 96
Trd, 258411.817, 97
Trd, 258411.933, 103
Trd, 258413.400, 104
Trd, 258416.700, 109
Trd, 258417.400, 117
Trd, 258417.900, 109
Trd, 258418.733, 110
Trd, 258419.367, 114
Trd, 258420.017, 113
Trd, 258420.033, 122
Trd, 258420.133, 104
Trd, 258420.167, 104
Trd, 258420.717, 102
Trd, 258422.767, 107
Trd, 258423.533, 117
Trd, 258424.117, 106
Trd, 258424.983, 104
Trd, 258426.367, 101
Trd, 258426.700, 104
Trd, 258427.667, 106
Trd, 258428.850, 90
Trd, 258429.500, 94
Trd, 258429.950, 95
Trd, 258429.983, 102
Trd, 258430.750, 100
Trd, 258431.500, 101
Trd, 258432.450, 107
Trd, 258432.750, 113
Trd, 258433.200, 96
Trd, 258433.650, 90
Trd, 258433.950, 88
Trd, 258437.967, 98
Trd, 258438.767, 99
Trd, 258438.883, 100
Trd, 258439.867, 103
Trd, 258439.983, 105
Trd, 258441.567, 117
Trd, 258442.433, 111
Trd, 258442.633, 120
Trd, 258443.000, 109
Trd, 258444.000, 109
Trd, 258444.300, 104
Trd, 258445.200, 94
Trd, 258445.800, 113
Trd, 258446.017, 117
Trd, 258446.500, 97
Trd, 258448.267, 106
Trd, 258448.717, 102
Trd, 258449.217, 120
Trd, 258450.217, 119
Trd, 258450.850, 104
Trd, 258451.417, 122
Trd, 258452.317, 101
Trd, 258454.200, 98
Trd, 258454.717, 106
Trd, 258454.867, 89
Trd, 258455.150, 101
Trd, 258456.217, 103
Trd, 258456.983, 99
Trd, 258458.600, 101
Trd, 258460.250, 109
Trd, 258460.950, 106
Trd, 258461.217, 107
Trd, 258461.717, 116
Trd, 258461.783, 104
Trd, 258462.467, 108
Trd, 258464.067, 104
Trd, 258465.250, 106
Trd, 258466.883, 117
Trd, 258467.083, 109
Trd, 258467.617, 109
Trd, 258467.900, 104
Trd, 258468.867, 101
Trd, 258469.033, 110
Trd, 258469.467, 105
Trd, 258471.867, 97
Trd, 258474.850, 102
Trd, 258475.417, 110
Trd, 258475.817, 105
Trd, 258476.683, 101
Trd, 258476.700, 113
Trd, 258476.800, 100
Trd, 258477.050, 113
Trd, 258478.233, 100
Trd, 258478.900, 91
Trd, 258479.300, 103
Trd, 258479.683, 117
Trd, 258479.850, 122
Trd, 258480.900, 98
Trd, 258481.067, 105
Trd, 258482.683, 97
Trd, 258483.117, 114
Trd, 258483.617, 95
Trd, 258485.350, 96
Trd, 258486.383, 99
Trd, 258489.283, 101
Trd, 258489.783, 104
Trd, 258490.033, 113
Trd, 258490.083, 102
Trd, 258490.200, 96
Trd, 258491.017, 91
Trd, 258491.267, 102
Trd, 258491.733, 115
Trd, 258492.050, 117
Trd, 258493.000, 114
Trd, 258494.267, 106
Trd, 258494.617, 100
Trd, 258495.033, 107
Trd, 258495.900, 97
Trd, 258498.267, 103
Trd, 258500.983, 96
Trd, 258503.000, 97
Trd, 258503.033, 102
Trd, 258503.383, 113
Trd, 258504.000, 90
Trd, 258504.183, 92
Trd, 258504.967, 98
Trd, 258505.350, 88
Trd, 258505.917, 102
Trd, 258506.717, 90
Trd, 258506.767, 113
Trd, 258507.067, 117
Trd, 258508.817, 90
Trd, 258510.300, 112
Trd, 258511.100, 109
Trd, 258511.433, 116
Trd, 258513.033, 88
Trd, 258514.317, 114
Trd, 258515.483, 98
Trd, 258516.000, 116
Trd, 258517.433, 118
Trd, 258518.117, 99
Trd, 258518.367, 97
Trd, 258519.500, 102
Trd, 258519.750, 117
Trd, 258520.200, 98
Trd, 258521.800, 112
Trd, 258521.917, 109
Trd, 258522.017, 109
Trd, 258523.183, 101
Trd, 258523.783, 102
Trd, 258524.183, 95
Trd, 258524.533, 95
Trd, 258525.200, 99
Trd, 258525.750, 103
Trd, 258526.567, 113
Trd, 258527.200, 95
Trd, 258529.317, 117
Trd, 258529.633, 109
Trd, 258530.017, 106
Trd, 258530.700, 118
Trd, 258531.167, 106
Trd, 258535.033, 113
Trd, 258535.967, 114
Trd, 258537.233, 104
Trd, 258537.967, 112
Trd, 258538.400, 120
Trd, 258538.767, 112
Trd, 258538.950, 110
Trd, 258539.000, 101
Trd, 258542.200, 99
Trd, 258543.483, 110
Trd, 258543.733, 100
Trd, 258543.800, 101
Trd, 258543.867, 94
Trd, 258544.083, 117
Trd, 258544.467, 100
Trd, 258545.017, 120
Trd, 258545.717, 110
Trd, 258546.383, 112
Trd, 258547.083, 98
Trd, 258549.933, 106
Trd, 258550.367, 102
Trd, 258552.200, 101
Trd, 258552.600, 101
Trd, 258554.183, 111
Trd, 258555.333, 106
Trd, 258557.083, 113
Trd, 258557.583, 120
Trd, 258558.267, 103
Trd, 258558.317, 109
Trd, 258561.083, 109
Trd, 258561.450, 113
Trd, 258561.517, 108
Trd, 258561.667, 101
Trd, 258562.167, 111
Trd, 258563.933, 112
Trd, 258564.967, 117
Trd, 258565.083, 102
Trd, 258565.983, 103
Trd, 258566.150, 99
Trd, 258568.167, 114
Trd, 258568.700, 101
Trd, 258569.333, 107
Trd, 258569.667, 111
Trd, 258571.533, 112
Trd, 258574.017, 98
Trd, 258574.783, 92
Trd, 258575.317, 93
Trd, 258575.433, 96
Trd, 258576.633, 96
Trd, 258578.017, 101
Trd, 258579.033, 108
Trd, 258580.033, 112
Trd, 258581.350, 115
Trd, 258581.650, 108
Trd, 258582.050, 107
Trd, 258582.300, 101
Trd, 258584.283, 96
Trd, 258586.117, 97
Trd, 258586.950, 98
Trd, 258587.000, 90
Trd, 258587.050, 94
Trd, 258587.683, 99
Trd, 258587.750, 100
Trd, 258587.850, 95
Trd, 258588.150, 114
Trd, 258588.850, 110
Trd, 258590.683, 115
Trd, 258591.083, 116
Trd, 258592.483, 102
Trd, 258593.550, 117
Trd, 258593.867, 113
Trd, 258594.283, 120
Trd, 258595.583, 103
Trd, 258596.583, 101
Trd, 258598.717, 101
Trd, 258598.967, 118
Trd, 258599.900, 113
Trd, 258600.083, 114
Trd, 258600.750, 108
Trd, 258602.433, 112
Trd, 258602.483, 110
Trd, 258603.067, 106
Trd, 258604.283, 120
Trd, 258605.917, 121
Trd, 258607.450, 110
Trd, 258607.717, 109
Trd, 258609.867, 113
Trd, 258609.917, 104
Trd, 258610.883, 98
Trd, 258611.283, 113
Trd, 258613.000, 99
Trd, 258614.033, 112
Trd, 258614.683, 108
Trd, 258614.733, 119
Trd, 258614.983, 107
Trd, 258615.333, 107
Trd, 258615.867, 114
Trd, 258616.183, 109
Trd, 258616.783, 117
Trd, 258617.433, 119
Trd, 258618.117, 101
Trd, 258619.150, 104
Trd, 258619.817, 120
Trd, 258621.967, 98
Trd, 258623.717, 103
Trd, 258625.200, 101
Trd, 258625.667, 105
Trd, 258625.683, 101
Trd, 258625.917, 90
Trd, 258627.117, 106
Trd, 258627.600, 90
Trd, 258628.467, 104
Trd, 258628.500, 107
Trd, 258629.033, 91
Trd, 258629.383, 112
Trd, 258631.117, 93
Trd, 258631.967, 100
Trd, 258632.650, 90
Trd, 258633.467, 103
Trd, 258633.667, 101
Trd, 258635.433, 108
Trd, 258636.333, 112
Trd, 258637.100, 100
Trd, 258637.383, 112
Trd, 258639.900, 96
Trd, 258641.683, 106
Trd, 258642.233, 117
Trd, 258642.650, 115
Trd, 258642.817, 121
Trd, 258642.967, 120
Trd, 258644.500, 123
Trd, 258644.900, 111
Trd, 258646.033, 110
Trd, 258646.383, 109
Trd, 258646.950, 108
Trd, 258647.300, 116
Trd, 258647.333, 116
Trd, 258649.733, 106
Trd, 258649.950, 102
Trd, 258651.117, 101
Trd, 258652.050, 94
Trd, 258652.633, 98
Trd, 258653.583, 115
Trd, 258653.600, 113
Trd, 258655.083, 114
Trd, 258655.767, 110
Trd, 258656.117, 103
Trd, 258656.783, 106
Trd, 258657.850, 114
Trd, 258659.333, 106
Trd, 258659.350, 105
Trd, 258661.700, 101
Trd, 258661.733, 95
Trd, 258662.250, 115
Trd, 258663.183, 117
Trd, 258663.583, 109
Trd, 258664.817, 99
Trd, 258666.050, 101
Trd, 258666.800, 118
Trd, 258667.233, 118
Trd, 258669.333, 102
Trd, 258671.067, 111
Trd, 258671.517, 104
Trd, 258672.183, 117
Trd, 258672.517, 102
Trd, 258673.900, 117
Trd, 258674.400, 104
Trd, 258674.533, 109
Trd, 258676.333, 117
Trd, 258678.050, 101
Trd, 258678.700, 96
Trd, 258679.467, 95
Trd, 258680.317, 106
Trd, 258680.433, 110
Trd, 258681.583, 106
Trd, 258681.817, 92
Trd, 258682.733, 101
Trd, 258683.400, 109
Trd, 258684.267, 102
Trd, 258684.683, 99
Trd, 258686.350, 92
Trd, 258686.967, 107
Trd, 258687.117, 90
Trd, 258687.733, 108
Trd, 258688.883, 98
Trd, 258689.533, 114
Trd, 258690.333, 107
Trd, 258691.967, 100
Trd, 258692.417, 100
Trd, 258692.833, 117
Trd, 258693.850, 119
Trd, 258694.400, 103
Trd, 258694.433, 102
Trd, 258695.900, 111
Trd, 258696.133, 121
Trd, 258696.400, 114
Trd, 258698.067, 103
Trd, 258698.567, 101
Trd, 258699.550, 87
Trd, 258700.750, 95
Trd, 258701.050, 109
Trd, 258701.250, 108
Trd, 258702.117, 82
Trd, 258703.150, 98
Trd, 258707.283, 109
Trd, 258707.667, 103
Trd, 258707.683, 103
Trd, 258707.883, 113
Trd, 258708.133, 113
Trd, 258709.450, 104
Trd, 258709.467, 103
Trd, 258710.183, 104
Trd, 258710.367, 126
Trd, 258711.750, 112
Trd, 258714.500, 105
Trd, 258714.933, 112
Trd, 258715.217, 108
Trd, 258716.250, 110
Trd, 258717.500, 112
Trd, 258717.833, 101
Trd, 258718.933, 90
Trd, 258719.650, 96
Trd, 258720.150, 98
Trd, 258721.183, 94
Trd, 258722.233, 111
Trd, 258722.317, 117
Trd, 258722.767, 104
Trd, 258723.233, 101
Trd, 258723.967, 96
Trd, 258726.483, 103
Trd, 258726.750, 110
Trd, 258727.767, 121
Trd, 258728.000, 100
Trd, 258728.800, 99
Trd, 258729.433, 101
Trd, 258732.717, 101
Trd, 258734.400, 110
Trd, 258736.133, 105
Trd, 258736.200, 104
Trd, 258738.700, 101
Trd, 258738.850, 97
Trd, 258739.217, 104
Trd, 258739.283, 113
Trd, 258739.750, 100
Trd, 258740.417, 111
Trd, 258741.200, 115
Trd, 258741.517, 114
Trd, 258741.917, 109
Trd, 258742.233, 101
Trd, 258742.517, 116
Trd, 258743.900, 105
Trd, 258744.900, 105
Trd, 258745.833, 108
Trd, 258746.050, 100
Trd, 258747.283, 105
Trd, 258747.933, 111
Trd, 258748.250, 120
Trd, 258748.483, 121
Trd, 258751.133, 114
Trd, 258751.833, 104
Trd, 258751.933, 115
Trd, 258753.000, 108
Trd, 258753.433, 101
Trd, 258755.033, 117
Trd, 258758.433, 110
Trd, 258759.850, 101
Trd, 258760.350, 103
Trd, 258761.433, 109
Trd, 258761.767, 101
Trd, 258763.417, 106
Trd, 258763.617, 107
Trd, 258763.967, 104
Trd, 258764.167, 95
Trd, 258764.617, 96
Trd, 258766.350, 98
Trd, 258767.000, 104
Trd, 258768.067, 112
Trd, 258768.350, 103
Trd, 258769.217, 113
Trd, 258770.867, 101
Trd, 258772.933, 112
Trd, 258773.067, 105
Trd, 258774.017, 113
Trd, 258774.033, 105
Trd, 258775.617, 115
Trd, 258778.583, 104
Trd, 258779.750, 103
Trd, 258780.100, 101
Trd, 258780.133, 110
Trd, 258780.367, 92
Trd, 258780.400, 97
Trd, 258781.817, 95
Trd, 258781.933, 98
Trd, 258781.967, 89
Trd, 258783.750, 100
Trd, 258785.300, 104
Trd, 258787.317, 98
Trd, 258787.717, 115
Trd, 258787.750, 115
Trd, 258789.533, 101
Trd, 258791.083, 100
Trd, 258791.667, 106
Trd, 258791.883, 105
Trd, 258792.367, 110
Trd, 258792.383, 111
Trd, 258794.367, 101
Trd, 258795.150, 95
Trd, 258796.050, 94
Trd, 258796.983, 100
Trd, 258797.233, 93
Trd, 258797.667, 113
Trd, 258797.867, 101
Trd, 258798.367, 102
Trd, 258800.050, 92
Trd, 258800.600, 101
Trd, 258800.900, 106
Trd, 258803.917, 101
Trd, 258803.983, 91
Trd, 258804.283, 95
Trd, 258804.317, 98
Trd, 258804.417, 108
Trd, 258805.267, 104
Trd, 258805.767, 102
Trd, 258806.533, 113
Trd, 258807.517, 117
Trd, 258807.767, 122
Trd, 258809.283, 105
Trd, 258810.467, 111
Trd, 258812.800, 109
Trd, 258814.900, 110
Trd, 258815.383, 103
Trd, 258815.650, 112
Trd, 258816.017, 101
Trd, 258816.850, 113
Trd, 258817.233, 104
Trd, 258818.317, 105
Trd, 258818.667, 117
Trd, 258819.583, 104
Trd, 258820.150, 102
Trd, 258820.667, 107
Trd, 258822.300, 109
Trd, 258822.533, 108
Trd, 258822.583, 107
Trd, 258822.733, 101
Trd, 258823.000, 100
Trd, 258823.233, 90
Trd, 258824.050, 104
Trd, 258826.250, 117
Trd, 258826.783, 98
Trd, 258827.600, 87
Trd, 258828.467, 120
Trd, 258828.917, 107
Trd, 258830.317, 91
Trd, 258830.450, 108
Trd, 258831.233, 110
Trd, 258831.567, 107
Trd, 258831.633, 110
Trd, 258832.433, 112
Trd, 258832.483, 101
Trd, 258832.950, 121
Trd, 258833.967, 105
Trd, 258835.267, 128
Trd, 258835.650, 94
Trd, 258835.917, 94
Trd, 258836.333, 105
Trd, 258840.133, 122
Trd, 258841.050, 102
Trd, 258841.267, 106
Trd, 258842.883, 101
Trd, 258843.383, 101
Trd, 258843.833, 101
Trd, 258843.967, 102
Trd, 258844.500, 100
Trd, 258845.467, 95
Trd, 258845.567, 112
Trd, 258847.767, 104
Trd, 258847.783, 103
Trd, 258847.833, 90
Trd, 258847.917, 86
Trd, 258848.800, 100
Trd, 258850.083, 99
Trd, 258850.317, 102
Trd, 258852.200, 103
Trd, 258853.850, 98
Trd, 258855.050, 104
Trd, 258855.800, 112
Trd, 258856.717, 99
Trd, 258859.133, 108
Trd, 258859.767, 112
Trd, 258860.083, 113
Trd, 258860.300, 111
Trd, 258860.383, 110
Trd, 258860.533, 109
Trd, 258860.967, 104
Trd, 258861.683, 109
Trd, 258862.800, 105
Trd, 258864.600, 109
Trd, 258867.583, 105
Trd, 258868.800, 104
Trd, 258869.233, 107
Trd, 258870.133, 102
Trd, 258870.433, 103
Trd, 258871.667, 103
Trd, 258872.133, 104
Trd, 258872.233, 99
Trd, 258873.117, 111
Trd, 258873.550, 106
Trd, 258873.600, 114
Trd, 258875.467, 99
Trd, 258877.183, 98
Trd, 258877.433, 101
Trd, 258877.467, 102
Trd, 258877.983, 110
Trd, 258880.067, 104
Trd, 258880.133, 104
Trd, 258880.517, 116
Trd, 258880.783, 92
Trd, 258881.967, 100
Trd, 258884.083, 101
Trd, 258885.017, 99
Trd, 258885.267, 95
Trd, 258885.650, 100
Trd, 258885.983, 88
Trd, 258887.517, 95
Trd, 258887.850, 102
Trd, 258889.100, 109
Trd, 258890.317, 112
Trd, 258890.900, 91
Trd, 258891.150, 98
Trd, 258891.200, 103
Trd, 258893.717, 101
Trd, 258894.333, 117
Trd, 258895.350, 116
Trd, 258896.183, 109
Trd, 258897.067, 109
Trd, 258897.183, 104
Trd, 258899.050, 91
Trd, 258899.833, 98
Trd, 258900.400, 99
Trd, 258900.450, 110
Trd, 258901.000, 95
Trd, 258903.717, 99
Trd, 258905.833, 105
Trd, 258905.933, 101
Trd, 258906.183, 107
Trd, 258906.283, 113
Trd, 258906.667, 113
Trd, 258906.967, 109
Trd, 258907.300, 101
Trd, 258908.267, 109
Trd, 258909.000, 94
Trd, 258909.250, 96
Trd, 258909.783, 89
Trd, 258912.100, 101
Trd, 258914.900, 99
Trd, 258915.633, 106
Trd, 258916.467, 112
Trd, 258916.800, 100
Trd, 258917.467, 106
Trd, 258917.617, 92
Trd, 258917.900, 89
Trd, 258918.700, 96
Trd, 258920.650, 104
Trd, 258921.383, 103
Trd, 258922.950, 103
Trd, 258924.550, 116
Trd, 258925.150, 108
Trd, 258925.633, 104
Trd, 258925.817, 101
Trd, 258927.300, 109
Trd, 258927.317, 117
Trd, 258927.850, 105
Trd, 258928.767, 90
Trd, 258930.567, 119
Trd, 258930.967, 117
Trd, 258931.967, 110
Trd, 258932.283, 99
Trd, 258933.783, 121
Trd, 258934.150, 119
Trd, 258934.883, 106
Trd, 258935.250, 105
Trd, 258935.567, 104
Trd, 258936.317, 111
Trd, 258936.617, 100
Trd, 258937.383, 100
Trd, 258937.517, 111
Trd, 258937.917, 90
Trd, 258940.500, 96
Trd, 258942.467, 108
Trd, 258942.800, 111
Trd, 258943.683, 113
Trd, 258944.917, 109
Trd, 258946.500, 108
Trd, 258946.633, 103
Trd, 258946.767, 102
Trd, 258946.850, 101
Trd, 258947.450, 117
Trd, 258949.550, 101
Trd, 258950.500, 94
Trd, 258950.867, 102
Trd, 258953.183, 110
Trd, 258953.283, 108
Trd, 258953.767, 101
Trd, 258956.417, 100
Trd, 258957.100, 101
Trd, 258957.567, 103
Trd, 258959.467, 110
Trd, 258960.317, 109
Trd, 258960.400, 102
Trd, 258960.483, 101
Trd, 258961.633, 92
Trd, 258962.133, 112
Trd, 258962.667, 117
Trd, 258963.233, 122
Trd, 258963.883, 90
Trd, 258964.550, 101
Trd, 258964.600, 83
Trd, 258967.850, 113
Trd, 258968.017, 99
Trd, 258969.150, 111
Trd, 258970.867, 114
Trd, 258971.783, 115
Trd, 258972.367, 115
Trd, 258972.517, 116
Trd, 258973.000, 109
Trd, 258974.317, 109
Trd, 258974.583, 105
Trd, 258976.167, 102
Trd, 258976.233, 101
Trd, 258976.750, 88
Trd, 258978.817, 83
Trd, 258979.367, 95
Trd, 258979.783, 105
Trd, 258980.000, 117
Trd, 258980.533, 118
Trd, 258982.017, 116
Trd, 258982.383, 121
Trd, 258984.433, 102
Trd, 258984.583, 106
Trd, 258985.833, 93
Trd, 258986.100, 103
Trd, 258988.500, 99
Trd, 258988.683, 100
Trd, 258989.433, 98
Trd, 258989.600, 101
Trd, 258989.617, 105
Trd, 258989.967, 95
Trd, 258990.383, 92
Trd, 258990.833, 95
Trd, 258992.467, 99
Trd, 258992.833, 115
Trd, 258995.617, 110
Trd, 258995.967, 101
Trd, 258996.333, 109
Trd, 258996.983, 105
Trd, 258997.483, 104
Trd, 258998.250, 106
Trd, 258998.533, 105
Trd, 258999.367, 101
Trd, 259000.350, 110
Trd, 259001.483, 99
Trd, 259001.800, 94
Trd, 259002.067, 91
Trd, 259003.900, 93
Trd, 259005.000, 93
Trd, 259005.483, 114
Trd, 259006.167, 102
Trd, 259006.250, 98
Trd, 259006.417, 97
Trd, 259007.567, 99
Trd, 259009.783, 105
Trd, 259011.617, 111
Trd, 259011.767, 97
Trd, 259012.917, 110
Trd, 259013.433, 106
Trd, 259013.733, 115
Trd, 259015.683, 106
Trd, 259016.400, 99
Trd, 259016.850, 111
Trd, 259020.683, 104
Trd, 259020.717, 102
Trd, 259020.883, 100
Trd, 259021.517, 104
Trd, 259021.583, 107
Trd, 259022.317, 102
Trd, 259025.167, 108
Trd, 259026.367, 112
Trd, 259026.700, 114
Trd, 259027.567, 95
Trd, 259028.033, 114
Trd, 259029.450, 91
Trd, 259030.433, 102
Trd, 259030.483, 95
Trd, 259030.750, 90
Trd, 259030.800, 103
Trd, 259030.983, 94
Trd, 259032.350, 101
Trd, 259034.450, 100
Trd, 259034.817, 109
Trd, 259034.833, 97
Trd, 259035.683, 91
Trd, 259036.217, 103
Trd, 259037.050, 107
Trd, 259038.333, 109
Trd, 259039.400, 117
Trd, 259040.783, 118
Trd, 259041.583, 116
Trd, 259041.667, 109
Trd, 259042.267, 107
Trd, 259042.400, 119
Trd, 259043.300, 101
Trd, 259043.767, 104
Trd, 259045.533, 106
Trd, 259045.717, 112
Trd, 259046.200, 117
Trd, 259046.317, 104
Trd, 259046.533, 106
Trd, 259046.767, 92
Trd, 259048.400, 112
Trd, 259048.717, 105
Trd, 259050.533, 96
Trd, 259051.883, 99
Trd, 259052.167, 114
Trd, 259053.733, 102
Trd, 259055.350, 100
Trd, 259055.833, 93
Trd, 259056.233, 101
Trd, 259056.250, 87
Trd, 259056.583, 101
Trd, 259058.200, 104
Trd, 259058.650, 96
Trd, 259058.700, 113
Trd, 259058.833, 117
Trd, 259059.500, 122
Trd, 259062.300, 122
Trd, 259065.417, 110
Trd, 259066.433, 111
Trd, 259066.483, 113
Trd, 259066.583, 109
Trd, 259070.033, 107
Trd, 259070.067, 106
Trd, 259070.383, 102
Trd, 259070.667, 119
Trd, 259070.700, 120
Trd, 259071.350, 101
Trd, 259071.667, 122
Trd, 259072.167, 112
Trd, 259073.550, 111
Trd, 259074.100, 125
Trd, 259075.883, 127
Trd, 259076.200, 122
Trd, 259076.683, 109
Trd, 259078.217, 101
Trd, 259080.400, 104
Trd, 259080.967, 102
Trd, 259081.417, 103
Trd, 259081.633, 104
Trd, 259082.250, 101
Trd, 259082.933, 100
Trd, 259083.517, 99
Trd, 259083.583, 106
Trd, 259086.600, 104
Trd, 259087.667, 115
Trd, 259089.367, 109
Trd, 259089.483, 114
Trd, 259089.700, 106
Trd, 259089.883, 107
Trd, 259091.100, 102
Trd, 259091.133, 116
Trd, 259091.933, 101
Trd, 259092.800, 101
Trd, 259095.817, 99
Trd, 259096.683, 90
Trd, 259096.900, 98
Trd, 259097.450, 115
Trd, 259100.600, 101
Trd, 259100.850, 104
Trd, 259100.917, 97
Trd, 259101.300, 94
Trd, 259101.617, 112
Trd, 259102.517, 118
Trd, 259103.317, 109
Trd, 259104.417, 110
Trd, 259105.417, 113
Trd, 259106.117, 109
Trd, 259107.317, 109
Trd, 259107.533, 104
Trd, 259108.517, 90
Trd, 259109.000, 88
Trd, 259109.117, 79
Trd, 259109.150, 93
Trd, 259112.017, 101
Trd, 259112.483, 115
Trd, 259113.050, 116
Trd, 259113.733, 107
Trd, 259115.667, 106
Trd, 259116.100, 105
Trd, 259118.117, 102
Trd, 259118.333, 101
Trd, 259118.683, 97
Trd, 259119.250, 98
Trd, 259120.350, 91
Trd, 259121.133, 104
Trd, 259122.000, 103
Trd, 259122.767, 98
Trd, 259122.867, 107
Trd, 259122.983, 90
Trd, 259123.533, 91
Trd, 259125.383, 107
Trd, 259125.867, 100
Trd, 259126.350, 112
Trd, 259127.317, 98
Trd, 259127.533, 110
Trd, 259128.050, 96
Trd, 259130.167, 104
Trd, 259130.350, 114
Trd, 259132.233, 114
Trd, 259133.317, 114
Trd, 259133.783, 115
Trd, 259134.117, 105
Trd, 259134.550, 117
Trd, 259134.817, 115
Trd, 259135.717, 120
Trd, 259135.967, 109
Trd, 259137.483, 106
Trd, 259138.817, 115
Trd, 259139.400, 104
Trd, 259139.900, 103
Trd, 259140.550, 112
Trd, 259142.067, 113
Trd, 259142.317, 101
Trd, 259143.000, 99
Trd, 259145.050, 117
Trd, 259146.583, 115
Trd, 259147.583, 117
Trd, 259148.933, 105
Trd, 259150.000, 104
Trd, 259152.683, 109
Trd, 259152.783, 115
Trd, 259152.817, 120
Trd, 259152.917, 109
Trd, 259153.467, 101
Trd, 259154.667, 94
Trd, 259155.050, 90
Trd, 259155.383, 103
Trd, 259155.717, 103
Trd, 259156.150, 101
Trd, 259156.917, 103
Trd, 259158.033, 113
Trd, 259158.133, 117
Trd, 259158.517, 105
Trd, 259161.150, 103
Trd, 259161.983, 111
Trd, 259162.167, 112
Trd, 259162.300, 121
Trd, 259162.567, 129
Trd, 259164.083, 106
Trd, 259165.750, 113
Trd, 259168.200, 101
Trd, 259168.767, 94
Trd, 259169.617, 99
Trd, 259170.433, 93
Trd, 259171.333, 98
Trd, 259171.450, 89
Trd, 259171.800, 103
Trd, 259172.383, 100
Trd, 259173.733, 117
Trd, 259174.283, 105
Trd, 259175.117, 104
Trd, 259176.000, 108
Trd, 259176.567, 104
Trd, 259177.100, 120
Trd, 259179.733, 121
Trd, 259180.200, 120
Trd, 259180.333, 113
Trd, 259180.800, 123
Trd, 259182.200, 108
Trd, 259182.617, 103
Trd, 259182.650, 99
Trd, 259184.617, 99
Trd, 259185.450, 103
Trd, 259185.583, 103
Trd, 259186.783, 101
Trd, 259186.817, 98
Trd, 259187.733, 117
Trd, 259188.150, 109
Trd, 259188.983, 99
Trd, 259190.217, 116
Trd, 259190.583, 119
Trd, 259192.133, 113
Trd, 259192.800, 106
Trd, 259193.017, 105
Trd, 259194.383, 120
Trd, 259194.517, 117
Trd, 259194.550, 107
Trd, 259194.867, 104
Trd, 259195.267, 102
Trd, 259195.917, 101
Trd, 259197.417, 105
Trd, 259199.383, 100
