Trd, 257807.733, 102
Trd, 257808.517, 99
Trd, 257809.217, 105
Trd, 257811.100, 106
Trd, 257814.067, 105
Trd, 257814.083, 103
Trd, 257814.200, 115
Trd, 257814.900, 99
Trd, 257816.000, 115
Trd, 257816.417, 110
Trd, 257816.617, 98
Trd, 257816.783, 111
Trd, 257817.417, 94
Trd, 257818.633, 105
Trd, 257820.783, 109
Trd, 257821.100, 117
Trd, 257822.483, 110
Trd, 257823.267, 115
Trd, 257823.433, 105
Trd, 257824.783, 97
Trd, 257825.883, 117
Trd, 257826.067, 105
Trd, 257826.450, 109
Trd, 257827.783, 105
Trd, 257829.100, 106
Trd, 257829.217, 104
Trd, 257829.233, 104
Trd, 257829.650, 100
Trd, 257831.250, 111
Trd, 257831.533, 105
Trd, 257833.567, 110
Trd, 257833.933, 117
Trd, 257834.033, 103
Trd, 257834.967, 103
Trd, 257835.817, 116
Trd, 257836.450, 108
Trd, 257836.917, 98
Trd, 257837.583, 108
Trd, 257840.650, 108
Trd, 257841.067, 106
Trd, 257842.200, 111
Trd, 257842.667, 110
Trd, 257845.167, 105
Trd, 257846.483, 104
Trd, 257846.583, 106
Trd, 257846.800, 109
Trd, 257847.367, 115
Trd, 257847.583, 111
Trd, 257848.167, 109
Trd, 257848.900, 122
Trd, 257850.100, 98
Trd, 257850.133, 109
Trd, 257851.150, 105
Trd, 257851.400, 113
Trd, 257852.267, 100
Trd, 257852.517, 117
Trd, 257853.633, 102
Trd, 257853.667, 118
Trd, 257854.917, 106
Trd, 257857.567, 111
Trd, 257858.200, 112
Trd, 257858.683, 115
Trd, 257858.767, 117
Trd, 257858.867, 103
Trd, 257860.183, 116
Trd, 257861.767, 110
Trd, 257863.433, 100
Trd, 257864.133, 110
Trd, 257864.817, 113
Trd, 257865.167, 109
Trd, 257865.350, 117
Trd, 257866.917, 104
Trd, 257867.683, 101
Trd, 257868.800, 107
Trd, 257869.400, 103
Trd, 257869.600, 98
Trd, 257869.900, 115
Trd, 257871.350, 116
Trd, 257871.850, 101
Trd, 257872.583, 93
Trd, 257872.900, 96
Trd, 257874.467, 98
Trd, 257875.600, 104
Trd, 257878.217, 107
Trd, 257878.850, 110
Trd, 257879.350, 112
Trd, 257879.417, 114
Trd, 257879.583, 104
Trd, 257880.867, 101
Trd, 257882.467, 107
Trd, 257882.983, 116
Trd, 257883.650, 104
Trd, 257884.850, 111
Trd, 257885.350, 104
Trd, 257885.367, 117
Trd, 257886.183, 103
Trd, 257886.600, 109
Trd, 257886.833, 98
Trd, 257887.100, 112
Trd, 257887.250, 92
Trd, 257887.483, 113
Trd, 257887.633, 84
Trd, 257888.000, 109
Trd, 257890.367, 116
Trd, 257890.400, 95
Trd, 257891.133, 87
Trd, 257891.683, 96
Trd, 257895.833, 109
Trd, 257896.183, 110
Trd, 257896.900, 108
Trd, 257898.250, 107
Trd, 257898.417, 107
Trd, 257898.500, 104
Trd, 257899.500, 104
Trd, 257899.650, 107
Trd, 257901.867, 101
Trd, 257902.250, 104
Trd, 257903.200, 125
Trd, 257903.567, 103
Trd, 257903.917, 127
Trd, 257904.233, 117
Trd, 257906.017, 116
Trd, 257906.350, 119
Trd, 257907.717, 106
Trd, 257907.817, 98
Trd, 257908.167, 103
Trd, 257908.567, 99
Trd, 257908.750, 110
Trd, 257910.683, 95
Trd, 257910.900, 118
Trd, 257912.783, 101
Trd, 257912.900, 112
Trd, 257913.700, 98
Trd, 257914.167, 93
Trd, 257916.200, 113
Trd, 257916.300, 109
Trd, 257918.267, 100
Trd, 257918.933, 107
Trd, 257918.967, 106
Trd, 257919.050, 112
Trd, 257920.083, 104
Trd, 257922.233, 101
Trd, 257923.217, 102
Trd, 257923.350, 105
Trd, 257924.867, 102
Trd, 257926.383, 103
Trd, 257926.617, 106
Trd, 257926.717, 117
Trd, 257927.750, 116
Trd, 257927.867, 112
Trd, 257928.083, 109
Trd, 257928.517, 128
Trd, 257928.600, 98
Trd, 257930.283, 91
Trd, 257930.550, 106
Trd, 257931.350, 113
Trd, 257932.467, 117
Trd, 257933.800, 123
Trd, 257935.117, 118
Trd, 257935.833, 117
Trd, 257936.200, 113
Trd, 257936.567, 110
Trd, 257936.717, 115
Trd, 257937.450, 104
Trd, 257937.650, 104
Trd, 257939.050, 113
Trd, 257942.033, 106
Trd, 257942.117, 98
Trd, 257942.400, 96
Trd, 257943.533, 109
Trd, 257945.450, 109
Trd, 257946.933, 105
Trd, 257949.050, 112
Trd, 257949.167, 112
Trd, 257949.483, 108
Trd, 257949.767, 104
Trd, 257950.483, 110
Trd, 257950.533, 102
Trd, 257951.300, 117
Trd, 257954.033, 111
Trd, 257954.350, 107
Trd, 257955.100, 104
Trd, 257956.250, 107
Trd, 257956.317, 91
Trd, 257957.783, 101
Trd, 257959.083, 101
Trd, 257960.917, 104
Trd, 257961.133, 114
Trd, 257961.617, 99
Trd, 257964.033, 114
Trd, 257965.483, 107
Trd, 257965.667, 115
Trd, 257966.000, 111
Trd, 257967.733, 114
Trd, 257968.017, 110
Trd, 257968.167, 113
Trd, 257969.300, 110
Trd, 257970.417, 104
Trd, 257972.250, 114
Trd, 257974.200, 95
Trd, 257974.250, 103
Trd, 257974.500, 94
Trd, 257975.567, 111
Trd, 257977.400, 107
Trd, 257977.700, 108
Trd, 257979.217, 109
Trd, 257979.633, 107
Trd, 257979.750, 109
Trd, 257979.833, 104
Trd, 257981.550, 99
Trd, 257981.783, 92
Trd, 257982.033, 107
Trd, 257983.983, 112
Trd, 257984.117, 117
Trd, 257984.833, 107
Trd, 257986.300, 100
Trd, 257987.767, 110
Trd, 257989.000, 106
Trd, 257989.233, 107
Trd, 257989.583, 112
Trd, 257989.983, 98
Trd, 257990.600, 101
Trd, 257991.633, 97
Trd, 257992.633, 93
Trd, 257993.583, 110
Trd, 257994.583, 109
Trd, 257996.167, 108
Trd, 257997.633, 103
Trd, 257998.517, 100
Trd, 257998.733, 112
Trd, 257999.983, 98
Trd, 258001.183, 108
Trd, 258001.300, 92
Trd, 258002.067, 115
Trd, 258002.300, 117
Trd, 258002.733, 126
Trd, 258004.300, 106
Trd, 258005.400, 105
Trd, 258006.050, 123
Trd, 258006.917, 96
Trd, 258007.767, 101
Trd, 258008.250, 92
Trd, 258009.233, 105
Trd, 258009.983, 110
Trd, 258010.133, 98
Trd, 258010.883, 111
Trd, 258014.150, 96
Trd, 258015.017, 111
Trd, 258015.867, 107
Trd, 258015.917, 108
Trd, 258016.450, 100
Trd, 258018.517, 109
Trd, 258018.767, 113
Trd, 258018.883, 105
Trd, 258018.933, 114
Trd, 258020.500, 112
Trd, 258021.733, 104
Trd, 258021.950, 108
Trd, 258022.217, 114
Trd, 258023.467, 107
Trd, 258025.450, 97
Trd, 258027.700, 103
Trd, 258028.233, 102
Trd, 258028.417, 103
Trd, 258029.517, 106
Trd, 258029.767, 109
Trd, 258029.850, 100
Trd, 258030.733, 110
Trd, 258030.750, 111
Trd, 258031.000, 117
Trd, 258031.967, 104
Trd, 258032.733, 119
Trd, 258034.133, 101
Trd, 258036.117, 121
Trd, 258036.883, 109
Trd, 258037.067, 105
Trd, 258037.833, 98
Trd, 258038.017, 93
Trd, 258038.500, 115
Trd, 258039.033, 104
Trd, 258039.750, 86
Trd, 258039.933, 84
Trd, 258040.950, 119
Trd, 258042.167, 93
Trd, 258042.567, 92
Trd, 258043.050, 92
Trd, 258046.183, 108
Trd, 258047.500, 111
Trd, 258047.783, 113
Trd, 258048.133, 117
Trd, 258048.183, 117
Trd, 258049.000, 112
Trd, 258050.800, 112
Trd, 258052.950, 109
Trd, 258053.233, 106
Trd, 258054.333, 108
Trd, 258055.000, 109
Trd, 258055.400, 110
Trd, 258056.200, 104
Trd, 258057.117, 98
Trd, 258057.583, 90
Trd, 258057.733, 106
Trd, 258058.633, 109
Trd, 258059.317, 117
Trd, 258059.733, 96
Trd, 258059.817, 123
Trd, 258060.883, 106
Trd, 258061.833, 108
Trd, 258063.050, 102
Trd, 258063.567, 109
Trd, 258064.333, 110
Trd, 258064.817, 101
Trd, 258066.200, 92
Trd, 258069.117, 100
Trd, 258069.700, 109
Trd, 258070.050, 98
Trd, 258070.617, 95
Trd, 258070.967, 90
Trd, 258072.283, 105
Trd, 258074.250, 106
Trd, 258074.800, 103
Trd, 258076.733, 116
Trd, 258076.883, 105
Trd, 258077.467, 105
Trd, 258077.767, 115
Trd, 258077.850, 101
Trd, 258078.817, 117
Trd, 258079.683, 118
Trd, 258080.150, 105
Trd, 258080.700, 104
Trd, 258081.483, 109
Trd, 258081.567, 98
Trd, 258083.017, 105
Trd, 258083.550, 102
Trd, 258085.400, 106
Trd, 258085.550, 104
Trd, 258085.650, 99
Trd, 258086.550, 104
Trd, 258087.383, 117
Trd, 258087.833, 105
Trd, 258088.200, 111
Trd, 258088.650, 112
Trd, 258089.833, 106
Trd, 258091.333, 108
Trd, 258092.033, 104
Trd, 258093.283, 108
Trd, 258093.300, 123
Trd, 258093.883, 112
Trd, 258094.550, 108
Trd, 258095.367, 100
Trd, 258096.717, 98
Trd, 258097.833, 107
Trd, 258098.250, 125
Trd, 258098.433, 95
Trd, 258099.533, 93
Trd, 258100.850, 105
Trd, 258103.150, 108
Trd, 258103.317, 111
Trd, 258103.400, 112
Trd, 258105.667, 117
Trd, 258106.383, 108
Trd, 258107.867, 107
Trd, 258108.200, 103
Trd, 258108.483, 102
Trd, 258109.033, 102
Trd, 258109.067, 103
Trd, 258109.967, 109
Trd, 258110.233, 90
Trd, 258110.283, 117
Trd, 258110.667, 125
Trd, 258111.050, 111
Trd, 258111.917, 103
Trd, 258112.533, 106
Trd, 258113.367, 99
Trd, 258114.717, 108
Trd, 258116.050, 110
Trd, 258116.733, 113
Trd, 258117.233, 104
Trd, 258117.433, 124
Trd, 258118.000, 107
Trd, 258120.533, 120
Trd, 258121.800, 111
Trd, 258122.633, 107
Trd, 258123.217, 99
Trd, 258123.267, 98
Trd, 258123.950, 107
Trd, 258125.267, 92
Trd, 258125.683, 104
Trd, 258126.450, 104
Trd, 258127.200, 103
Trd, 258127.517, 109
Trd, 258127.967, 101
Trd, 258129.467, 113
Trd, 258130.483, 112
Trd, 258131.067, 99
Trd, 258131.150, 117
Trd, 258131.383, 117
Trd, 258133.200, 123
Trd, 258134.267, 117
Trd, 258134.883, 108
Trd, 258135.883, 115
Trd, 258136.433, 107
Trd, 258136.633, 106
Trd, 258136.750, 106
Trd, 258137.533, 122
Trd, 258139.083, 126
Trd, 258140.950, 106
Trd, 258141.400, 110
Trd, 258142.933, 102
Trd, 258144.117, 115
Trd, 258144.183, 108
Trd, 258144.417, 104
Trd, 258145.633, 110
Trd, 258146.767, 117
Trd, 258147.350, 117
Trd, 258148.983, 100
Trd, 258149.167, 107
Trd, 258149.283, 98
Trd, 258149.800, 96
Trd, 258151.150, 92
Trd, 258152.500, 109
Trd, 258153.417, 114
Trd, 258153.983, 103
Trd, 258154.633, 103
Trd, 258155.017, 108
Trd, 258155.217, 101
Trd, 258156.933, 108
Trd, 258157.033, 94
Trd, 258159.817, 115
Trd, 258159.850, 113
Trd, 258160.133, 120
Trd, 258160.633, 99
Trd, 258161.333, 105
Trd, 258164.183, 115
Trd, 258165.267, 115
Trd, 258166.450, 107
Trd, 258167.733, 101
Trd, 258168.683, 109
Trd, 258169.217, 106
Trd, 258169.367, 117
Trd, 258169.883, 107
Trd, 258170.750, 115
Trd, 258170.850, 98
Trd, 258171.533, 116
Trd, 258171.633, 123
Trd, 258172.133, 95
Trd, 258174.567, 105
Trd, 258175.450, 101
Trd, 258175.567, 94
Trd, 258177.633, 112
Trd, 258178.000, 110
Trd, 258178.017, 106
Trd, 258179.400, 104
Trd, 258179.967, 115
Trd, 258180.800, 115
Trd, 258180.917, 111
Trd, 258180.967, 102
Trd, 258181.200, 98
Trd, 258181.800, 117
Trd, 258183.700, 106
Trd, 258184.417, 109
Trd, 258185.217, 116
Trd, 258185.750, 123
Trd, 258185.833, 115
Trd, 258187.633, 102
Trd, 258188.317, 106
Trd, 258190.100, 115
Trd, 258190.150, 117
Trd, 258190.683, 105
Trd, 258190.783, 104
Trd, 258191.983, 100
Trd, 258195.800, 96
Trd, 258196.933, 103
Trd, 258197.483, 91
Trd, 258197.750, 91
Trd, 258198.267, 90
Trd, 258199.167, 117
Trd, 258199.800, 100
Trd, 258200.100, 106
Trd, 258201.133, 105
Trd, 258201.317, 118
Trd, 258201.800, 104
Trd, 258202.000, 103
Trd, 258203.533, 119
Trd, 258204.783, 118
Trd, 258206.017, 112
Trd, 258206.167, 106
Trd, 258206.817, 114
Trd, 258207.167, 104
Trd, 258208.383, 99
Trd, 258210.767, 109
Trd, 258211.500, 110
Trd, 258212.467, 100
Trd, 258212.667, 124
Trd, 258213.533, 110
Trd, 258215.683, 104
Trd, 258216.850, 109
Trd, 258216.983, 104
Trd, 258217.033, 113
Trd, 258217.617, 101
Trd, 258218.467, 99
Trd, 258218.967, 110
Trd, 258220.700, 105
Trd, 258220.800, 107
Trd, 258221.733, 100
Trd, 258221.950, 98
Trd, 258222.567, 91
Trd, 258223.333, 90
Trd, 258225.100, 117
Trd, 258227.283, 110
Trd, 258227.467, 108
Trd, 258228.400, 110
Trd, 258229.617, 119
Trd, 258229.917, 116
Trd, 258230.017, 113
Trd, 258231.300, 108
Trd, 258231.767, 105
Trd, 258232.167, 107
Trd, 258234.500, 107
Trd, 258235.250, 105
Trd, 258235.283, 106
Trd, 258235.917, 115
Trd, 258236.400, 104
Trd, 258237.533, 113
Trd, 258238.300, 115
Trd, 258238.700, 108
Trd, 258239.867, 101
Trd, 258239.900, 98
Trd, 258240.650, 100
Trd, 258240.950, 107
Trd, 258241.450, 97
Trd, 258242.683, 103
Trd, 258244.933, 103
Trd, 258245.050, 103
Trd, 258245.117, 105
Trd, 258247.400, 106
Trd, 258247.700, 113
Trd, 258249.633, 109
Trd, 258250.000, 111
Trd, 258250.350, 114
Trd, 258250.900, 100
Trd, 258251.567, 113
Trd, 258253.633, 100
Trd, 258254.383, 93
Trd, 258254.533, 103
Trd, 258256.417, 108
Trd, 258256.650, 109
Trd, 258258.000, 110
Trd, 258258.383, 113
Trd, 258259.967, 112
Trd, 258262.950, 112
Trd, 258263.167, 106
Trd, 258263.483, 112
Trd, 258263.817, 113
Trd, 258263.867, 117
Trd, 258264.867, 104
Trd, 258265.433, 102
Trd, 258265.600, 108
Trd, 258267.283, 123
Trd, 258267.633, 108
Trd, 258267.717, 113
Trd, 258268.783, 104
Trd, 258270.267, 99
Trd, 258270.767, 104
Trd, 258271.033, 90
Trd, 258271.650, 109
Trd, 258273.950, 106
Trd, 258274.100, 110
Trd, 258275.200, 100
Trd, 258276.200, 101
Trd, 258276.317, 109
Trd, 258276.750, 100
Trd, 258278.500, 101
Trd, 258279.217, 102
Trd, 258281.217, 103
Trd, 258281.533, 107
Trd, 258282.017, 117
Trd, 258282.317, 109
Trd, 258282.767, 106
Trd, 258282.933, 98
Trd, 258286.317, 93
Trd, 258287.833, 102
Trd, 258288.600, 113
Trd, 258289.600, 105
Trd, 258290.933, 104
Trd, 258290.950, 106
Trd, 258290.967, 101
Trd, 258291.350, 109
Trd, 258291.717, 117
Trd, 258292.067, 108
Trd, 258293.267, 101
Trd, 258295.017, 101
Trd, 258296.183, 101
Trd, 258297.050, 101
Trd, 258297.300, 90
Trd, 258298.850, 99
Trd, 258299.683, 105
Trd, 258299.783, 107
Trd, 258300.533, 103
Trd, 258300.850, 106
Trd, 258302.350, 102
Trd, 258304.050, 98
Trd, 258304.983, 100
Trd, 258308.033, 105
Trd, 258308.117, 116
Trd, 258308.567, 99
Trd, 258309.167, 112
Trd, 258309.850, 117
Trd, 258310.250, 97
Trd, 258310.267, 96
Trd, 258311.350, 99
Trd, 258313.200, 104
Trd, 258313.983, 106
Trd, 258314.317, 99
Trd, 258316.267, 117
Trd, 258316.817, 101
Trd, 258317.567, 102
Trd, 258317.900, 114
Trd, 258319.083, 102
Trd, 258319.100, 103
Trd, 258319.767, 116
Trd, 258320.650, 102
Trd, 258320.683, 98
Trd, 258323.400, 110
Trd, 258323.783, 106
Trd, 258324.017, 104
Trd, 258324.233, 110
Trd, 258326.733, 99
Trd, 258328.017, 116
Trd, 258328.050, 108
Trd, 258328.400, 102
Trd, 258328.883, 112
Trd, 258330.383, 98
Trd, 258331.033, 101
Trd, 258331.167, 110
Trd, 258332.400, 97
Trd, 258333.600, 103
Trd, 258333.717, 93
Trd, 258334.517, 104
Trd, 258335.200, 105
Trd, 258335.767, 106
Trd, 258336.483, 105
Trd, 258338.950, 110
Trd, 258339.050, 100
Trd, 258339.567, 108
Trd, 258340.083, 117
Trd, 258340.150, 106
Trd, 258340.333, 99
Trd, 258342.183, 104
Trd, 258342.300, 99
Trd, 258343.433, 106
Trd, 258344.483, 98
Trd, 258345.683, 94
Trd, 258346.333, 104
Trd, 258346.917, 117
Trd, 258348.033, 95
Trd, 258348.067, 98
Trd, 258349.817, 114
Trd, 258350.167, 100
Trd, 258351.267, 109
Trd, 258351.467, 100
Trd, 258352.000, 98
Trd, 258352.533, 130
Trd, 258354.883, 100
Trd, 258354.917, 99
Trd, 258356.083, 106
Trd, 258356.450, 97
Trd, 258356.867, 111
Trd, 258357.433, 117
Trd, 258358.933, 100
Trd, 258359.300, 110
Trd, 258360.583, 105
Trd, 258362.650, 98
Trd, 258363.250, 97
Trd, 258363.667, 90
Trd, 258364.000, 95
Trd, 258364.133, 97
Trd, 258367.083, 108
Trd, 258367.967, 97
Trd, 258368.183, 111
Trd, 258368.833, 111
Trd, 258368.967, 117
Trd, 258369.117, 113
Trd, 258371.250, 104
Trd, 258372.800, 102
Trd, 258373.617, 106
Trd, 258374.583, 107
Trd, 258375.317, 109
Trd, 258375.433, 117
Trd, 258375.883, 100
Trd, 258377.300, 110
Trd, 258377.917, 114
Trd, 258378.367, 111
Trd, 258379.733, 106
Trd, 258380.633, 114
Trd, 258383.417, 104
Trd, 258384.317, 102
Trd, 258384.333, 94
Trd, 258384.367, 104
Trd, 258385.600, 104
Trd, 258387.300, 97
Trd, 258387.617, 101
Trd, 258389.100, 106
Trd, 258389.933, 117
Trd, 258390.000, 116
Trd, 258390.567, 121
Trd, 258392.000, 116
Trd, 258392.400, 105
Trd, 258394.417, 104
Trd, 258395.533, 99
Trd, 258395.600, 112
Trd, 258396.000, 106
Trd, 258396.617, 127
Trd, 258397.400, 104
Trd, 258397.933, 109
Trd, 258400.167, 100
Trd, 258400.450, 101
Trd, 258400.667, 101
Trd, 258400.883, 106
Trd, 258401.083, 98
Trd, 258401.167, 117
Trd, 258401.467, 124
Trd, 258403.617, 106
Trd, 258403.667, 103
Trd, 258404.000, 102
Trd, 258405.400, 98
Trd, 258406.167, 104
Trd, 258407.667, 91
Trd, 258407.717, 96
Trd, 258408.267, 106
Trd, 258409.250, 106
Trd, 258410.750, 87
Trd, 258412.417, 89
Trd, 258412.533, 106
Trd, 258412.617, 117
Trd, 258412.800, 112
Trd, 258413.767, 100
Trd, 258414.967, 101
Trd, 258415.833, 98
Trd, 258417.517, 107
Trd, 258418.550, 110
Trd, 258419.267, 124
Trd, 258419.750, 110
Trd, 258420.383, 97
Trd, 258422.150, 109
Trd, 258423.067, 115
Trd, 258423.283, 107
Trd, 258423.333, 117
Trd, 258423.767, 98
Trd, 258424.183, 96
Trd, 258425.650, 119
Trd, 258426.867, 104
Trd, 258427.533, 121
Trd, 258427.583, 92
Trd, 258427.633, 92
Trd, 258428.267, 119
Trd, 258428.600, 115
Trd, 258429.683, 104
Trd, 258431.217, 110
Trd, 258431.450, 101
Trd, 258432.283, 112
Trd, 258432.783, 100
Trd, 258433.517, 103
Trd, 258433.767, 98
Trd, 258436.083, 105
Trd, 258437.083, 96
Trd, 258437.667, 117
Trd, 258437.917, 117
Trd, 258438.483, 110
Trd, 258439.317, 111
Trd, 258440.383, 110
Trd, 258440.900, 109
Trd, 258440.933, 111
Trd, 258440.983, 108
Trd, 258441.900, 105
Trd, 258441.917, 97
Trd, 258444.850, 105
Trd, 258444.983, 105
Trd, 258445.917, 106
Trd, 258445.950, 104
Trd, 258446.700, 104
Trd, 258447.483, 99
Trd, 258447.567, 100
Trd, 258447.583, 103
Trd, 258448.300, 93
Trd, 258448.650, 112
Trd, 258450.650, 97
Trd, 258451.017, 106
Trd, 258451.150, 117
Trd, 258452.617, 117
Trd, 258454.517, 106
Trd, 258455.600, 106
Trd, 258456.733, 106
Trd, 258457.600, 104
Trd, 258458.933, 107
Trd, 258459.867, 101
Trd, 258461.400, 106
Trd, 258463.400, 109
Trd, 258463.833, 112
Trd, 258464.400, 113
Trd, 258464.550, 98
Trd, 258464.633, 97
Trd, 258468.550, 93
Trd, 258470.767, 102
Trd, 258471.317, 110
Trd, 258471.867, 111
Trd, 258472.117, 98
Trd, 258472.800, 121
Trd, 258474.283, 114
Trd, 258474.567, 117
Trd, 258474.983, 108
Trd, 258475.583, 102
Trd, 258476.617, 113
Trd, 258477.450, 104
Trd, 258477.700, 113
Trd, 258478.167, 111
Trd, 258479.933, 106
Trd, 258480.033, 104
Trd, 258480.167, 107
Trd, 258480.283, 104
Trd, 258481.383, 92
Trd, 258482.800, 93
Trd, 258484.700, 103
Trd, 258487.633, 99
Trd, 258489.000, 114
Trd, 258489.350, 117
Trd, 258489.967, 118
Trd, 258490.017, 113
Trd, 258490.600, 112
Trd, 258490.683, 108
Trd, 258491.283, 104
Trd, 258492.200, 122
Trd, 258493.083, 127
Trd, 258493.883, 108
Trd, 258493.917, 104
Trd, 258494.750, 104
Trd, 258494.767, 107
Trd, 258496.417, 109
Trd, 258497.500, 109
Trd, 258497.517, 113
Trd, 258498.933, 112
Trd, 258500.050, 110
Trd, 258501.167, 112
Trd, 258501.300, 98
Trd, 258503.200, 107
Trd, 258503.300, 117
Trd, 258503.317, 121
Trd, 258504.250, 92
Trd, 258505.383, 104
Trd, 258507.000, 98
Trd, 258507.283, 95
Trd, 258508.133, 105
Trd, 258509.550, 95
Trd, 258509.567, 93
Trd, 258513.017, 100
Trd, 258513.083, 110
Trd, 258514.667, 109
Trd, 258515.067, 111
Trd, 258515.217, 116
Trd, 258515.667, 113
Trd, 258515.683, 109
Trd, 258518.650, 98
Trd, 258518.950, 98
Trd, 258519.100, 99
Trd, 258519.233, 113
Trd, 258520.633, 95
Trd, 258522.383, 108
Trd, 258523.433, 110
Trd, 258524.017, 95
Trd, 258524.083, 108
Trd, 258524.600, 116
Trd, 258524.717, 96
Trd, 258527.517, 101
Trd, 258527.983, 103
Trd, 258528.517, 121
Trd, 258529.467, 104
Trd, 258530.850, 109
Trd, 258531.317, 105
Trd, 258531.417, 105
Trd, 258532.267, 106
Trd, 258533.150, 106
Trd, 258533.350, 104
Trd, 258534.117, 106
Trd, 258534.200, 98
Trd, 258534.267, 114
Trd, 258536.483, 107
Trd, 258537.483, 104
Trd, 258538.317, 112
Trd, 258538.700, 102
Trd, 258539.367, 91
Trd, 258542.500, 101
Trd, 258542.917, 96
Trd, 258542.933, 102
Trd, 258543.600, 93
Trd, 258544.933, 110
Trd, 258546.383, 105
Trd, 258548.267, 117
Trd, 258548.500, 108
Trd, 258548.750, 98
Trd, 258550.167, 108
Trd, 258550.667, 111
Trd, 258550.967, 112
Trd, 258551.350, 117
Trd, 258551.950, 104
Trd, 258552.950, 110
Trd, 258553.167, 95
Trd, 258553.250, 111
Trd, 258555.483, 111
Trd, 258557.033, 113
Trd, 258558.617, 102
Trd, 258559.517, 109
Trd, 258559.650, 103
Trd, 258560.267, 112
Trd, 258562.367, 104
Trd, 258562.467, 101
Trd, 258562.700, 105
Trd, 258563.467, 103
Trd, 258564.917, 112
Trd, 258565.717, 99
Trd, 258565.950, 98
Trd, 258566.250, 97
Trd, 258566.617, 106
Trd, 258568.667, 104
Trd, 258570.600, 98
Trd, 258570.900, 95
Trd, 258571.733, 106
Trd, 258572.017, 113
Trd, 258572.133, 98
Trd, 258572.767, 107
Trd, 258572.867, 93
Trd, 258573.733, 113
Trd, 258574.550, 110
Trd, 258577.850, 110
Trd, 258578.550, 110
Trd, 258579.200, 117
Trd, 258579.400, 107
Trd, 258579.567, 104
Trd, 258579.950, 100
Trd, 258580.317, 117
Trd, 258583.483, 113
Trd, 258584.433, 109
Trd, 258584.483, 104
Trd, 258584.533, 110
Trd, 258586.750, 110
Trd, 258586.783, 110
Trd, 258588.417, 109
Trd, 258589.817, 106
Trd, 258591.700, 102
Trd, 258591.867, 109
Trd, 258592.517, 109
Trd, 258593.317, 112
Trd, 258593.467, 109
Trd, 258595.167, 108
Trd, 258596.300, 113
Trd, 258596.567, 104
Trd, 258597.417, 117
Trd, 258597.767, 109
Trd, 258598.783, 115
Trd, 258601.150, 104
Trd, 258601.283, 109
Trd, 258603.133, 108
Trd, 258604.550, 106
Trd, 258605.217, 106
Trd, 258605.300, 116
Trd, 258605.333, 113
Trd, 258605.633, 102
Trd, 258605.817, 117
Trd, 258605.883, 100
Trd, 258607.150, 98
Trd, 258608.567, 118
Trd, 258608.667, 123
Trd, 258610.133, 98
Trd, 258611.767, 102
Trd, 258612.950, 102
Trd, 258614.050, 95
Trd, 258615.033, 108
Trd, 258615.167, 93
Trd, 258617.100, 96
Trd, 258617.467, 103
Trd, 258617.733, 106
Trd, 258618.367, 113
Trd, 258618.483, 117
Trd, 258619.583, 114
Trd, 258620.233, 113
Trd, 258621.233, 106
Trd, 258621.867, 101
Trd, 258622.267, 114
Trd, 258623.800, 98
Trd, 258624.100, 118
Trd, 258626.717, 104
Trd, 258627.367, 117
Trd, 258627.483, 104
Trd, 258627.833, 113
Trd, 258628.633, 103
Trd, 258628.833, 99
Trd, 258629.633, 91
Trd, 258631.850, 109
Trd, 258632.233, 91
Trd, 258634.467, 113
Trd, 258635.483, 98
Trd, 258637.183, 108
Trd, 258637.683, 123
Trd, 258639.183, 103
Trd, 258640.533, 112
Trd, 258640.983, 116
Trd, 258642.000, 112
Trd, 258643.417, 102
Trd, 258643.450, 103
Trd, 258643.533, 100
Trd, 258645.800, 110
Trd, 258646.133, 104
Trd, 258646.467, 98
Trd, 258648.933, 103
Trd, 258649.133, 103
Trd, 258650.267, 102
Trd, 258650.667, 99
Trd, 258651.100, 106
Trd, 258652.033, 106
Trd, 258652.300, 106
Trd, 258653.367, 113
Trd, 258654.183, 102
Trd, 258654.550, 111
Trd, 258656.117, 98
Trd, 258656.267, 117
Trd, 258658.183, 118
Trd, 258660.167, 106
Trd, 258660.450, 103
Trd, 258660.600, 99
Trd, 258661.450, 97
Trd, 258661.867, 115
Trd, 258663.183, 115
Trd, 258665.133, 101
Trd, 258667.200, 103
Trd, 258667.367, 108
Trd, 258668.333, 102
Trd, 258668.867, 114
Trd, 258668.883, 98
Trd, 258669.483, 95
Trd, 258669.600, 106
Trd, 258670.900, 103
Trd, 258671.700, 117
Trd, 258672.617, 106
Trd, 258673.017, 104
Trd, 258673.733, 97
Trd, 258676.100, 102
Trd, 258676.367, 114
Trd, 258676.667, 116
Trd, 258677.933, 103
Trd, 258678.267, 109
Trd, 258678.933, 102
Trd, 258679.367, 100
Trd, 258679.517, 114
Trd, 258680.150, 99
Trd, 258680.417, 117
Trd, 258681.567, 106
Trd, 258682.050, 101
Trd, 258683.317, 111
Trd, 258683.883, 104
Trd, 258683.967, 103
Trd, 258685.050, 106
Trd, 258685.150, 111
Trd, 258685.867, 100
Trd, 258686.650, 116
Trd, 258686.817, 103
Trd, 258688.917, 105
Trd, 258689.817, 102
Trd, 258690.000, 98
Trd, 258690.700, 93
Trd, 258692.583, 95
Trd, 258693.267, 101
Trd, 258693.717, 104
Trd, 258694.733, 107
Trd, 258696.450, 115
Trd, 258696.700, 117
Trd, 258698.300, 116
Trd, 258699.517, 113
Trd, 258699.733, 104
Trd, 258699.833, 99
Trd, 258701.767, 104
Trd, 258701.783, 116
Trd, 258704.083, 111
Trd, 258704.767, 106
Trd, 258705.583, 111
Trd, 258705.717, 103
Trd, 258706.317, 117
Trd, 258707.100, 121
Trd, 258708.300, 108
Trd, 258709.817, 116
Trd, 258709.983, 119
Trd, 258710.167, 107
Trd, 258710.233, 104
Trd, 258710.733, 98
Trd, 258711.533, 90
Trd, 258712.833, 109
Trd, 258712.867, 92
Trd, 258713.567, 111
Trd, 258714.400, 115
Trd, 258714.833, 123
Trd, 258715.017, 104
Trd, 258718.233, 115
Trd, 258719.283, 112
Trd, 258720.367, 104
Trd, 258722.517, 91
Trd, 258722.583, 90
Trd, 258722.967, 103
Trd, 258723.067, 105
Trd, 258723.717, 106
Trd, 258724.933, 112
Trd, 258725.367, 107
Trd, 258727.017, 101
Trd, 258727.300, 101
Trd, 258728.567, 113
Trd, 258728.850, 106
Trd, 258731.800, 103
Trd, 258732.333, 106
Trd, 258732.583, 114
Trd, 258732.617, 98
Trd, 258733.067, 117
Trd, 258733.950, 92
Trd, 258735.933, 106
Trd, 258737.233, 123
Trd, 258738.617, 111
Trd, 258738.700, 90
Trd, 258739.767, 103
Trd, 258741.217, 113
Trd, 258741.383, 116
Trd, 258741.950, 117
Trd, 258742.417, 104
Trd, 258744.883, 113
Trd, 258745.400, 98
Trd, 258745.517, 95
Trd, 258745.633, 90
Trd, 258745.717, 112
Trd, 258746.067, 101
Trd, 258747.583, 100
Trd, 258748.750, 100
Trd, 258748.767, 111
Trd, 258749.317, 117
Trd, 258749.683, 125
Trd, 258752.100, 99
Trd, 258752.750, 102
Trd, 258753.900, 106
Trd, 258756.617, 101
Trd, 258757.900, 101
Trd, 258758.100, 108
Trd, 258758.833, 111
Trd, 258759.617, 112
Trd, 258759.933, 103
Trd, 258760.800, 117
Trd, 258761.583, 103
Trd, 258761.767, 100
Trd, 258762.350, 98
Trd, 258763.000, 109
Trd, 258763.517, 111
Trd, 258764.250, 93
Trd, 258766.150, 112
Trd, 258766.767, 109
Trd, 258767.433, 113
Trd, 258767.667, 109
Trd, 258768.667, 104
Trd, 258768.967, 103
Trd, 258770.033, 99
Trd, 258770.733, 92
Trd, 258771.733, 104
Trd, 258771.850, 106
Trd, 258772.367, 104
Trd, 258773.083, 98
Trd, 258774.033, 97
Trd, 258774.083, 117
Trd, 258774.383, 123
Trd, 258775.967, 121
Trd, 258776.500, 120
Trd, 258779.133, 122
Trd, 258779.567, 111
Trd, 258781.050, 106
Trd, 258781.683, 104
Trd, 258781.700, 100
Trd, 258782.067, 98
Trd, 258782.100, 106
Trd, 258782.117, 107
Trd, 258782.883, 117
Trd, 258783.617, 120
Trd, 258783.817, 123
Trd, 258784.617, 93
Trd, 258785.750, 112
Trd, 258786.817, 113
Trd, 258787.600, 114
Trd, 258788.383, 105
Trd, 258788.467, 104
Trd, 258790.550, 92
Trd, 258794.167, 109
Trd, 258794.200, 96
Trd, 258795.067, 111
Trd, 258795.483, 114
Trd, 258795.917, 107
Trd, 258796.833, 104
Trd, 258798.600, 104
Trd, 258799.250, 120
Trd, 258800.050, 97
Trd, 258802.550, 94
Trd, 258802.717, 99
Trd, 258803.683, 95
Trd, 258804.183, 108
Trd, 258806.917, 110
Trd, 258807.633, 116
Trd, 258808.167, 105
Trd, 258808.383, 107
Trd, 258808.783, 102
Trd, 258809.100, 101
Trd, 258809.150, 105
Trd, 258809.867, 99
Trd, 258810.117, 98
Trd, 258811.283, 96
Trd, 258812.600, 102
Trd, 258813.717, 109
Trd, 258815.633, 100
Trd, 258818.183, 98
Trd, 258818.267, 97
Trd, 258818.500, 105
Trd, 258819.233, 104
Trd, 258819.817, 104
Trd, 258820.700, 107
Trd, 258821.617, 108
Trd, 258821.783, 104
Trd, 258823.633, 117
Trd, 258824.300, 106
Trd, 258825.233, 118
Trd, 258826.833, 106
Trd, 258826.883, 94
Trd, 258827.500, 113
Trd, 258827.667, 90
Trd, 258828.033, 113
Trd, 258830.083, 104
Trd, 258830.933, 103
Trd, 258831.900, 110
Trd, 258831.933, 119
Trd, 258832.883, 122
Trd, 258834.717, 113
Trd, 258835.350, 98
Trd, 258835.700, 96
Trd, 258836.733, 108
Trd, 258837.333, 108
Trd, 258837.383, 109
Trd, 258839.250, 109
Trd, 258839.583, 107
Trd, 258840.367, 111
Trd, 258841.433, 110
Trd, 258841.667, 104
Trd, 258842.100, 116
Trd, 258842.183, 100
Trd, 258843.917, 90
Trd, 258845.867, 97
Trd, 258846.167, 97
Trd, 258847.317, 98
Trd, 258848.633, 93
Trd, 258849.833, 107
Trd, 258851.800, 100
Trd, 258851.817, 97
Trd, 258852.167, 102
Trd, 258852.217, 100
Trd, 258852.233, 98
Trd, 258853.733, 105
Trd, 258855.017, 103
Trd, 258855.167, 107
Trd, 258855.783, 112
Trd, 258857.033, 111
Trd, 258857.150, 104
Trd, 258857.367, 102
Trd, 258859.600, 98
Trd, 258859.983, 98
Trd, 258860.733, 107
Trd, 258860.750, 116
Trd, 258860.833, 106
Trd, 258861.483, 98
Trd, 258866.800, 98
Trd, 258867.617, 98
Trd, 258867.967, 117
Trd, 258869.783, 104
Trd, 258870.200, 103
Trd, 258870.250, 108
Trd, 258870.667, 113
Trd, 258871.583, 100
Trd, 258872.183, 119
Trd, 258872.917, 99
Trd, 258873.700, 102
Trd, 258873.983, 120
Trd, 258875.517, 117
Trd, 258875.867, 122
Trd, 258875.900, 127
Trd, 258877.100, 110
Trd, 258878.683, 98
Trd, 258879.767, 104
Trd, 258880.300, 90
Trd, 258880.417, 87
Trd, 258881.683, 107
Trd, 258882.500, 103
Trd, 258883.150, 115
Trd, 258883.450, 103
Trd, 258886.133, 101
Trd, 258886.983, 107
Trd, 258887.150, 99
Trd, 258887.233, 116
Trd, 258887.383, 108
Trd, 258888.467, 108
Trd, 258888.483, 113
Trd, 258889.500, 98
Trd, 258890.650, 111
Trd, 258891.833, 101
Trd, 258892.983, 99
Trd, 258893.650, 109
Trd, 258894.917, 114
Trd, 258896.567, 100
Trd, 258897.017, 101
Trd, 258900.717, 98
Trd, 258901.483, 110
Trd, 258902.133, 115
Trd, 258902.717, 98
Trd, 258903.617, 99
Trd, 258903.917, 116
Trd, 258904.433, 114
Trd, 258904.833, 114
Trd, 258905.267, 117
Trd, 258905.867, 113
Trd, 258906.367, 124
Trd, 258908.467, 114
Trd, 258908.900, 110
Trd, 258909.650, 106
Trd, 258910.333, 106
Trd, 258911.083, 105
Trd, 258911.817, 110
Trd, 258912.350, 104
Trd, 258912.617, 111
Trd, 258913.183, 98
Trd, 258913.533, 112
Trd, 258913.750, 116
Trd, 258914.033, 96
Trd, 258915.150, 96
Trd, 258916.867, 107
Trd, 258918.417, 92
Trd, 258918.850, 101
Trd, 258920.483, 94
Trd, 258921.000, 90
Trd, 258921.533, 104
Trd, 258922.367, 109
Trd, 258923.450, 110
Trd, 258923.567, 117
Trd, 258924.050, 106
Trd, 258925.000, 98
Trd, 258925.033, 101
Trd, 258926.167, 99
Trd, 258927.350, 93
Trd, 258927.750, 108
Trd, 258927.850, 104
Trd, 258928.417, 103
Trd, 258929.467, 117
Trd, 258929.567, 117
Trd, 258930.350, 108
Trd, 258932.017, 113
Trd, 258932.817, 123
Trd, 258933.300, 110
Trd, 258934.267, 105
Trd, 258934.583, 97
Trd, 258936.867, 109
Trd, 258937.250, 114
Trd, 258937.317, 117
Trd, 258941.017, 104
Trd, 258941.500, 105
Trd, 258941.600, 107
Trd, 258942.250, 101
Trd, 258942.550, 108
Trd, 258944.750, 108
Trd, 258945.550, 114
Trd, 258946.250, 115
Trd, 258946.767, 94
Trd, 258947.250, 91
Trd, 258947.500, 93
Trd, 258949.050, 98
Trd, 258951.150, 104
Trd, 258951.650, 108
Trd, 258951.700, 105
Trd, 258952.083, 108
Trd, 258953.933, 98
Trd, 258954.083, 92
Trd, 258954.667, 99
Trd, 258956.083, 101
Trd, 258956.500, 102
Trd, 258959.333, 104
Trd, 258960.317, 115
Trd, 258960.567, 110
Trd, 258960.967, 99
Trd, 258961.450, 103
Trd, 258961.517, 112
Trd, 258962.667, 112
Trd, 258962.767, 117
Trd, 258964.433, 104
Trd, 258964.733, 106
Trd, 258965.333, 92
Trd, 258967.450, 105
Trd, 258967.600, 106
Trd, 258968.233, 100
Trd, 258969.917, 102
Trd, 258970.167, 98
Trd, 258970.583, 90
Trd, 258971.467, 115
Trd, 258973.233, 108
Trd, 258973.617, 104
Trd, 258973.833, 117
Trd, 258975.483, 112
Trd, 258975.600, 104
Trd, 258976.550, 120
Trd, 258979.133, 104
Trd, 258980.517, 109
Trd, 258980.600, 116
Trd, 258981.317, 102
Trd, 258982.050, 105
Trd, 258982.950, 102
Trd, 258983.283, 98
Trd, 258983.417, 102
Trd, 258986.017, 108
Trd, 258986.033, 115
Trd, 258986.917, 102
Trd, 258989.250, 104
Trd, 258989.317, 107
Trd, 258989.517, 111
Trd, 258991.700, 103
Trd, 258991.883, 105
Trd, 258992.233, 115
Trd, 258993.000, 114
Trd, 258995.083, 107
Trd, 258995.550, 116
Trd, 258996.133, 98
Trd, 258996.967, 103
Trd, 258997.600, 101
Trd, 258998.150, 110
Trd, 258999.133, 108
Trd, 258999.317, 114
Trd, 258999.933, 101
Trd, 259001.267, 117
Trd, 259002.400, 100
Trd, 259003.700, 115
Trd, 259005.000, 101
Trd, 259005.717, 104
Trd, 259005.750, 117
Trd, 259006.633, 107
Trd, 259007.217, 98
Trd, 259007.900, 98
Trd, 259008.267, 106
Trd, 259009.000, 119
Trd, 259009.883, 90
Trd, 259010.567, 96
Trd, 259011.767, 103
Trd, 259012.783, 90
Trd, 259013.433, 117
Trd, 259017.200, 106
Trd, 259017.717, 119
Trd, 259017.733, 118
Trd, 259018.767, 106
Trd, 259019.600, 115
Trd, 259021.967, 119
Trd, 259023.833, 106
Trd, 259023.983, 113
Trd, 259024.617, 104
Trd, 259025.700, 101
Trd, 259027.367, 98
Trd, 259028.033, 106
Trd, 259028.117, 107
Trd, 259028.367, 108
Trd, 259028.583, 92
Trd, 259030.750, 93
Trd, 259031.817, 108
Trd, 259032.400, 115
Trd, 259033.150, 114
Trd, 259033.233, 108
Trd, 259034.700, 103
Trd, 259037.600, 106
Trd, 259038.017, 105
Trd, 259039.983, 109
Trd, 259040.567, 117
Trd, 259040.917, 104
Trd, 259041.533, 103
Trd, 259042.317, 108
Trd, 259043.350, 112
Trd, 259044.183, 119
Trd, 259045.217, 111
Trd, 259046.667, 109
Trd, 259047.217, 111
Trd, 259048.083, 103
Trd, 259048.733, 98
Trd, 259049.350, 102
Trd, 259049.717, 110
Trd, 259050.883, 104
Trd, 259053.317, 113
Trd, 259053.767, 114
Trd, 259054.617, 112
Trd, 259055.333, 115
Trd, 259055.850, 108
Trd, 259056.083, 104
Trd, 259056.633, 106
Trd, 259056.783, 98
Trd, 259057.467, 104
Trd, 259059.883, 94
Trd, 259061.100, 112
Trd, 259061.900, 103
Trd, 259062.133, 106
Trd, 259062.733, 109
Trd, 259064.917, 97
Trd, 259067.650, 110
Trd, 259068.867, 105
Trd, 259069.150, 109
Trd, 259069.433, 104
Trd, 259070.283, 114
Trd, 259070.400, 103
Trd, 259071.000, 109
Trd, 259071.300, 106
Trd, 259072.100, 104
Trd, 259073.417, 111
Trd, 259073.617, 105
Trd, 259074.367, 114
Trd, 259075.550, 108
Trd, 259076.667, 92
Trd, 259077.650, 103
Trd, 259077.883, 101
Trd, 259078.167, 108
Trd, 259079.117, 107
Trd, 259080.833, 109
Trd, 259081.800, 105
Trd, 259081.967, 117
Trd, 259082.167, 119
Trd, 259083.600, 104
Trd, 259083.733, 111
Trd, 259084.433, 102
Trd, 259085.917, 108
Trd, 259087.083, 98
Trd, 259087.150, 111
Trd, 259087.283, 111
Trd, 259088.017, 92
Trd, 259092.567, 100
Trd, 259092.617, 106
Trd, 259092.800, 113
Trd, 259092.817, 98
Trd, 259093.133, 107
Trd, 259093.767, 109
Trd, 259094.417, 104
Trd, 259094.433, 114
Trd, 259095.033, 96
Trd, 259095.433, 94
Trd, 259095.617, 107
Trd, 259096.133, 117
Trd, 259096.617, 106
Trd, 259097.350, 122
Trd, 259098.183, 107
Trd, 259098.917, 104
Trd, 259099.183, 102
Trd, 259100.167, 118
Trd, 259101.300, 110
Trd, 259103.650, 106
Trd, 259103.950, 98
Trd, 259105.867, 108
Trd, 259105.917, 98
Trd, 259106.233, 125
Trd, 259106.833, 121
Trd, 259108.250, 106
Trd, 259109.100, 105
Trd, 259109.500, 110
Trd, 259112.383, 107
Trd, 259112.933, 109
Trd, 259113.183, 100
Trd, 259113.250, 99
Trd, 259114.450, 103
Trd, 259115.350, 103
Trd, 259115.800, 105
Trd, 259117.050, 98
Trd, 259117.767, 102
Trd, 259117.833, 98
Trd, 259118.067, 106
Trd, 259118.350, 103
Trd, 259118.533, 110
Trd, 259118.967, 117
Trd, 259120.783, 103
Trd, 259121.967, 107
Trd, 259124.800, 105
Trd, 259125.100, 101
Trd, 259126.033, 108
Trd, 259126.533, 106
Trd, 259128.200, 102
Trd, 259129.150, 104
Trd, 259129.500, 108
Trd, 259129.850, 114
Trd, 259129.950, 95
Trd, 259130.483, 114
Trd, 259130.600, 117
Trd, 259131.233, 92
Trd, 259131.950, 102
Trd, 259133.983, 108
Trd, 259134.083, 105
Trd, 259135.150, 115
Trd, 259135.517, 117
Trd, 259135.900, 112
Trd, 259136.900, 109
Trd, 259137.150, 117
Trd, 259140.417, 110
Trd, 259140.933, 103
Trd, 259141.083, 99
Trd, 259142.583, 109
Trd, 259142.967, 92
Trd, 259143.583, 113
Trd, 259144.267, 104
Trd, 259144.683, 97
Trd, 259145.183, 101
Trd, 259145.900, 110
Trd, 259148.550, 106
Trd, 259148.583, 113
Trd, 259148.717, 114
Trd, 259148.983, 105
Trd, 259151.200, 104
Trd, 259151.700, 106
Trd, 259152.683, 117
Trd, 259153.417, 113
Trd, 259154.217, 98
Trd, 259155.817, 104
Trd, 259156.617, 111
Trd, 259157.317, 108
Trd, 259157.600, 126
Trd, 259158.567, 125
Trd, 259158.867, 124
Trd, 259159.583, 116
Trd, 259163.250, 122
Trd, 259163.367, 113
Trd, 259163.450, 104
Trd, 259163.567, 99
Trd, 259166.783, 104
Trd, 259167.817, 93
Trd, 259168.650, 93
Trd, 259169.650, 99
Trd, 259170.233, 100
Trd, 259171.000, 106
Trd, 259171.467, 106
Trd, 259172.167, 114
Trd, 259174.133, 112
Trd, 259174.167, 111
Trd, 259175.667, 104
Trd, 259176.233, 100
Trd, 259177.083, 109
Trd, 259177.700, 109
Trd, 259180.017, 116
Trd, 259180.517, 117
Trd, 259180.667, 104
Trd, 259181.433, 108
Trd, 259181.717, 114
Trd, 259181.767, 122
Trd, 259182.767, 104
Trd, 259184.417, 116
Trd, 259185.017, 101
Trd, 259186.100, 114
Trd, 259187.367, 104
Trd, 259187.783, 98
Trd, 259189.317, 107
Trd, 259190.250, 93
Trd, 259190.317, 98
Trd, 259190.500, 116
Trd, 259191.733, 107
Trd, 259192.017, 118
Trd, 259192.433, 109
Trd, 259194.350, 104
Trd, 259194.500, 117
Trd, 259197.050, 113
Trd, 259197.850, 104
Trd, 259198.417, 117
Trd, 259198.800, 110
Trd, 259199.317, 97
