Trd, 257964.800, 126
Trd, 257964.933, 138
Trd, 257965.033, 125
Trd, 257965.200, 118
Trd, 257965.667, 106
Trd, 257966.100, 95
Trd, 257966.400, 133
Trd, 257966.533, 134
Trd, 257967.467, 93
Trd, 257967.733, 92
Trd, 257967.900, 91
Trd, 257968.100, 82
Trd, 257968.300, 125
Trd, 257968.633, 67
Trd, 257968.867, 127
Trd, 257970.467, 139
Trd, 257971.200, 140
Trd, 257971.467, 140
Trd, 257972.167, 140
Trd, 257972.367, 124
Trd, 257973.433, 140
Trd, 257974.567, 140
Trd, 257974.767, 140
Trd, 257975.233, 140
Trd, 257975.267, 140
Trd, 257975.400, 140
Trd, 257976.533, 140
Trd, 257976.600, 140
Trd, 257976.900, 140
Trd, 257976.967, 140
Trd, 257977.000, 133
Trd, 257978.133, 112
Trd, 257978.567, 139
Trd, 257978.967, 124
Trd, 257979.433, 139
Trd, 257980.133, 125
Trd, 257980.200, 124
Trd, 257980.333, 121
Trd, 257981.067, 120
Trd, 257982.800, 140
Trd, 257982.933, 140
Trd, 257984.167, 140
Trd, 257984.700, 140
Trd, 257985.000, 140
Trd, 257985.133, 140
Trd, 257987.200, 140
Trd, 257987.667, 140
Trd, 257987.767, 140
Trd, 257988.100, 140
Trd, 257988.200, 140
Trd, 257988.533, 139
Trd, 257988.733, 138
Trd, 257988.967, 139
Trd, 257989.400, 131
Trd, 257990.300, 115
Trd, 257990.500, 138
Trd, 257990.767, 84
Trd, 257991.500, 137
Trd, 257991.833, 139
Trd, 257992.367, 137
Trd, 257992.500, 109
Trd, 257992.933, 103
Trd, 257995.033, 103
Trd, 257995.367, 102
Trd, 257996.300, 105
Trd, 257996.333, 114
Trd, 257996.367, 104
Trd, 257996.500, 116
Trd, 257996.533, 118
Trd, 257997.200, 103
Trd, 257998.100, 85
Trd, 257999.333, 140
Trd, 257999.400, 140
Trd, 257999.800, 140
Trd, 258000.400, 140
Trd, 258000.767, 140
Trd, 258001.400, 140
Trd, 258001.433, 140
Trd, 258001.567, 140
Trd, 258002.800, 138
Trd, 258003.133, 135
Trd, 258003.167, 87
Trd, 258003.700, 112
Trd, 258003.833, 95
Trd, 258004.167, 94
Trd, 258004.567, 98
Trd, 258004.867, 75
Trd, 258005.667, 121
Trd, 258006.367, 83
Trd, 258007.333, 119
Trd, 258007.867, 102
Trd, 258008.267, 104
Trd, 258008.300, 105
Trd, 258008.467, 102
Trd, 258009.133, 139
Trd, 258009.367, 139
Trd, 258010.000, 140
Trd, 258010.067, 140
Trd, 258010.767, 140
Trd, 258011.800, 139
Trd, 258012.100, 139
Trd, 258012.800, 103
Trd, 258013.600, 134
Trd, 258014.133, 132
Trd, 258014.867, 115
Trd, 258015.033, 115
Trd, 258015.500, 127
Trd, 258015.567, 116
Trd, 258016.167, 118
Trd, 258016.333, 116
Trd, 258016.433, 117
Trd, 258016.967, 126
Trd, 258017.400, 116
Trd, 258018.100, 115
Trd, 258018.600, 95
Trd, 258018.700, 121
Trd, 258019.267, 118
Trd, 258019.600, 140
Trd, 258019.633, 95
Trd, 258019.700, 89
Trd, 258020.067, 88
Trd, 258020.200, 87
Trd, 258020.700, 67
Trd, 258021.033, 67
Trd, 258021.500, 62
Trd, 258021.733, 61
Trd, 258022.333, 66
Trd, 258023.833, 60
Trd, 258024.300, 61
Trd, 258024.500, 62
Trd, 258025.533, 96
Trd, 258026.067, 97
Trd, 258026.100, 96
Trd, 258026.633, 123
Trd, 258026.833, 120
Trd, 258027.100, 137
Trd, 258028.767, 140
Trd, 258029.000, 137
Trd, 258029.133, 116
Trd, 258029.500, 140
Trd, 258029.600, 140
Trd, 258030.200, 124
Trd, 258030.333, 123
Trd, 258030.800, 123
Trd, 258031.667, 134
Trd, 258032.067, 133
Trd, 258032.900, 134
Trd, 258033.200, 133
Trd, 258033.467, 119
Trd, 258033.800, 129
Trd, 258034.700, 124
Trd, 258035.133, 125
Trd, 258035.367, 127
Trd, 258035.400, 125
Trd, 258035.633, 125
Trd, 258035.833, 123
Trd, 258036.100, 133
Trd, 258038.167, 140
Trd, 258038.600, 140
Trd, 258038.767, 140
Trd, 258039.200, 140
Trd, 258039.833, 140
Trd, 258041.733, 140
Trd, 258041.900, 140
Trd, 258042.700, 140
Trd, 258042.867, 140
Trd, 258042.967, 113
Trd, 258043.300, 102
Trd, 258043.567, 101
Trd, 258043.867, 96
Trd, 258045.033, 136
Trd, 258045.067, 135
Trd, 258045.267, 134
Trd, 258045.933, 137
Trd, 258046.167, 139
Trd, 258047.133, 123
Trd, 258047.567, 124
Trd, 258047.667, 122
Trd, 258047.700, 120
Trd, 258048.400, 140
Trd, 258048.833, 109
Trd, 258049.100, 125
Trd, 258049.800, 117
Trd, 258050.533, 123
Trd, 258050.800, 123
Trd, 258051.300, 123
Trd, 258052.067, 103
Trd, 258053.000, 105
Trd, 258053.367, 113
Trd, 258053.700, 91
Trd, 258053.800, 119
Trd, 258054.400, 60
Trd, 258054.867, 60
Trd, 258055.633, 60
Trd, 258055.767, 60
Trd, 258056.167, 60
Trd, 258056.467, 63
Trd, 258056.567, 61
Trd, 258056.667, 61
Trd, 258056.867, 62
Trd, 258056.933, 64
Trd, 258057.267, 133
Trd, 258058.900, 76
Trd, 258059.000, 67
Trd, 258059.567, 63
Trd, 258059.667, 71
Trd, 258059.933, 105
Trd, 258060.033, 61
Trd, 258060.367, 60
Trd, 258060.500, 61
Trd, 258061.167, 68
Trd, 258061.467, 134
Trd, 258062.333, 60
Trd, 258062.867, 63
Trd, 258063.767, 63
Trd, 258064.500, 63
Trd, 258064.667, 64
Trd, 258064.933, 78
Trd, 258065.500, 61
Trd, 258066.033, 60
Trd, 258066.067, 61
Trd, 258066.733, 65
Trd, 258066.867, 64
Trd, 258067.500, 63
Trd, 258067.667, 62
Trd, 258068.433, 60
Trd, 258068.767, 65
Trd, 258069.067, 119
Trd, 258069.167, 119
Trd, 258069.667, 65
Trd, 258070.600, 60
Trd, 258071.167, 60
Trd, 258072.667, 60
Trd, 258072.767, 60
Trd, 258073.100, 60
Trd, 258074.733, 60
Trd, 258074.900, 60
Trd, 258075.167, 60
Trd, 258075.233, 60
Trd, 258075.433, 60
Trd, 258075.800, 60
Trd, 258076.000, 61
Trd, 258076.200, 61
Trd, 258076.400, 61
Trd, 258076.467, 63
Trd, 258076.833, 126
Trd, 258077.500, 94
Trd, 258077.967, 102
Trd, 258079.167, 133
Trd, 258079.367, 131
Trd, 258079.967, 125
Trd, 258080.167, 90
Trd, 258080.200, 73
Trd, 258081.800, 131
Trd, 258082.667, 137
Trd, 258083.567, 114
Trd, 258083.733, 114
Trd, 258084.400, 123
Trd, 258084.567, 120
Trd, 258084.633, 124
Trd, 258084.800, 104
Trd, 258085.133, 123
Trd, 258085.967, 119
Trd, 258086.167, 116
Trd, 258086.300, 120
Trd, 258086.467, 127
Trd, 258086.767, 95
Trd, 258087.133, 87
Trd, 258087.567, 86
Trd, 258088.967, 91
Trd, 258089.100, 91
Trd, 258089.500, 92
Trd, 258090.067, 93
Trd, 258090.100, 92
Trd, 258090.300, 92
Trd, 258090.333, 91
Trd, 258090.467, 90
Trd, 258090.633, 93
Trd, 258091.933, 140
Trd, 258092.233, 140
Trd, 258092.433, 139
Trd, 258092.567, 138
Trd, 258093.300, 139
Trd, 258093.800, 133
Trd, 258094.633, 129
Trd, 258094.700, 137
Trd, 258095.167, 132
Trd, 258095.433, 132
Trd, 258095.500, 131
Trd, 258096.200, 132
Trd, 258096.800, 132
Trd, 258097.433, 132
Trd, 258098.033, 131
Trd, 258098.500, 113
Trd, 258098.967, 135
Trd, 258099.433, 138
Trd, 258100.133, 139
Trd, 258100.800, 138
Trd, 258101.533, 133
Trd, 258102.633, 140
Trd, 258102.933, 140
Trd, 258103.100, 140
Trd, 258103.167, 140
Trd, 258103.267, 140
Trd, 258103.867, 140
Trd, 258103.933, 140
Trd, 258104.167, 109
Trd, 258104.400, 131
Trd, 258104.567, 99
Trd, 258104.767, 98
Trd, 258105.667, 134
Trd, 258105.900, 113
Trd, 258106.433, 99
Trd, 258107.133, 124
Trd, 258108.067, 140
Trd, 258108.267, 140
Trd, 258108.700, 140
Trd, 258108.967, 140
Trd, 258109.067, 140
Trd, 258109.133, 140
Trd, 258110.100, 140
Trd, 258110.933, 140
Trd, 258111.033, 140
Trd, 258111.567, 140
Trd, 258112.667, 140
Trd, 258114.267, 140
Trd, 258114.700, 140
Trd, 258114.967, 140
Trd, 258115.067, 140
Trd, 258115.367, 140
Trd, 258115.433, 139
Trd, 258115.733, 139
Trd, 258116.300, 132
Trd, 258116.833, 132
Trd, 258117.167, 133
Trd, 258118.233, 135
Trd, 258118.700, 133
Trd, 258118.767, 136
Trd, 258118.800, 139
Trd, 258119.433, 133
Trd, 258119.533, 130
Trd, 258119.633, 108
Trd, 258119.967, 96
Trd, 258120.267, 99
Trd, 258122.067, 120
Trd, 258122.333, 120
Trd, 258123.000, 122
Trd, 258123.400, 122
Trd, 258124.433, 137
Trd, 258124.533, 136
Trd, 258125.267, 125
Trd, 258125.733, 119
Trd, 258125.767, 118
Trd, 258126.200, 135
Trd, 258126.533, 116
Trd, 258127.367, 126
Trd, 258127.433, 106
Trd, 258127.500, 104
Trd, 258128.233, 98
Trd, 258128.333, 128
Trd, 258128.533, 129
Trd, 258128.767, 64
Trd, 258129.767, 61
Trd, 258130.133, 65
Trd, 258130.333, 65
Trd, 258131.133, 64
Trd, 258131.300, 65
Trd, 258131.567, 64
Trd, 258131.700, 63
Trd, 258132.133, 66
Trd, 258133.133, 140
Trd, 258133.333, 140
Trd, 258133.500, 140
Trd, 258134.000, 109
Trd, 258134.267, 140
Trd, 258135.300, 136
Trd, 258135.933, 128
Trd, 258136.000, 127
Trd, 258136.100, 136
Trd, 258136.200, 128
Trd, 258137.067, 131
Trd, 258137.400, 132
Trd, 258137.467, 132
Trd, 258138.167, 132
Trd, 258138.300, 122
Trd, 258138.933, 109
Trd, 258139.000, 98
Trd, 258141.167, 60
Trd, 258141.867, 60
Trd, 258142.467, 60
Trd, 258142.533, 60
Trd, 258142.600, 61
Trd, 258142.967, 60
Trd, 258143.400, 60
Trd, 258143.433, 61
Trd, 258144.033, 62
Trd, 258144.367, 60
Trd, 258144.667, 61
Trd, 258144.900, 60
Trd, 258145.633, 60
Trd, 258146.433, 60
Trd, 258147.133, 60
Trd, 258147.467, 60
Trd, 258147.767, 61
Trd, 258148.067, 61
Trd, 258149.667, 61
Trd, 258150.633, 60
Trd, 258151.200, 60
Trd, 258151.300, 61
Trd, 258151.467, 62
Trd, 258151.800, 63
Trd, 258152.000, 62
Trd, 258152.467, 62
Trd, 258152.867, 60
Trd, 258152.900, 60
Trd, 258153.967, 61
Trd, 258155.233, 61
Trd, 258155.733, 62
Trd, 258155.900, 61
Trd, 258156.167, 68
Trd, 258156.667, 70
Trd, 258156.700, 71
Trd, 258158.333, 60
Trd, 258158.700, 60
Trd, 258159.100, 60
Trd, 258159.500, 60
Trd, 258159.567, 60
Trd, 258159.700, 60
Trd, 258160.033, 60
Trd, 258160.067, 61
Trd, 258160.933, 139
Trd, 258161.333, 137
Trd, 258161.400, 136
Trd, 258162.000, 137
Trd, 258162.100, 135
Trd, 258162.700, 140
Trd, 258163.667, 121
Trd, 258163.733, 120
Trd, 258163.967, 116
Trd, 258164.133, 123
Trd, 258164.800, 136
Trd, 258165.300, 119
Trd, 258165.467, 118
Trd, 258165.600, 119
Trd, 258166.033, 117
Trd, 258166.567, 104
Trd, 258167.800, 89
Trd, 258168.333, 105
Trd, 258169.033, 104
Trd, 258169.633, 105
Trd, 258169.833, 103
Trd, 258170.400, 140
Trd, 258170.467, 139
Trd, 258170.667, 104
Trd, 258170.767, 99
Trd, 258170.933, 133
Trd, 258171.767, 111
Trd, 258172.267, 111
Trd, 258172.467, 110
Trd, 258172.667, 109
Trd, 258172.867, 97
Trd, 258173.367, 126
Trd, 258173.467, 92
Trd, 258174.300, 83
Trd, 258174.767, 120
Trd, 258175.033, 94
Trd, 258175.633, 140
Trd, 258175.733, 137
Trd, 258176.000, 140
Trd, 258176.500, 140
Trd, 258176.533, 140
Trd, 258176.567, 73
Trd, 258177.567, 60
Trd, 258178.800, 60
Trd, 258179.633, 60
Trd, 258179.700, 60
Trd, 258180.867, 60
Trd, 258181.267, 60
Trd, 258181.933, 60
Trd, 258182.567, 60
Trd, 258182.733, 60
Trd, 258183.467, 60
Trd, 258183.800, 60
Trd, 258184.100, 60
Trd, 258184.367, 67
Trd, 258184.667, 60
Trd, 258184.833, 60
Trd, 258184.967, 60
Trd, 258185.333, 61
Trd, 258185.600, 61
Trd, 258186.067, 63
Trd, 258186.200, 85
Trd, 258186.833, 140
Trd, 258187.567, 140
Trd, 258187.800, 140
Trd, 258188.167, 140
Trd, 258188.667, 140
Trd, 258188.933, 140
Trd, 258189.800, 122
Trd, 258190.867, 129
Trd, 258191.233, 129
Trd, 258191.367, 128
Trd, 258193.033, 133
Trd, 258193.233, 132
Trd, 258193.267, 126
Trd, 258194.200, 121
Trd, 258194.567, 131
Trd, 258195.067, 140
Trd, 258195.400, 133
Trd, 258195.500, 133
Trd, 258195.800, 133
Trd, 258196.400, 130
Trd, 258196.667, 109
Trd, 258196.700, 108
Trd, 258197.300, 140
Trd, 258197.900, 138
Trd, 258199.900, 140
Trd, 258200.333, 140
Trd, 258200.467, 140
Trd, 258200.800, 132
Trd, 258201.600, 137
Trd, 258201.667, 135
Trd, 258201.767, 114
Trd, 258202.333, 127
Trd, 258202.600, 101
Trd, 258203.200, 139
Trd, 258203.600, 135
Trd, 258203.900, 104
Trd, 258204.033, 102
Trd, 258205.733, 138
Trd, 258206.300, 134
Trd, 258206.667, 133
Trd, 258207.133, 140
Trd, 258207.300, 139
Trd, 258207.867, 133
Trd, 258208.633, 137
Trd, 258208.933, 135
Trd, 258208.967, 133
Trd, 258209.400, 124
Trd, 258209.467, 123
Trd, 258209.767, 138
Trd, 258210.567, 136
Trd, 258210.733, 135
Trd, 258210.900, 114
Trd, 258211.233, 113
Trd, 258211.333, 108
Trd, 258211.367, 85
Trd, 258212.033, 81
Trd, 258212.467, 140
Trd, 258213.100, 99
Trd, 258213.233, 95
Trd, 258214.633, 140
Trd, 258215.867, 140
Trd, 258215.933, 140
Trd, 258217.100, 140
Trd, 258217.233, 140
Trd, 258217.833, 139
Trd, 258218.000, 139
Trd, 258219.100, 140
Trd, 258219.233, 140
Trd, 258220.000, 135
Trd, 258220.433, 139
Trd, 258220.700, 138
Trd, 258222.267, 135
Trd, 258222.367, 130
Trd, 258222.967, 134
Trd, 258223.200, 135
Trd, 258223.800, 135
Trd, 258223.833, 129
Trd, 258224.567, 130
Trd, 258224.767, 110
Trd, 258224.833, 109
Trd, 258225.333, 87
Trd, 258225.533, 113
Trd, 258225.633, 86
Trd, 258226.033, 139
Trd, 258227.567, 92
Trd, 258227.933, 140
Trd, 258228.433, 139
Trd, 258228.700, 138
Trd, 258229.667, 140
Trd, 258230.067, 140
Trd, 258230.600, 140
Trd, 258230.967, 140
Trd, 258231.267, 139
Trd, 258232.600, 140
Trd, 258233.800, 140
Trd, 258233.900, 140
Trd, 258234.000, 140
Trd, 258234.267, 140
Trd, 258235.233, 140
Trd, 258235.433, 140
Trd, 258235.700, 137
Trd, 258236.033, 136
Trd, 258236.100, 126
Trd, 258236.333, 134
Trd, 258236.500, 111
Trd, 258236.633, 140
Trd, 258236.900, 100
Trd, 258237.433, 85
Trd, 258239.667, 117
Trd, 258240.167, 118
Trd, 258240.233, 117
Trd, 258240.600, 117
Trd, 258240.800, 114
Trd, 258240.833, 113
Trd, 258241.067, 124
Trd, 258241.867, 118
Trd, 258241.900, 120
Trd, 258242.267, 116
Trd, 258242.367, 116
Trd, 258242.633, 118
Trd, 258243.167, 116
Trd, 258243.400, 119
Trd, 258243.700, 120
Trd, 258243.733, 116
Trd, 258244.933, 68
Trd, 258245.067, 67
Trd, 258245.267, 99
Trd, 258246.067, 117
Trd, 258246.567, 108
Trd, 258246.800, 109
Trd, 258246.933, 106
Trd, 258247.767, 70
Trd, 258248.600, 60
Trd, 258248.800, 139
Trd, 258249.067, 92
Trd, 258250.400, 60
Trd, 258250.433, 60
Trd, 258252.333, 60
Trd, 258252.700, 60
Trd, 258253.267, 60
Trd, 258253.600, 62
Trd, 258253.900, 61
Trd, 258254.167, 62
Trd, 258254.267, 64
Trd, 258254.433, 63
Trd, 258254.633, 62
Trd, 258254.733, 62
Trd, 258255.633, 140
Trd, 258256.067, 61
Trd, 258256.133, 62
Trd, 258257.033, 124
Trd, 258257.867, 134
Trd, 258257.967, 132
Trd, 258258.533, 131
Trd, 258258.867, 133
Trd, 258259.367, 133
Trd, 258259.467, 129
Trd, 258259.600, 127
Trd, 258260.033, 94
Trd, 258260.500, 61
Trd, 258260.867, 61
Trd, 258261.033, 60
Trd, 258261.833, 60
Trd, 258262.400, 64
Trd, 258263.200, 140
Trd, 258263.633, 135
Trd, 258264.067, 135
Trd, 258264.167, 97
Trd, 258264.833, 60
Trd, 258265.767, 60
Trd, 258265.867, 61
Trd, 258266.200, 62
Trd, 258266.433, 62
Trd, 258266.500, 63
Trd, 258267.000, 68
Trd, 258267.200, 68
Trd, 258267.633, 62
Trd, 258268.333, 69
Trd, 258268.600, 117
Trd, 258268.700, 62
Trd, 258269.400, 69
Trd, 258269.533, 68
Trd, 258270.533, 60
Trd, 258272.000, 60
Trd, 258272.167, 60
Trd, 258272.733, 60
Trd, 258272.833, 60
Trd, 258273.100, 60
Trd, 258273.400, 64
Trd, 258273.767, 65
Trd, 258273.933, 67
Trd, 258274.200, 68
Trd, 258274.600, 113
Trd, 258275.900, 140
Trd, 258276.133, 140
Trd, 258276.600, 140
Trd, 258276.633, 140
Trd, 258277.233, 140
Trd, 258277.400, 140
Trd, 258277.567, 140
Trd, 258277.800, 140
Trd, 258277.900, 136
Trd, 258279.500, 81
Trd, 258279.933, 140
Trd, 258280.867, 140
Trd, 258280.933, 140
Trd, 258281.367, 140
Trd, 258281.633, 139
Trd, 258283.400, 140
Trd, 258284.967, 140
Trd, 258285.367, 140
Trd, 258286.067, 140
Trd, 258286.100, 140
Trd, 258286.133, 139
Trd, 258287.133, 140
Trd, 258287.233, 140
Trd, 258287.333, 139
Trd, 258287.533, 117
Trd, 258287.967, 117
Trd, 258288.533, 133
Trd, 258289.167, 138
Trd, 258289.900, 140
Trd, 258290.067, 140
Trd, 258290.467, 140
Trd, 258291.867, 138
Trd, 258291.900, 119
Trd, 258292.467, 111
Trd, 258292.700, 107
Trd, 258292.733, 136
Trd, 258293.133, 92
Trd, 258293.633, 119
Trd, 258293.700, 118
Trd, 258295.200, 119
Trd, 258295.567, 90
Trd, 258296.633, 140
Trd, 258296.700, 140
Trd, 258296.867, 138
Trd, 258298.033, 136
Trd, 258298.067, 135
Trd, 258299.867, 136
Trd, 258300.300, 137
Trd, 258300.367, 138
Trd, 258300.433, 137
Trd, 258301.633, 130
Trd, 258301.667, 129
Trd, 258301.833, 128
Trd, 258302.100, 111
Trd, 258302.133, 135
Trd, 258302.167, 109
Trd, 258302.367, 92
Trd, 258302.700, 135
Trd, 258302.867, 136
Trd, 258303.633, 138
Trd, 258304.133, 140
Trd, 258304.400, 139
Trd, 258304.533, 138
Trd, 258304.900, 140
Trd, 258305.233, 140
Trd, 258305.267, 140
Trd, 258307.067, 127
Trd, 258307.833, 134
Trd, 258308.267, 133
Trd, 258308.533, 132
Trd, 258308.667, 125
Trd, 258308.767, 112
Trd, 258309.367, 140
Trd, 258309.400, 138
Trd, 258310.133, 123
Trd, 258311.400, 129
Trd, 258311.633, 128
Trd, 258311.667, 127
Trd, 258312.900, 140
Trd, 258312.967, 140
Trd, 258315.433, 140
Trd, 258315.800, 140
Trd, 258316.033, 140
Trd, 258316.267, 140
Trd, 258316.967, 140
Trd, 258317.500, 140
Trd, 258319.300, 140
Trd, 258319.367, 140
Trd, 258319.433, 140
Trd, 258319.733, 140
Trd, 258319.933, 138
Trd, 258320.467, 140
Trd, 258320.633, 140
Trd, 258320.767, 140
Trd, 258321.033, 103
Trd, 258321.667, 125
Trd, 258321.800, 95
Trd, 258322.167, 134
Trd, 258322.667, 113
Trd, 258323.033, 135
Trd, 258323.600, 61
Trd, 258324.200, 120
Trd, 258324.433, 121
Trd, 258324.533, 120
Trd, 258325.267, 125
Trd, 258325.467, 119
Trd, 258326.000, 100
Trd, 258326.233, 122
Trd, 258326.333, 99
Trd, 258326.800, 99
Trd, 258327.300, 98
Trd, 258328.067, 107
Trd, 258328.733, 118
Trd, 258329.367, 119
Trd, 258329.533, 118
Trd, 258329.567, 117
Trd, 258329.900, 116
Trd, 258330.467, 107
Trd, 258330.733, 117
Trd, 258332.133, 63
Trd, 258332.433, 60
Trd, 258332.600, 60
Trd, 258332.700, 64
Trd, 258333.100, 61
Trd, 258333.500, 63
Trd, 258333.933, 61
Trd, 258334.100, 60
Trd, 258335.433, 60
Trd, 258335.467, 60
Trd, 258335.500, 60
Trd, 258336.200, 60
Trd, 258336.433, 60
Trd, 258337.133, 62
Trd, 258337.167, 64
Trd, 258337.200, 61
Trd, 258337.267, 65
Trd, 258337.633, 66
Trd, 258338.200, 63
Trd, 258338.400, 63
Trd, 258338.433, 63
Trd, 258338.567, 120
Trd, 258338.733, 60
Trd, 258339.833, 60
Trd, 258340.033, 61
Trd, 258340.333, 134
Trd, 258342.067, 91
Trd, 258342.500, 115
Trd, 258342.667, 116
Trd, 258343.100, 99
Trd, 258343.400, 99
Trd, 258344.067, 101
Trd, 258344.267, 114
Trd, 258344.700, 113
Trd, 258344.967, 113
Trd, 258345.067, 115
Trd, 258345.200, 114
Trd, 258345.433, 112
Trd, 258345.700, 103
Trd, 258346.967, 60
Trd, 258347.033, 61
Trd, 258347.200, 67
Trd, 258347.433, 65
Trd, 258348.400, 60
Trd, 258348.600, 60
Trd, 258348.633, 60
Trd, 258348.800, 61
Trd, 258350.233, 107
Trd, 258350.367, 106
Trd, 258350.900, 112
Trd, 258352.633, 140
Trd, 258352.667, 140
Trd, 258352.867, 140
Trd, 258352.967, 140
Trd, 258353.333, 140
Trd, 258353.567, 140
Trd, 258354.867, 140
Trd, 258354.967, 134
Trd, 258355.067, 135
Trd, 258355.700, 136
Trd, 258356.367, 139
Trd, 258356.533, 138
Trd, 258357.200, 139
Trd, 258357.333, 138
Trd, 258358.433, 137
Trd, 258359.967, 139
Trd, 258360.300, 140
Trd, 258360.500, 140
Trd, 258360.567, 140
Trd, 258360.800, 140
Trd, 258361.600, 135
Trd, 258361.867, 125
Trd, 258362.567, 104
Trd, 258362.667, 118
Trd, 258362.833, 103
Trd, 258362.933, 91
Trd, 258363.600, 140
Trd, 258363.667, 89
Trd, 258365.033, 75
Trd, 258365.267, 75
Trd, 258365.500, 73
Trd, 258366.033, 75
Trd, 258366.100, 84
Trd, 258367.567, 94
Trd, 258367.867, 103
Trd, 258367.900, 96
Trd, 258368.267, 67
Trd, 258369.833, 60
Trd, 258370.633, 60
Trd, 258371.333, 60
Trd, 258371.700, 60
Trd, 258372.467, 60
Trd, 258372.800, 61
Trd, 258372.867, 60
Trd, 258373.100, 61
Trd, 258373.367, 61
Trd, 258373.833, 64
Trd, 258374.000, 67
Trd, 258374.333, 64
Trd, 258374.800, 62
Trd, 258375.267, 117
Trd, 258375.900, 61
Trd, 258376.500, 60
Trd, 258376.533, 61
Trd, 258376.833, 66
Trd, 258377.867, 65
Trd, 258378.133, 72
Trd, 258378.333, 67
Trd, 258379.000, 82
Trd, 258379.367, 70
Trd, 258380.033, 108
Trd, 258380.433, 107
Trd, 258381.567, 106
Trd, 258381.933, 108
Trd, 258382.200, 107
Trd, 258382.333, 106
Trd, 258382.700, 109
Trd, 258382.900, 115
Trd, 258382.933, 96
Trd, 258383.067, 95
Trd, 258383.300, 70
Trd, 258383.900, 66
Trd, 258385.400, 60
Trd, 258386.633, 60
Trd, 258387.067, 60
Trd, 258387.367, 61
Trd, 258387.700, 65
Trd, 258387.767, 66
Trd, 258387.967, 66
Trd, 258388.033, 65
Trd, 258388.167, 64
Trd, 258388.467, 63
Trd, 258389.700, 62
Trd, 258390.067, 61
Trd, 258390.833, 60
Trd, 258391.000, 60
Trd, 258391.367, 60
Trd, 258391.400, 60
Trd, 258392.400, 60
Trd, 258392.533, 60
Trd, 258392.633, 60
Trd, 258393.000, 61
Trd, 258393.267, 63
Trd, 258393.467, 64
Trd, 258393.767, 64
Trd, 258394.800, 62
Trd, 258395.500, 60
Trd, 258396.067, 60
Trd, 258396.333, 61
Trd, 258396.933, 64
Trd, 258397.333, 110
Trd, 258397.933, 140
Trd, 258398.433, 68
Trd, 258398.467, 67
Trd, 258398.700, 139
Trd, 258399.200, 123
Trd, 258400.400, 140
Trd, 258401.633, 140
Trd, 258402.600, 140
Trd, 258402.933, 140
Trd, 258403.300, 140
Trd, 258403.767, 140
Trd, 258405.067, 140
Trd, 258406.200, 140
Trd, 258407.467, 140
Trd, 258407.700, 140
Trd, 258408.933, 140
Trd, 258409.267, 140
Trd, 258409.433, 140
Trd, 258409.567, 140
Trd, 258409.600, 140
Trd, 258409.800, 140
Trd, 258409.933, 140
Trd, 258411.433, 140
Trd, 258412.200, 139
Trd, 258412.467, 140
Trd, 258413.233, 140
Trd, 258413.633, 140
Trd, 258413.900, 140
Trd, 258414.400, 140
Trd, 258414.733, 140
Trd, 258414.800, 140
Trd, 258415.300, 140
Trd, 258416.100, 140
Trd, 258416.167, 140
Trd, 258416.500, 140
Trd, 258416.800, 140
Trd, 258417.333, 138
Trd, 258417.500, 136
Trd, 258418.300, 140
Trd, 258418.600, 117
Trd, 258418.700, 116
Trd, 258419.600, 112
Trd, 258419.633, 105
Trd, 258419.733, 82
Trd, 258420.167, 78
Trd, 258420.200, 67
Trd, 258421.800, 140
Trd, 258422.467, 140
Trd, 258422.567, 111
Trd, 258422.633, 110
Trd, 258423.000, 110
Trd, 258423.267, 140
Trd, 258423.933, 113
Trd, 258424.600, 134
Trd, 258424.800, 116
Trd, 258425.700, 120
Trd, 258425.833, 133
Trd, 258426.233, 135
Trd, 258426.833, 125
Trd, 258427.000, 140
Trd, 258427.200, 140
Trd, 258427.333, 124
Trd, 258428.433, 140
Trd, 258428.533, 140
Trd, 258428.733, 140
Trd, 258429.100, 139
Trd, 258429.933, 140
Trd, 258430.067, 127
Trd, 258430.667, 127
Trd, 258431.333, 128
Trd, 258432.300, 140
Trd, 258433.800, 140
Trd, 258433.900, 140
Trd, 258434.100, 140
Trd, 258434.300, 140
Trd, 258434.400, 139
Trd, 258434.967, 140
Trd, 258437.300, 140
Trd, 258437.667, 140
Trd, 258438.000, 140
Trd, 258438.067, 140
Trd, 258438.867, 140
Trd, 258439.633, 140
Trd, 258439.733, 115
Trd, 258440.133, 138
Trd, 258440.633, 138
Trd, 258440.667, 137
Trd, 258440.900, 139
Trd, 258441.533, 136
Trd, 258441.667, 63
Trd, 258441.733, 79
Trd, 258441.800, 137
Trd, 258443.067, 86
Trd, 258443.267, 88
Trd, 258444.633, 60
Trd, 258445.433, 60
Trd, 258445.467, 60
Trd, 258445.567, 62
Trd, 258446.233, 62
Trd, 258446.700, 64
Trd, 258446.967, 67
Trd, 258447.400, 64
Trd, 258448.233, 66
Trd, 258448.600, 67
Trd, 258448.667, 69
Trd, 258448.800, 69
Trd, 258448.900, 64
Trd, 258449.100, 63
Trd, 258450.500, 119
Trd, 258451.533, 60
Trd, 258451.933, 61
Trd, 258453.367, 61
Trd, 258453.467, 61
Trd, 258453.500, 62
Trd, 258453.600, 61
Trd, 258453.767, 62
Trd, 258454.067, 60
Trd, 258454.433, 62
Trd, 258454.833, 62
Trd, 258455.033, 63
Trd, 258455.267, 65
Trd, 258455.800, 60
Trd, 258456.767, 61
Trd, 258457.033, 62
Trd, 258458.133, 63
Trd, 258458.333, 66
Trd, 258458.467, 66
Trd, 258458.900, 67
Trd, 258459.200, 71
Trd, 258459.333, 67
Trd, 258459.600, 68
Trd, 258459.700, 79
Trd, 258460.033, 69
Trd, 258460.367, 81
Trd, 258460.600, 72
Trd, 258461.633, 123
Trd, 258461.833, 122
Trd, 258462.267, 71
Trd, 258464.167, 138
Trd, 258464.267, 138
Trd, 258464.633, 138
Trd, 258464.667, 136
Trd, 258465.033, 106
Trd, 258466.633, 140
Trd, 258467.567, 136
Trd, 258467.600, 135
Trd, 258467.867, 136
Trd, 258468.200, 115
Trd, 258468.267, 105
Trd, 258469.100, 140
Trd, 258469.133, 140
Trd, 258470.067, 128
Trd, 258470.167, 127
Trd, 258470.367, 126
Trd, 258471.100, 125
Trd, 258471.833, 134
Trd, 258472.200, 125
Trd, 258473.300, 140
Trd, 258473.433, 140
Trd, 258474.033, 140
Trd, 258474.333, 140
Trd, 258475.433, 140
Trd, 258475.600, 140
Trd, 258475.767, 138
Trd, 258476.567, 117
Trd, 258477.100, 122
Trd, 258478.000, 123
Trd, 258478.233, 101
Trd, 258478.633, 131
Trd, 258478.867, 134
Trd, 258479.000, 130
Trd, 258479.867, 140
Trd, 258480.033, 140
Trd, 258482.200, 140
Trd, 258482.533, 140
Trd, 258483.167, 140
Trd, 258483.233, 140
Trd, 258484.233, 140
Trd, 258484.833, 139
Trd, 258485.233, 138
Trd, 258485.933, 139
Trd, 258486.233, 133
Trd, 258486.667, 106
Trd, 258486.933, 100
Trd, 258488.100, 140
Trd, 258488.167, 140
Trd, 258488.633, 140
Trd, 258489.133, 140
Trd, 258489.233, 140
Trd, 258489.467, 140
Trd, 258490.233, 140
Trd, 258490.600, 140
Trd, 258490.667, 138
Trd, 258490.933, 118
Trd, 258491.567, 139
Trd, 258492.367, 135
Trd, 258492.433, 127
Trd, 258492.633, 117
Trd, 258493.033, 110
Trd, 258494.133, 140
Trd, 258494.500, 81
Trd, 258494.700, 74
Trd, 258495.467, 73
Trd, 258495.700, 75
Trd, 258496.333, 64
Trd, 258496.700, 67
Trd, 258498.500, 60
Trd, 258498.600, 60
Trd, 258498.667, 60
Trd, 258498.767, 60
Trd, 258499.200, 62
Trd, 258499.567, 63
Trd, 258499.933, 64
Trd, 258500.133, 125
Trd, 258500.367, 65
Trd, 258500.667, 67
Trd, 258501.433, 63
Trd, 258502.033, 85
Trd, 258502.467, 61
Trd, 258502.800, 62
Trd, 258503.100, 62
Trd, 258503.133, 63
Trd, 258503.533, 97
Trd, 258503.800, 80
Trd, 258504.033, 79
Trd, 258505.067, 71
Trd, 258505.767, 69
Trd, 258505.933, 69
Trd, 258507.567, 60
Trd, 258508.633, 60
Trd, 258508.800, 60
Trd, 258510.000, 60
Trd, 258510.267, 60
Trd, 258510.367, 60
Trd, 258511.033, 60
Trd, 258511.067, 60
Trd, 258511.233, 60
Trd, 258511.267, 60
Trd, 258511.367, 62
Trd, 258511.600, 63
Trd, 258511.767, 62
Trd, 258512.133, 61
Trd, 258512.333, 62
Trd, 258513.267, 60
Trd, 258513.800, 60
Trd, 258513.900, 61
Trd, 258514.467, 61
Trd, 258515.367, 66
Trd, 258517.233, 60
Trd, 258517.667, 70
Trd, 258518.033, 71
Trd, 258518.067, 69
Trd, 258518.567, 72
Trd, 258518.767, 84
Trd, 258519.567, 65
Trd, 258519.867, 110
Trd, 258520.067, 103
Trd, 258520.133, 103
Trd, 258520.567, 111
Trd, 258520.700, 115
Trd, 258521.167, 103
Trd, 258521.233, 103
Trd, 258521.500, 102
Trd, 258522.700, 140
Trd, 258523.333, 140
Trd, 258524.800, 140
Trd, 258524.867, 140
Trd, 258525.167, 140
Trd, 258525.567, 140
Trd, 258525.600, 140
Trd, 258525.767, 139
Trd, 258526.000, 138
Trd, 258526.233, 130
Trd, 258526.367, 79
Trd, 258526.733, 67
Trd, 258527.400, 139
Trd, 258528.200, 85
Trd, 258530.233, 124
Trd, 258530.733, 121
Trd, 258530.933, 116
Trd, 258531.067, 114
Trd, 258531.367, 122
Trd, 258531.467, 116
Trd, 258531.833, 120
Trd, 258531.867, 115
Trd, 258532.300, 114
Trd, 258532.900, 122
Trd, 258532.933, 89
Trd, 258533.600, 140
Trd, 258534.533, 137
Trd, 258534.567, 136
Trd, 258535.200, 97
Trd, 258535.633, 96
Trd, 258537.567, 140
Trd, 258537.967, 140
Trd, 258538.100, 140
Trd, 258538.233, 140
Trd, 258538.567, 140
Trd, 258538.700, 137
Trd, 258540.367, 136
Trd, 258540.400, 134
Trd, 258540.567, 113
Trd, 258541.600, 119
Trd, 258542.233, 119
Trd, 258542.333, 117
Trd, 258542.633, 108
Trd, 258543.967, 140
Trd, 258545.200, 140
Trd, 258545.500, 140
Trd, 258545.833, 140
Trd, 258547.000, 140
Trd, 258547.133, 140
Trd, 258548.433, 140
Trd, 258548.567, 140
Trd, 258549.067, 140
Trd, 258549.567, 140
Trd, 258550.767, 140
Trd, 258551.133, 140
Trd, 258551.333, 140
Trd, 258551.367, 140
Trd, 258551.400, 139
Trd, 258552.767, 140
Trd, 258553.367, 140
Trd, 258553.900, 140
Trd, 258553.967, 140
Trd, 258554.200, 140
Trd, 258554.367, 140
Trd, 258554.567, 139
Trd, 258554.767, 120
Trd, 258556.867, 122
Trd, 258557.100, 116
Trd, 258558.233, 121
Trd, 258558.267, 120
Trd, 258559.100, 118
Trd, 258559.567, 122
Trd, 258559.733, 121
Trd, 258560.000, 118
Trd, 258560.033, 107
Trd, 258560.200, 122
Trd, 258560.800, 107
Trd, 258560.967, 77
Trd, 258561.167, 114
Trd, 258561.767, 60
Trd, 258562.267, 60
Trd, 258562.833, 60
Trd, 258563.700, 63
Trd, 258563.800, 65
Trd, 258563.967, 122
Trd, 258564.033, 60
Trd, 258564.533, 68
Trd, 258564.600, 67
Trd, 258564.667, 63
Trd, 258565.900, 134
Trd, 258566.000, 133
Trd, 258566.300, 134
Trd, 258566.833, 135
Trd, 258567.800, 136
Trd, 258567.833, 134
Trd, 258568.033, 100
Trd, 258570.367, 140
Trd, 258570.467, 140
Trd, 258570.600, 140
Trd, 258570.767, 139
Trd, 258571.633, 140
Trd, 258571.667, 117
Trd, 258572.167, 139
Trd, 258574.467, 119
Trd, 258575.000, 135
Trd, 258575.233, 136
Trd, 258575.300, 124
Trd, 258575.400, 123
Trd, 258575.800, 120
Trd, 258576.400, 120
Trd, 258577.067, 121
Trd, 258577.800, 123
Trd, 258578.600, 127
Trd, 258579.167, 124
Trd, 258579.400, 125
Trd, 258579.633, 125
Trd, 258579.667, 128
Trd, 258579.700, 124
Trd, 258580.067, 92
Trd, 258581.133, 117
Trd, 258581.567, 93
Trd, 258581.600, 92
Trd, 258581.800, 88
Trd, 258582.067, 87
Trd, 258582.133, 85
Trd, 258582.733, 84
Trd, 258584.467, 95
Trd, 258585.167, 118
Trd, 258585.200, 119
Trd, 258585.300, 108
Trd, 258585.733, 108
Trd, 258586.367, 112
Trd, 258587.167, 114
Trd, 258587.233, 113
Trd, 258587.300, 115
Trd, 258587.933, 114
Trd, 258588.200, 140
Trd, 258588.333, 140
Trd, 258588.400, 121
Trd, 258589.667, 139
Trd, 258589.800, 128
Trd, 258590.633, 123
Trd, 258590.733, 135
Trd, 258592.133, 140
Trd, 258592.300, 140
Trd, 258593.067, 140
Trd, 258593.333, 140
Trd, 258593.667, 140
Trd, 258593.767, 140
Trd, 258594.000, 140
Trd, 258594.067, 140
Trd, 258594.200, 140
Trd, 258594.267, 133
Trd, 258594.333, 116
Trd, 258596.600, 83
Trd, 258597.400, 140
Trd, 258597.800, 101
Trd, 258597.900, 100
Trd, 258598.333, 87
Trd, 258598.567, 85
Trd, 258598.967, 85
Trd, 258600.467, 140
Trd, 258600.867, 140
Trd, 258601.233, 140
Trd, 258601.833, 125
Trd, 258603.600, 140
Trd, 258604.267, 140
Trd, 258604.833, 140
Trd, 258605.967, 140
Trd, 258606.067, 132
Trd, 258606.200, 127
Trd, 258606.700, 127
Trd, 258606.900, 117
Trd, 258607.133, 108
Trd, 258607.500, 121
Trd, 258608.133, 71
Trd, 258609.100, 140
Trd, 258609.567, 140
Trd, 258609.867, 140
Trd, 258609.900, 140
Trd, 258610.200, 139
Trd, 258611.300, 140
Trd, 258611.633, 140
Trd, 258611.900, 140
Trd, 258612.433, 140
Trd, 258612.567, 140
Trd, 258613.167, 139
Trd, 258613.733, 136
Trd, 258613.867, 138
Trd, 258614.400, 136
Trd, 258614.633, 136
Trd, 258615.167, 139
Trd, 258615.600, 106
Trd, 258616.133, 97
Trd, 258616.200, 84
Trd, 258616.467, 132
Trd, 258617.200, 67
Trd, 258617.267, 65
Trd, 258617.767, 94
Trd, 258618.467, 67
Trd, 258619.700, 140
Trd, 258620.600, 140
Trd, 258621.100, 140
Trd, 258622.333, 140
Trd, 258622.933, 140
Trd, 258624.267, 140
Trd, 258624.367, 140
Trd, 258625.033, 140
Trd, 258625.233, 140
Trd, 258625.633, 139
Trd, 258626.433, 140
Trd, 258627.233, 140
Trd, 258627.967, 140
Trd, 258628.867, 140
Trd, 258629.133, 140
Trd, 258629.733, 140
Trd, 258629.867, 140
Trd, 258629.933, 139
Trd, 258630.533, 140
Trd, 258630.700, 140
Trd, 258630.967, 114
Trd, 258631.000, 101
Trd, 258631.367, 64
Trd, 258631.633, 61
Trd, 258632.433, 60
Trd, 258633.400, 60
Trd, 258633.900, 60
Trd, 258634.167, 60
Trd, 258634.733, 60
Trd, 258635.200, 61
Trd, 258635.267, 62
Trd, 258635.600, 66
Trd, 258635.933, 139
Trd, 258636.033, 100
Trd, 258636.100, 68
Trd, 258636.533, 97
Trd, 258637.933, 111
Trd, 258638.033, 110
Trd, 258638.267, 109
Trd, 258638.433, 119
Trd, 258638.867, 131
Trd, 258640.000, 140
Trd, 258641.200, 140
Trd, 258641.300, 140
Trd, 258641.767, 140
Trd, 258642.233, 140
Trd, 258642.333, 140
Trd, 258643.233, 140
Trd, 258643.267, 140
Trd, 258643.300, 140
Trd, 258644.467, 95
Trd, 258644.700, 96
Trd, 258645.133, 96
Trd, 258645.833, 120
Trd, 258646.167, 127
Trd, 258646.233, 120
Trd, 258646.500, 127
Trd, 258647.100, 127
Trd, 258647.433, 111
Trd, 258648.367, 123
Trd, 258648.433, 126
Trd, 258649.033, 119
Trd, 258649.167, 118
Trd, 258650.467, 140
Trd, 258650.633, 140
Trd, 258650.767, 140
Trd, 258651.067, 116
Trd, 258651.233, 79
Trd, 258651.333, 82
Trd, 258652.067, 73
Trd, 258652.300, 70
Trd, 258652.700, 72
Trd, 258652.800, 71
Trd, 258652.867, 71
Trd, 258653.033, 70
Trd, 258653.700, 63
Trd, 258654.233, 65
Trd, 258654.800, 61
Trd, 258655.100, 61
Trd, 258655.533, 60
Trd, 258656.600, 61
Trd, 258656.733, 61
Trd, 258657.167, 66
Trd, 258657.267, 126
Trd, 258657.333, 61
Trd, 258657.933, 67
Trd, 258658.067, 111
Trd, 258659.000, 66
Trd, 258659.567, 100
Trd, 258659.633, 123
Trd, 258660.533, 70
Trd, 258660.767, 76
Trd, 258661.000, 111
Trd, 258661.600, 72
Trd, 258661.733, 71
Trd, 258662.733, 75
Trd, 258663.000, 76
Trd, 258663.267, 78
Trd, 258663.300, 81
Trd, 258663.400, 75
Trd, 258663.867, 74
Trd, 258663.967, 80
Trd, 258665.600, 135
Trd, 258666.300, 137
Trd, 258666.767, 139
Trd, 258667.633, 140
Trd, 258668.067, 140
Trd, 258668.667, 140
Trd, 258669.467, 140
Trd, 258670.033, 140
Trd, 258670.433, 140
Trd, 258670.767, 140
Trd, 258670.867, 140
Trd, 258670.967, 130
Trd, 258672.167, 136
Trd, 258672.233, 120
Trd, 258672.267, 119
Trd, 258673.433, 134
Trd, 258674.000, 134
Trd, 258674.767, 139
Trd, 258674.867, 139
Trd, 258675.033, 138
Trd, 258675.133, 113
Trd, 258675.333, 109
Trd, 258676.333, 128
Trd, 258677.667, 123
Trd, 258677.833, 92
Trd, 258678.600, 126
Trd, 258679.667, 140
Trd, 258680.400, 140
Trd, 258680.600, 140
Trd, 258680.633, 140
Trd, 258680.933, 140
Trd, 258681.133, 139
Trd, 258681.567, 128
Trd, 258682.233, 133
Trd, 258684.833, 140
Trd, 258685.133, 140
Trd, 258685.400, 140
Trd, 258685.500, 140
Trd, 258686.333, 140
Trd, 258686.500, 140
Trd, 258686.633, 140
Trd, 258686.767, 140
Trd, 258686.900, 139
Trd, 258687.633, 119
Trd, 258688.533, 137
Trd, 258689.167, 133
Trd, 258690.367, 140
Trd, 258690.600, 140
Trd, 258691.167, 140
Trd, 258691.267, 140
Trd, 258691.833, 135
Trd, 258693.133, 136
Trd, 258693.533, 138
Trd, 258694.267, 140
Trd, 258694.500, 140
Trd, 258695.100, 140
Trd, 258695.500, 140
Trd, 258696.067, 124
Trd, 258696.333, 102
Trd, 258697.533, 103
Trd, 258697.633, 93
Trd, 258697.733, 92
Trd, 258697.900, 139
Trd, 258699.567, 82
Trd, 258700.100, 89
Trd, 258700.167, 127
Trd, 258700.600, 77
Trd, 258700.833, 87
Trd, 258701.167, 79
Trd, 258701.267, 79
Trd, 258701.533, 87
Trd, 258701.567, 77
Trd, 258701.600, 88
Trd, 258702.333, 87
Trd, 258704.167, 60
Trd, 258704.533, 60
Trd, 258705.333, 60
Trd, 258705.633, 60
Trd, 258705.733, 60
Trd, 258705.833, 60
Trd, 258705.867, 65
Trd, 258706.567, 61
Trd, 258706.833, 64
Trd, 258706.933, 61
Trd, 258706.967, 69
Trd, 258707.500, 87
Trd, 258707.667, 87
Trd, 258708.067, 115
Trd, 258708.267, 74
Trd, 258710.633, 60
Trd, 258711.033, 61
Trd, 258711.367, 62
Trd, 258712.200, 60
Trd, 258712.433, 60
Trd, 258712.533, 60
Trd, 258712.933, 60
Trd, 258713.000, 60
Trd, 258713.400, 60
Trd, 258714.100, 63
Trd, 258714.467, 61
Trd, 258714.500, 66
Trd, 258714.900, 63
Trd, 258715.600, 68
Trd, 258715.800, 67
Trd, 258715.833, 68
Trd, 258716.000, 70
Trd, 258716.133, 63
Trd, 258716.967, 63
Trd, 258717.967, 60
Trd, 258718.200, 61
Trd, 258718.633, 60
Trd, 258719.500, 60
Trd, 258720.533, 60
Trd, 258720.767, 61
Trd, 258721.367, 60
Trd, 258722.200, 60
Trd, 258723.267, 60
Trd, 258723.333, 60
Trd, 258723.400, 61
Trd, 258723.567, 63
Trd, 258723.800, 63
Trd, 258724.233, 65
Trd, 258724.533, 67
Trd, 258724.900, 66
Trd, 258725.067, 68
Trd, 258725.167, 64
Trd, 258726.200, 80
Trd, 258726.800, 82
Trd, 258726.900, 71
Trd, 258727.533, 75
Trd, 258727.900, 75
Trd, 258727.967, 61
Trd, 258728.433, 80
Trd, 258729.133, 79
Trd, 258729.567, 62
Trd, 258730.700, 62
Trd, 258731.900, 63
Trd, 258732.300, 63
Trd, 258732.467, 63
Trd, 258732.500, 64
Trd, 258732.567, 61
Trd, 258733.133, 62
Trd, 258733.733, 64
Trd, 258733.933, 83
Trd, 258734.033, 63
Trd, 258734.867, 123
Trd, 258735.200, 89
Trd, 258735.433, 68
Trd, 258735.633, 67
Trd, 258735.767, 122
Trd, 258737.400, 109
Trd, 258737.600, 78
Trd, 258737.800, 110
Trd, 258737.867, 75
Trd, 258737.900, 74
Trd, 258738.133, 71
Trd, 258738.267, 114
Trd, 258738.567, 87
Trd, 258740.233, 140
Trd, 258740.267, 140
Trd, 258740.433, 140
Trd, 258740.867, 139
Trd, 258740.900, 117
Trd, 258741.633, 115
Trd, 258741.867, 111
Trd, 258744.433, 122
Trd, 258744.633, 132
Trd, 258745.567, 139
Trd, 258746.567, 140
Trd, 258746.933, 140
Trd, 258747.033, 140
Trd, 258747.400, 140
Trd, 258747.767, 140
Trd, 258748.200, 140
Trd, 258748.433, 140
Trd, 258749.167, 129
Trd, 258749.533, 139
Trd, 258750.000, 128
Trd, 258751.267, 133
Trd, 258751.900, 131
Trd, 258752.067, 131
Trd, 258752.400, 131
Trd, 258752.500, 132
Trd, 258752.533, 130
Trd, 258753.233, 130
Trd, 258753.367, 106
Trd, 258753.533, 133
Trd, 258754.067, 100
Trd, 258755.533, 140
Trd, 258755.833, 140
Trd, 258756.267, 140
Trd, 258756.400, 140
Trd, 258756.733, 126
Trd, 258756.967, 111
Trd, 258758.000, 140
Trd, 258759.100, 140
Trd, 258759.467, 140
Trd, 258760.100, 140
Trd, 258760.200, 140
Trd, 258760.667, 138
Trd, 258760.833, 123
Trd, 258761.467, 136
Trd, 258761.900, 135
Trd, 258762.067, 134
Trd, 258762.233, 135
Trd, 258762.967, 127
Trd, 258763.133, 98
Trd, 258763.467, 133
Trd, 258764.400, 99
Trd, 258764.900, 98
Trd, 258765.200, 93
Trd, 258766.833, 60
Trd, 258767.167, 60
Trd, 258767.500, 60
Trd, 258769.000, 60
Trd, 258769.267, 60
Trd, 258769.333, 60
Trd, 258769.600, 60
Trd, 258769.667, 60
Trd, 258769.900, 60
Trd, 258770.033, 64
Trd, 258770.500, 100
Trd, 258770.800, 63
Trd, 258771.267, 64
Trd, 258771.533, 64
Trd, 258771.667, 115
Trd, 258771.833, 65
Trd, 258772.333, 125
Trd, 258773.833, 60
Trd, 258774.100, 61
Trd, 258775.200, 60
Trd, 258775.533, 60
Trd, 258777.033, 60
Trd, 258777.167, 60
Trd, 258777.233, 60
Trd, 258777.300, 60
Trd, 258777.567, 60
Trd, 258778.133, 60
Trd, 258778.933, 61
Trd, 258778.967, 62
Trd, 258779.133, 63
Trd, 258779.233, 62
Trd, 258779.700, 61
Trd, 258779.967, 61
Trd, 258780.300, 62
Trd, 258780.533, 63
Trd, 258780.600, 75
Trd, 258780.733, 62
Trd, 258781.467, 73
Trd, 258781.933, 104
Trd, 258781.967, 102
Trd, 258782.867, 60
Trd, 258783.700, 99
Trd, 258783.900, 62
Trd, 258784.900, 65
Trd, 258785.200, 64
Trd, 258785.533, 63
Trd, 258785.700, 61
Trd, 258785.933, 97
Trd, 258786.300, 104
Trd, 258786.733, 60
Trd, 258787.833, 65
Trd, 258788.067, 132
Trd, 258788.900, 117
Trd, 258788.933, 119
Trd, 258789.067, 113
Trd, 258789.200, 114
Trd, 258789.300, 114
Trd, 258789.467, 113
Trd, 258790.133, 103
Trd, 258790.400, 97
Trd, 258791.900, 131
Trd, 258793.167, 130
Trd, 258793.233, 140
Trd, 258793.367, 129
Trd, 258795.167, 140
Trd, 258795.667, 140
Trd, 258796.300, 140
Trd, 258797.100, 140
Trd, 258797.567, 140
Trd, 258797.633, 140
Trd, 258798.033, 140
Trd, 258798.067, 140
Trd, 258798.400, 140
Trd, 258801.600, 140
Trd, 258801.700, 140
Trd, 258801.867, 140
Trd, 258802.633, 140
Trd, 258802.667, 140
Trd, 258803.500, 140
Trd, 258804.000, 140
Trd, 258804.300, 139
Trd, 258806.800, 140
Trd, 258807.167, 136
Trd, 258808.167, 137
Trd, 258808.633, 136
Trd, 258808.667, 135
Trd, 258809.067, 135
Trd, 258809.367, 134
Trd, 258809.567, 133
Trd, 258809.667, 136
Trd, 258809.733, 129
Trd, 258809.933, 128
Trd, 258810.267, 124
Trd, 258810.700, 132
Trd, 258811.567, 91
Trd, 258812.233, 112
Trd, 258813.133, 98
Trd, 258813.933, 117
Trd, 258814.000, 98
Trd, 258814.733, 103
Trd, 258815.033, 115
Trd, 258815.267, 104
Trd, 258815.300, 115
Trd, 258816.300, 114
Trd, 258816.733, 139
Trd, 258816.933, 138
Trd, 258817.367, 119
Trd, 258817.833, 120
Trd, 258818.433, 118
Trd, 258819.500, 140
Trd, 258820.067, 140
Trd, 258820.233, 140
Trd, 258820.367, 120
Trd, 258821.267, 140
Trd, 258822.067, 140
Trd, 258822.100, 140
Trd, 258822.400, 140
Trd, 258822.433, 140
Trd, 258823.100, 140
Trd, 258823.333, 140
Trd, 258825.067, 140
Trd, 258825.300, 140
Trd, 258825.367, 140
Trd, 258826.433, 138
Trd, 258828.167, 140
Trd, 258828.267, 140
Trd, 258828.333, 140
Trd, 258828.600, 136
Trd, 258828.700, 135
Trd, 258829.033, 138
Trd, 258829.967, 136
Trd, 258830.000, 136
Trd, 258830.333, 136
Trd, 258830.500, 137
Trd, 258830.933, 102
Trd, 258831.167, 78
Trd, 258831.933, 82
Trd, 258832.533, 62
Trd, 258833.467, 60
Trd, 258834.833, 60
Trd, 258835.200, 60
Trd, 258836.067, 60
Trd, 258836.100, 60
Trd, 258836.267, 61
Trd, 258836.333, 61
Trd, 258836.367, 60
Trd, 258836.433, 62
Trd, 258837.467, 61
Trd, 258837.667, 60
Trd, 258837.700, 97
Trd, 258838.633, 61
Trd, 258838.700, 61
Trd, 258838.833, 62
Trd, 258839.033, 84
Trd, 258839.867, 134
Trd, 258839.933, 96
Trd, 258840.033, 95
Trd, 258840.600, 63
Trd, 258840.867, 63
Trd, 258842.000, 60
Trd, 258842.067, 61
Trd, 258842.467, 60
Trd, 258842.767, 65
Trd, 258844.333, 62
Trd, 258844.767, 61
Trd, 258846.033, 60
Trd, 258846.600, 60
Trd, 258847.000, 60
Trd, 258847.133, 60
Trd, 258847.567, 65
Trd, 258847.700, 62
Trd, 258848.033, 64
Trd, 258848.200, 63
Trd, 258848.233, 72
Trd, 258848.500, 61
Trd, 258850.167, 65
Trd, 258850.600, 97
Trd, 258851.833, 97
Trd, 258851.900, 74
Trd, 258852.167, 75
Trd, 258852.233, 117
Trd, 258852.400, 74
Trd, 258852.467, 72
Trd, 258855.000, 138
Trd, 258855.733, 121
Trd, 258856.167, 134
Trd, 258856.433, 134
Trd, 258856.933, 125
Trd, 258857.467, 127
Trd, 258857.833, 136
Trd, 258857.967, 125
Trd, 258859.233, 125
Trd, 258859.333, 128
Trd, 258859.667, 119
Trd, 258859.900, 90
Trd, 258860.133, 126
Trd, 258860.167, 82
Trd, 258860.233, 80
Trd, 258860.567, 79
Trd, 258861.567, 121
Trd, 258863.167, 60
Trd, 258864.267, 60
Trd, 258864.467, 60
Trd, 258864.700, 60
Trd, 258865.033, 61
Trd, 258865.067, 61
Trd, 258865.267, 64
Trd, 258866.333, 67
Trd, 258867.400, 73
Trd, 258867.533, 70
Trd, 258867.767, 71
Trd, 258868.167, 71
Trd, 258868.233, 69
Trd, 258868.633, 71
Trd, 258868.700, 69
Trd, 258869.033, 65
Trd, 258869.133, 73
Trd, 258869.367, 66
Trd, 258869.900, 63
Trd, 258870.567, 66
Trd, 258871.200, 66
Trd, 258871.700, 60
Trd, 258872.367, 60
Trd, 258873.667, 60
Trd, 258873.733, 60
Trd, 258873.967, 60
Trd, 258874.400, 60
Trd, 258874.600, 60
Trd, 258875.000, 61
Trd, 258875.167, 61
Trd, 258875.333, 63
Trd, 258875.867, 64
Trd, 258876.967, 63
Trd, 258877.333, 63
Trd, 258877.800, 64
Trd, 258878.067, 63
Trd, 258878.433, 61
Trd, 258878.667, 71
Trd, 258878.700, 72
Trd, 258878.733, 105
Trd, 258878.900, 63
Trd, 258879.000, 110
Trd, 258879.467, 68
Trd, 258879.800, 65
Trd, 258880.133, 61
Trd, 258881.233, 60
Trd, 258881.433, 60
Trd, 258881.633, 60
Trd, 258881.867, 62
Trd, 258881.933, 72
Trd, 258885.167, 60
Trd, 258885.300, 60
Trd, 258886.033, 60
Trd, 258886.100, 62
Trd, 258886.300, 61
Trd, 258886.433, 63
Trd, 258886.800, 65
Trd, 258887.033, 66
Trd, 258887.233, 140
Trd, 258887.767, 76
Trd, 258888.233, 77
Trd, 258888.467, 70
Trd, 258889.133, 140
Trd, 258889.667, 140
Trd, 258890.933, 140
Trd, 258891.533, 140
Trd, 258891.700, 140
Trd, 258892.200, 140
Trd, 258892.233, 116
Trd, 258892.367, 116
Trd, 258892.467, 115
Trd, 258894.000, 138
Trd, 258894.300, 138
Trd, 258895.033, 100
Trd, 258895.100, 114
Trd, 258895.267, 84
Trd, 258895.733, 131
Trd, 258896.067, 82
Trd, 258896.867, 124
Trd, 258897.267, 125
Trd, 258898.133, 92
Trd, 258898.533, 92
Trd, 258898.933, 91
Trd, 258898.967, 113
Trd, 258899.800, 92
Trd, 258899.900, 91
Trd, 258900.200, 91
Trd, 258900.267, 112
Trd, 258900.533, 87
Trd, 258901.067, 107
Trd, 258901.800, 94
Trd, 258901.933, 104
Trd, 258902.333, 93
Trd, 258902.667, 70
Trd, 258902.733, 105
Trd, 258903.667, 66
Trd, 258904.700, 60
Trd, 258905.133, 60
Trd, 258905.167, 62
Trd, 258906.967, 60
Trd, 258907.100, 60
Trd, 258907.133, 60
Trd, 258907.467, 61
Trd, 258907.767, 63
Trd, 258907.867, 62
Trd, 258907.933, 63
Trd, 258908.533, 65
Trd, 258909.067, 66
Trd, 258909.133, 66
Trd, 258909.500, 67
Trd, 258909.767, 70
Trd, 258909.867, 82
Trd, 258909.900, 66
Trd, 258912.000, 61
Trd, 258912.233, 60
Trd, 258912.367, 60
Trd, 258912.767, 60
Trd, 258912.967, 61
Trd, 258913.300, 62
Trd, 258913.433, 115
Trd, 258913.600, 60
Trd, 258913.867, 133
Trd, 258914.067, 67
Trd, 258914.467, 60
Trd, 258915.733, 60
Trd, 258916.567, 64
Trd, 258916.867, 60
Trd, 258917.100, 66
Trd, 258917.400, 67
Trd, 258918.800, 60
Trd, 258919.167, 60
Trd, 258919.367, 60
Trd, 258919.767, 61
Trd, 258919.867, 62
Trd, 258920.333, 63
Trd, 258920.467, 65
Trd, 258920.833, 64
Trd, 258920.967, 64
Trd, 258921.333, 63
Trd, 258921.433, 64
Trd, 258921.800, 117
Trd, 258921.933, 128
Trd, 258924.267, 140
Trd, 258924.467, 140
Trd, 258925.033, 140
Trd, 258925.333, 127
Trd, 258925.800, 137
Trd, 258925.867, 136
Trd, 258926.667, 128
Trd, 258926.900, 127
Trd, 258927.533, 139
Trd, 258927.733, 138
Trd, 258928.967, 140
Trd, 258929.200, 140
Trd, 258929.300, 140
Trd, 258929.433, 139
Trd, 258930.667, 139
Trd, 258931.333, 140
Trd, 258932.700, 140
Trd, 258933.067, 140
Trd, 258933.233, 140
Trd, 258933.700, 140
Trd, 258933.967, 140
Trd, 258934.367, 140
Trd, 258934.667, 140
Trd, 258934.967, 138
Trd, 258935.200, 138
Trd, 258935.600, 123
Trd, 258935.833, 118
Trd, 258936.333, 137
Trd, 258936.467, 136
Trd, 258936.933, 137
Trd, 258937.000, 136
Trd, 258937.433, 140
Trd, 258937.467, 140
Trd, 258938.667, 138
Trd, 258939.067, 138
Trd, 258939.600, 137
Trd, 258940.533, 139
Trd, 258941.033, 139
Trd, 258943.500, 140
Trd, 258944.233, 140
Trd, 258944.300, 140
Trd, 258944.500, 140
Trd, 258945.100, 140
Trd, 258945.233, 139
Trd, 258945.400, 131
Trd, 258945.567, 121
Trd, 258945.867, 140
Trd, 258946.267, 139
Trd, 258947.067, 115
Trd, 258947.433, 130
Trd, 258947.733, 130
Trd, 258948.433, 114
Trd, 258949.333, 140
Trd, 258949.367, 140
Trd, 258949.733, 128
Trd, 258951.133, 137
Trd, 258951.467, 136
Trd, 258952.000, 111
Trd, 258952.733, 132
Trd, 258952.800, 131
Trd, 258953.133, 130
Trd, 258953.633, 130
Trd, 258953.700, 131
Trd, 258954.267, 113
Trd, 258954.867, 138
Trd, 258955.367, 115
Trd, 258956.367, 98
Trd, 258956.600, 97
Trd, 258957.200, 97
Trd, 258958.033, 136
Trd, 258958.267, 96
Trd, 258958.667, 69
Trd, 258959.233, 129
Trd, 258959.467, 127
Trd, 258959.800, 133
Trd, 258960.100, 118
Trd, 258960.400, 72
Trd, 258960.433, 70
Trd, 258960.967, 61
Trd, 258961.000, 93
Trd, 258962.600, 60
Trd, 258963.367, 60
Trd, 258964.833, 60
Trd, 258965.100, 60
Trd, 258965.600, 60
Trd, 258965.633, 60
Trd, 258965.667, 63
Trd, 258965.800, 60
Trd, 258966.433, 60
Trd, 258966.467, 62
Trd, 258966.700, 61
Trd, 258967.333, 60
Trd, 258967.533, 60
Trd, 258967.600, 61
Trd, 258967.867, 60
Trd, 258968.000, 61
Trd, 258968.267, 64
Trd, 258968.367, 66
Trd, 258969.800, 120
Trd, 258970.167, 119
Trd, 258971.100, 93
Trd, 258971.500, 98
Trd, 258971.567, 93
Trd, 258972.033, 93
Trd, 258972.067, 92
Trd, 258972.267, 105
Trd, 258972.667, 90
Trd, 258973.300, 120
Trd, 258973.667, 78
Trd, 258973.867, 81
Trd, 258974.333, 118
Trd, 258974.900, 140
Trd, 258975.300, 140
Trd, 258975.700, 140
Trd, 258975.900, 140
Trd, 258976.833, 140
Trd, 258977.033, 140
Trd, 258977.633, 140
Trd, 258978.067, 140
Trd, 258978.200, 140
Trd, 258979.067, 140
Trd, 258979.333, 140
Trd, 258980.800, 140
Trd, 258982.133, 140
Trd, 258982.400, 140
Trd, 258982.700, 140
Trd, 258982.767, 140
Trd, 258983.667, 140
Trd, 258984.867, 140
Trd, 258985.500, 140
Trd, 258985.600, 140
Trd, 258985.933, 140
Trd, 258987.267, 125
Trd, 258987.833, 124
Trd, 258987.967, 128
Trd, 258988.700, 140
Trd, 258988.767, 140
Trd, 258990.300, 140
Trd, 258990.467, 139
Trd, 258990.967, 140
Trd, 258991.333, 140
Trd, 258991.367, 139
Trd, 258991.667, 140
Trd, 258991.933, 140
Trd, 258992.233, 129
Trd, 258992.500, 130
Trd, 258992.667, 132
Trd, 258994.000, 130
Trd, 258994.833, 133
Trd, 258994.867, 132
Trd, 258995.133, 138
Trd, 258995.633, 140
Trd, 258996.367, 121
Trd, 258998.567, 132
Trd, 258999.267, 138
Trd, 258999.900, 124
Trd, 259000.033, 124
Trd, 259000.267, 127
Trd, 259000.333, 119
Trd, 259000.733, 126
Trd, 259001.033, 120
Trd, 259001.100, 128
Trd, 259001.533, 123
Trd, 259002.167, 122
Trd, 259002.333, 118
Trd, 259002.867, 99
Trd, 259003.133, 99
Trd, 259003.400, 138
Trd, 259004.733, 101
Trd, 259005.833, 125
Trd, 259006.400, 139
Trd, 259006.967, 138
Trd, 259007.367, 134
Trd, 259008.100, 135
Trd, 259008.467, 134
Trd, 259008.967, 138
Trd, 259009.233, 134
Trd, 259009.400, 114
Trd, 259009.933, 107
Trd, 259010.533, 108
Trd, 259010.567, 127
Trd, 259010.600, 133
Trd, 259012.800, 120
Trd, 259012.900, 129
Trd, 259013.467, 123
Trd, 259013.633, 121
Trd, 259013.733, 127
Trd, 259014.233, 124
Trd, 259014.467, 125
Trd, 259014.867, 123
Trd, 259015.267, 139
Trd, 259015.300, 123
Trd, 259015.600, 121
Trd, 259016.033, 130
Trd, 259016.900, 101
Trd, 259017.433, 82
Trd, 259017.567, 116
Trd, 259017.933, 93
Trd, 259018.067, 90
Trd, 259018.800, 122
Trd, 259020.433, 140
Trd, 259020.900, 140
Trd, 259021.567, 140
Trd, 259021.867, 140
Trd, 259022.000, 140
Trd, 259023.100, 140
Trd, 259023.767, 140
Trd, 259024.533, 140
Trd, 259024.600, 140
Trd, 259024.933, 140
Trd, 259025.167, 140
Trd, 259025.800, 140
Trd, 259025.833, 139
Trd, 259026.367, 134
Trd, 259026.433, 127
Trd, 259026.600, 125
Trd, 259028.300, 90
Trd, 259029.467, 140
Trd, 259029.833, 140
Trd, 259029.900, 140
Trd, 259030.033, 140
Trd, 259030.367, 140
Trd, 259030.567, 140
Trd, 259030.667, 139
Trd, 259030.800, 121
Trd, 259031.633, 114
Trd, 259031.833, 109
Trd, 259032.900, 110
Trd, 259032.967, 108
Trd, 259033.200, 134
Trd, 259033.300, 136
Trd, 259033.333, 97
Trd, 259033.767, 140
Trd, 259034.600, 74
Trd, 259035.667, 60
Trd, 259035.967, 60
Trd, 259036.133, 60
Trd, 259036.900, 60
Trd, 259037.200, 60
Trd, 259037.667, 60
Trd, 259038.900, 60
Trd, 259039.400, 60
Trd, 259040.767, 60
Trd, 259040.833, 60
Trd, 259041.700, 60
Trd, 259041.933, 60
Trd, 259042.000, 60
Trd, 259042.367, 63
Trd, 259042.800, 61
Trd, 259043.133, 61
Trd, 259043.233, 64
Trd, 259043.367, 60
Trd, 259043.533, 65
Trd, 259044.067, 62
Trd, 259044.133, 65
Trd, 259044.667, 131
Trd, 259045.067, 131
Trd, 259045.867, 132
Trd, 259046.733, 137
Trd, 259047.267, 138
Trd, 259047.833, 124
Trd, 259048.667, 74
Trd, 259048.933, 65
Trd, 259049.300, 78
Trd, 259049.600, 105
Trd, 259049.733, 106
Trd, 259050.267, 107
Trd, 259050.900, 140
Trd, 259051.600, 140
Trd, 259051.700, 140
Trd, 259052.200, 140
Trd, 259052.267, 140
Trd, 259052.333, 139
Trd, 259052.433, 138
Trd, 259053.067, 60
Trd, 259053.667, 60
Trd, 259054.033, 63
Trd, 259055.233, 60
Trd, 259055.633, 61
Trd, 259056.133, 61
Trd, 259056.500, 61
Trd, 259056.700, 62
Trd, 259056.800, 62
Trd, 259056.867, 65
Trd, 259057.300, 89
Trd, 259057.333, 61
Trd, 259059.767, 60
Trd, 259059.900, 60
Trd, 259061.133, 60
Trd, 259061.733, 60
Trd, 259061.767, 60
Trd, 259062.000, 60
Trd, 259062.233, 61
Trd, 259062.633, 60
Trd, 259062.667, 62
Trd, 259062.867, 65
Trd, 259063.100, 72
Trd, 259063.200, 61
Trd, 259063.400, 66
Trd, 259063.467, 79
Trd, 259064.267, 120
Trd, 259064.733, 117
Trd, 259064.867, 115
Trd, 259065.100, 87
Trd, 259065.367, 87
Trd, 259065.533, 69
Trd, 259067.100, 60
Trd, 259067.633, 61
Trd, 259067.933, 62
Trd, 259068.100, 61
Trd, 259068.333, 61
Trd, 259068.633, 65
Trd, 259068.767, 62
Trd, 259069.333, 63
Trd, 259069.733, 62
Trd, 259069.867, 63
Trd, 259070.467, 61
Trd, 259071.167, 60
Trd, 259071.467, 60
Trd, 259071.767, 61
Trd, 259072.567, 61
Trd, 259072.900, 63
Trd, 259073.700, 64
Trd, 259073.900, 64
Trd, 259074.200, 62
Trd, 259074.500, 63
Trd, 259074.767, 65
Trd, 259074.867, 65
Trd, 259075.300, 62
Trd, 259075.600, 63
Trd, 259075.633, 66
Trd, 259076.000, 63
Trd, 259076.100, 62
Trd, 259077.667, 60
Trd, 259077.700, 60
Trd, 259078.067, 62
Trd, 259078.967, 67
Trd, 259079.467, 63
Trd, 259079.767, 65
Trd, 259079.967, 66
Trd, 259080.167, 63
Trd, 259080.600, 66
Trd, 259080.733, 65
Trd, 259081.367, 65
Trd, 259081.767, 64
Trd, 259081.800, 66
Trd, 259082.033, 68
Trd, 259082.800, 78
Trd, 259083.033, 65
Trd, 259083.800, 70
Trd, 259084.200, 68
Trd, 259084.467, 67
Trd, 259084.667, 67
Trd, 259084.833, 66
Trd, 259085.267, 65
Trd, 259085.933, 64
Trd, 259086.533, 64
Trd, 259086.633, 65
Trd, 259087.333, 65
Trd, 259087.567, 66
Trd, 259087.667, 66
Trd, 259088.600, 98
Trd, 259088.800, 121
Trd, 259089.100, 98
Trd, 259089.200, 97
Trd, 259089.300, 96
Trd, 259089.433, 95
Trd, 259089.600, 89
Trd, 259089.900, 71
Trd, 259090.200, 89
Trd, 259091.267, 60
Trd, 259092.567, 60
Trd, 259092.733, 61
Trd, 259092.800, 72
Trd, 259093.867, 65
Trd, 259094.233, 64
Trd, 259094.500, 65
Trd, 259094.833, 66
Trd, 259095.067, 66
Trd, 259095.333, 80
Trd, 259095.400, 65
Trd, 259096.133, 81
Trd, 259096.367, 63
Trd, 259097.500, 61
Trd, 259097.967, 66
Trd, 259098.167, 65
Trd, 259099.467, 65
Trd, 259099.633, 76
Trd, 259099.800, 77
Trd, 259099.833, 63
Trd, 259100.233, 60
Trd, 259101.700, 60
Trd, 259101.833, 60
Trd, 259101.933, 60
Trd, 259101.967, 61
Trd, 259102.500, 65
Trd, 259102.567, 63
Trd, 259103.100, 64
Trd, 259103.433, 66
Trd, 259103.800, 71
Trd, 259104.233, 100
Trd, 259104.333, 92
Trd, 259104.733, 83
Trd, 259104.900, 69
Trd, 259105.533, 73
Trd, 259106.033, 96
Trd, 259106.900, 96
Trd, 259107.400, 96
Trd, 259107.500, 84
Trd, 259107.533, 84
Trd, 259107.700, 83
Trd, 259108.867, 88
Trd, 259109.200, 86
Trd, 259109.433, 88
Trd, 259109.500, 83
Trd, 259109.600, 91
Trd, 259110.467, 78
Trd, 259111.367, 79
Trd, 259111.467, 102
Trd, 259111.767, 97
Trd, 259112.800, 88
Trd, 259112.833, 86
Trd, 259113.400, 87
Trd, 259113.633, 135
Trd, 259113.967, 88
Trd, 259114.433, 105
Trd, 259114.567, 103
Trd, 259114.933, 103
Trd, 259114.967, 102
Trd, 259116.700, 121
Trd, 259117.533, 137
Trd, 259117.733, 134
Trd, 259117.900, 121
Trd, 259118.533, 133
Trd, 259118.967, 123
Trd, 259119.933, 123
Trd, 259120.400, 123
Trd, 259121.533, 123
Trd, 259122.233, 139
Trd, 259123.067, 126
Trd, 259123.333, 138
Trd, 259123.567, 126
Trd, 259123.767, 124
Trd, 259124.033, 122
Trd, 259124.533, 102
Trd, 259125.067, 102
Trd, 259125.167, 101
Trd, 259125.800, 103
Trd, 259125.900, 98
Trd, 259126.800, 99
Trd, 259126.967, 93
Trd, 259127.700, 117
Trd, 259128.267, 77
Trd, 259128.400, 78
Trd, 259128.967, 83
Trd, 259129.033, 77
Trd, 259129.600, 111
Trd, 259130.033, 78
Trd, 259130.733, 77
Trd, 259132.100, 101
Trd, 259132.267, 83
Trd, 259132.300, 82
Trd, 259132.400, 81
Trd, 259132.700, 79
Trd, 259132.967, 104
Trd, 259134.733, 104
Trd, 259136.167, 140
Trd, 259136.533, 124
Trd, 259137.500, 135
Trd, 259137.867, 135
Trd, 259138.133, 135
Trd, 259138.233, 138
Trd, 259138.867, 134
Trd, 259138.967, 134
Trd, 259139.567, 134
Trd, 259139.800, 135
Trd, 259140.033, 122
Trd, 259140.133, 136
Trd, 259140.267, 120
Trd, 259140.400, 106
Trd, 259140.533, 105
Trd, 259141.333, 139
Trd, 259142.100, 140
Trd, 259142.400, 140
Trd, 259142.667, 120
Trd, 259144.533, 139
Trd, 259145.633, 140
Trd, 259145.667, 140
Trd, 259146.833, 140
Trd, 259147.200, 140
Trd, 259147.333, 140
Trd, 259148.533, 134
Trd, 259149.233, 137
Trd, 259149.367, 135
Trd, 259149.467, 134
Trd, 259149.500, 120
Trd, 259151.467, 140
Trd, 259151.600, 129
Trd, 259152.067, 140
Trd, 259152.233, 101
Trd, 259152.467, 139
Trd, 259152.500, 109
Trd, 259153.267, 107
Trd, 259153.900, 122
Trd, 259154.100, 110
Trd, 259154.400, 112
Trd, 259155.600, 130
Trd, 259155.767, 130
Trd, 259156.400, 118
Trd, 259156.600, 118
Trd, 259156.733, 128
Trd, 259157.133, 119
Trd, 259157.233, 118
Trd, 259158.133, 120
Trd, 259158.300, 115
Trd, 259158.400, 106
Trd, 259159.233, 94
Trd, 259159.600, 92
Trd, 259160.533, 120
Trd, 259160.567, 121
Trd, 259161.067, 98
Trd, 259162.433, 140
Trd, 259162.800, 140
Trd, 259163.267, 140
Trd, 259163.500, 140
Trd, 259164.000, 140
Trd, 259164.300, 140
Trd, 259164.567, 140
Trd, 259164.667, 140
Trd, 259164.767, 140
Trd, 259164.900, 140
Trd, 259165.233, 131
Trd, 259165.700, 131
Trd, 259165.900, 130
Trd, 259166.233, 139
Trd, 259166.733, 138
Trd, 259166.967, 114
Trd, 259167.867, 128
Trd, 259168.467, 140
Trd, 259169.167, 140
Trd, 259169.733, 140
Trd, 259169.967, 140
Trd, 259170.300, 133
Trd, 259170.967, 84
Trd, 259171.200, 84
Trd, 259171.367, 83
Trd, 259172.200, 124
Trd, 259173.533, 140
Trd, 259174.033, 140
Trd, 259174.100, 140
Trd, 259174.167, 140
Trd, 259174.667, 140
Trd, 259174.867, 140
Trd, 259176.267, 60
Trd, 259176.433, 60
Trd, 259176.500, 60
Trd, 259176.700, 60
Trd, 259176.833, 61
Trd, 259176.933, 61
Trd, 259176.967, 64
Trd, 259177.333, 64
Trd, 259178.800, 139
Trd, 259179.067, 70
Trd, 259181.200, 129
Trd, 259181.633, 104
Trd, 259181.833, 124
Trd, 259182.200, 130
Trd, 259182.433, 134
Trd, 259182.467, 126
Trd, 259183.033, 126
Trd, 259183.133, 125
Trd, 259183.467, 101
Trd, 259183.500, 100
Trd, 259183.700, 133
Trd, 259184.500, 126
Trd, 259185.033, 127
Trd, 259185.567, 128
Trd, 259186.100, 131
Trd, 259186.267, 130
Trd, 259186.333, 105
Trd, 259186.733, 73
Trd, 259186.900, 64
Trd, 259187.300, 64
Trd, 259187.433, 67
Trd, 259188.200, 125
Trd, 259189.200, 120
Trd, 259190.067, 82
Trd, 259190.867, 112
Trd, 259191.200, 114
Trd, 259191.467, 113
Trd, 259191.600, 113
Trd, 259192.100, 112
Trd, 259192.300, 115
Trd, 259192.433, 62
Trd, 259193.133, 60
Trd, 259193.667, 60
Trd, 259194.033, 65
Trd, 259194.500, 60
Trd, 259195.400, 61
Trd, 259196.067, 61
Trd, 259196.300, 63
Trd, 259197.300, 63
Trd, 259197.400, 64
Trd, 259197.800, 64
Trd, 259197.867, 62
Trd, 259197.933, 61
Trd, 259198.033, 65
Trd, 259198.633, 66
Trd, 259198.700, 67
Trd, 259198.967, 123
Trd, 259199.067, 62
