Trd, 258594.800, 132
Trd, 258594.850, 140
Trd, 258595.217, 139
Trd, 258595.350, 136
Trd, 258595.433, 134
Trd, 258595.517, 136
Trd, 258595.583, 133
Trd, 258596.233, 135
Trd, 258596.383, 135
Trd, 258596.567, 136
Trd, 258596.817, 135
Trd, 258596.833, 134
Trd, 258596.983, 139
Trd, 258597.100, 133
Trd, 258597.433, 140
Trd, 258597.517, 140
Trd, 258597.750, 138
Trd, 258598.067, 116
Trd, 258598.317, 109
Trd, 258598.950, 137
Trd, 258599.450, 140
Trd, 258599.850, 140
Trd, 258600.167, 140
Trd, 258600.733, 140
Trd, 258600.783, 140
Trd, 258600.817, 140
Trd, 258600.983, 140
Trd, 258601.033, 140
Trd, 258601.050, 140
Trd, 258601.217, 139
Trd, 258601.283, 138
Trd, 258601.617, 139
Trd, 258601.750, 140
Trd, 258602.433, 140
Trd, 258602.700, 140
Trd, 258602.850, 140
Trd, 258603.550, 140
Trd, 258604.017, 140
Trd, 258604.117, 140
Trd, 258604.283, 140
Trd, 258604.567, 140
Trd, 258604.750, 140
Trd, 258605.150, 140
Trd, 258605.533, 140
Trd, 258605.717, 140
Trd, 258605.817, 140
Trd, 258605.850, 140
Trd, 258605.867, 140
Trd, 258605.950, 140
Trd, 258606.017, 140
Trd, 258606.183, 140
Trd, 258606.233, 140
Trd, 258606.300, 140
Trd, 258606.333, 139
Trd, 258606.650, 140
Trd, 258606.783, 139
Trd, 258606.867, 140
Trd, 258607.233, 140
Trd, 258607.833, 140
Trd, 258608.017, 140
Trd, 258608.217, 140
Trd, 258608.550, 140
Trd, 258608.750, 140
Trd, 258608.850, 140
Trd, 258608.900, 140
Trd, 258609.383, 140
Trd, 258610.050, 140
Trd, 258610.400, 140
Trd, 258611.083, 140
Trd, 258611.867, 140
Trd, 258612.867, 140
Trd, 258613.133, 140
Trd, 258613.333, 140
Trd, 258613.567, 140
Trd, 258613.683, 140
Trd, 258614.033, 140
Trd, 258614.150, 140
Trd, 258614.217, 140
Trd, 258614.583, 140
Trd, 258614.717, 140
Trd, 258614.767, 140
Trd, 258614.817, 140
Trd, 258614.833, 140
Trd, 258615.083, 140
Trd, 258615.483, 140
Trd, 258615.600, 140
Trd, 258615.617, 140
Trd, 258615.650, 140
Trd, 258615.667, 140
Trd, 258615.850, 140
Trd, 258616.317, 140
Trd, 258616.483, 140
Trd, 258616.767, 140
Trd, 258616.817, 140
Trd, 258617.250, 140
Trd, 258617.383, 140
Trd, 258617.550, 140
Trd, 258618.200, 140
Trd, 258618.250, 140
Trd, 258618.300, 140
Trd, 258618.317, 140
Trd, 258618.917, 140
Trd, 258618.933, 140
Trd, 258619.233, 140
Trd, 258619.617, 140
Trd, 258619.700, 140
Trd, 258620.183, 140
Trd, 258620.217, 140
Trd, 258620.267, 140
Trd, 258620.383, 140
Trd, 258620.617, 140
Trd, 258620.683, 140
Trd, 258621.150, 140
Trd, 258621.333, 140
Trd, 258622.033, 140
Trd, 258622.100, 140
Trd, 258622.133, 140
Trd, 258622.283, 140
Trd, 258622.300, 140
Trd, 258622.517, 140
Trd, 258622.583, 140
Trd, 258622.600, 140
Trd, 258623.383, 139
Trd, 258623.567, 140
Trd, 258623.767, 139
Trd, 258624.000, 140
Trd, 258624.017, 138
Trd, 258624.217, 139
Trd, 258624.467, 138
Trd, 258624.500, 139
Trd, 258625.100, 140
Trd, 258625.217, 138
Trd, 258625.533, 140
Trd, 258625.717, 140
Trd, 258625.783, 139
Trd, 258626.550, 140
Trd, 258626.683, 140
Trd, 258627.100, 140
Trd, 258627.350, 140
Trd, 258627.533, 140
Trd, 258628.333, 140
Trd, 258628.533, 140
Trd, 258628.550, 140
Trd, 258628.783, 140
Trd, 258629.000, 140
Trd, 258629.050, 140
Trd, 258629.183, 140
Trd, 258629.283, 140
Trd, 258629.350, 140
Trd, 258629.367, 139
Trd, 258629.683, 139
Trd, 258629.767, 139
Trd, 258629.917, 138
Trd, 258630.200, 118
Trd, 258630.333, 139
Trd, 258630.417, 116
Trd, 258630.450, 139
Trd, 258630.550, 76
Trd, 258630.600, 138
Trd, 258630.817, 140
Trd, 258630.933, 139
Trd, 258630.983, 139
Trd, 258631.183, 70
Trd, 258631.717, 135
Trd, 258631.733, 136
Trd, 258632.300, 135
Trd, 258632.783, 136
Trd, 258633.017, 137
Trd, 258633.367, 135
Trd, 258634.217, 130
Trd, 258634.267, 129
Trd, 258634.417, 129
Trd, 258634.750, 128
Trd, 258634.900, 128
Trd, 258635.033, 127
Trd, 258635.383, 129
Trd, 258635.567, 128
Trd, 258635.717, 131
Trd, 258636.000, 130
Trd, 258636.067, 121
Trd, 258636.400, 130
Trd, 258636.517, 121
Trd, 258636.900, 127
Trd, 258637.133, 129
Trd, 258637.267, 123
Trd, 258637.683, 125
Trd, 258637.700, 124
Trd, 258637.767, 123
Trd, 258637.867, 127
Trd, 258637.983, 125
Trd, 258638.067, 124
Trd, 258638.167, 126
Trd, 258638.233, 128
Trd, 258638.417, 113
Trd, 258638.467, 112
Trd, 258638.750, 107
Trd, 258638.800, 88
Trd, 258638.967, 77
Trd, 258638.983, 124
Trd, 258639.850, 61
Trd, 258640.033, 65
Trd, 258640.350, 81
Trd, 258640.533, 116
Trd, 258640.567, 76
Trd, 258641.250, 108
Trd, 258641.650, 108
Trd, 258641.817, 109
Trd, 258641.900, 109
Trd, 258642.017, 109
Trd, 258642.167, 109
Trd, 258642.183, 113
Trd, 258642.467, 118
Trd, 258642.483, 120
Trd, 258642.583, 109
Trd, 258642.650, 107
Trd, 258642.767, 65
Trd, 258642.783, 121
Trd, 258642.867, 80
Trd, 258643.367, 98
Trd, 258643.417, 96
Trd, 258643.600, 96
Trd, 258643.750, 96
Trd, 258643.850, 110
Trd, 258645.100, 140
Trd, 258645.400, 140
Trd, 258645.683, 140
Trd, 258645.733, 140
Trd, 258645.833, 140
Trd, 258646.150, 140
Trd, 258646.167, 140
Trd, 258647.000, 140
Trd, 258647.200, 140
Trd, 258647.300, 140
Trd, 258647.350, 140
Trd, 258647.367, 140
Trd, 258647.400, 140
Trd, 258647.550, 140
Trd, 258647.667, 140
Trd, 258647.700, 140
Trd, 258647.817, 138
Trd, 258647.950, 116
Trd, 258648.217, 137
Trd, 258648.417, 94
Trd, 258648.567, 137
Trd, 258648.900, 140
Trd, 258648.917, 137
Trd, 258649.133, 140
Trd, 258649.233, 140
Trd, 258649.783, 138
Trd, 258650.133, 139
Trd, 258650.733, 118
Trd, 258650.967, 140
Trd, 258651.100, 140
Trd, 258651.283, 140
Trd, 258651.750, 140
Trd, 258651.800, 140
Trd, 258651.917, 140
Trd, 258651.933, 140
Trd, 258652.017, 140
Trd, 258652.050, 133
Trd, 258652.167, 140
Trd, 258652.383, 130
Trd, 258652.583, 115
Trd, 258652.700, 114
Trd, 258652.917, 126
Trd, 258653.017, 126
Trd, 258653.050, 127
Trd, 258653.083, 128
Trd, 258653.367, 111
Trd, 258653.600, 110
Trd, 258653.817, 138
Trd, 258654.283, 140
Trd, 258654.450, 140
Trd, 258654.933, 140
Trd, 258654.950, 140
Trd, 258655.483, 140
Trd, 258655.567, 140
Trd, 258655.717, 140
Trd, 258656.233, 140
Trd, 258656.350, 140
Trd, 258656.533, 140
Trd, 258656.783, 140
Trd, 258657.167, 140
Trd, 258657.217, 140
Trd, 258657.267, 140
Trd, 258657.400, 140
Trd, 258657.567, 140
Trd, 258657.667, 139
Trd, 258657.733, 139
Trd, 258657.883, 140
Trd, 258658.100, 139
Trd, 258658.233, 139
Trd, 258658.517, 139
Trd, 258658.600, 139
Trd, 258658.783, 138
Trd, 258659.050, 119
Trd, 258659.083, 135
Trd, 258659.200, 118
Trd, 258659.383, 62
Trd, 258659.483, 60
Trd, 258659.533, 61
Trd, 258660.367, 60
Trd, 258660.467, 60
Trd, 258660.833, 60
Trd, 258661.000, 60
Trd, 258661.167, 61
Trd, 258661.400, 61
Trd, 258661.433, 60
Trd, 258661.583, 63
Trd, 258662.183, 65
Trd, 258662.267, 68
Trd, 258662.500, 133
Trd, 258663.150, 140
Trd, 258663.167, 140
Trd, 258663.233, 140
Trd, 258663.267, 140
Trd, 258663.333, 140
Trd, 258663.467, 140
Trd, 258663.550, 140
Trd, 258663.600, 140
Trd, 258664.050, 139
Trd, 258664.150, 139
Trd, 258664.833, 138
Trd, 258664.900, 139
Trd, 258665.033, 138
Trd, 258665.200, 137
Trd, 258665.317, 139
Trd, 258665.383, 137
Trd, 258665.467, 137
Trd, 258665.833, 140
Trd, 258666.100, 140
Trd, 258666.217, 140
Trd, 258666.267, 140
Trd, 258666.450, 140
Trd, 258666.467, 140
Trd, 258666.667, 137
Trd, 258666.800, 140
Trd, 258667.067, 140
Trd, 258667.467, 140
Trd, 258668.067, 139
Trd, 258669.000, 140
Trd, 258669.250, 140
Trd, 258669.750, 140
Trd, 258669.783, 140
Trd, 258669.933, 140
Trd, 258670.067, 140
Trd, 258670.083, 139
Trd, 258670.150, 139
Trd, 258670.383, 140
Trd, 258670.417, 139
Trd, 258670.433, 139
Trd, 258670.633, 140
Trd, 258670.817, 140
Trd, 258670.867, 140
Trd, 258670.917, 140
Trd, 258671.600, 115
Trd, 258671.833, 117
Trd, 258672.567, 120
Trd, 258672.600, 130
Trd, 258672.633, 119
Trd, 258673.567, 122
Trd, 258673.583, 120
Trd, 258673.867, 119
Trd, 258673.983, 120
Trd, 258674.050, 119
Trd, 258674.150, 118
Trd, 258674.333, 121
Trd, 258674.733, 120
Trd, 258675.150, 120
Trd, 258675.267, 121
Trd, 258675.283, 122
Trd, 258675.533, 140
Trd, 258675.550, 136
Trd, 258675.817, 133
Trd, 258675.950, 140
Trd, 258676.433, 140
Trd, 258676.717, 140
Trd, 258676.833, 140
Trd, 258676.967, 140
Trd, 258677.233, 140
Trd, 258677.617, 140
Trd, 258677.967, 140
Trd, 258678.117, 140
Trd, 258678.500, 140
Trd, 258678.533, 140
Trd, 258678.633, 140
Trd, 258679.283, 140
Trd, 258679.483, 140
Trd, 258679.733, 140
Trd, 258679.767, 140
Trd, 258680.417, 140
Trd, 258680.533, 140
Trd, 258680.667, 140
Trd, 258681.183, 140
Trd, 258681.500, 140
Trd, 258681.700, 140
Trd, 258681.783, 140
Trd, 258681.850, 140
Trd, 258681.867, 140
Trd, 258682.033, 140
Trd, 258682.167, 140
Trd, 258682.400, 140
Trd, 258682.467, 140
Trd, 258682.483, 140
Trd, 258682.650, 140
Trd, 258682.967, 140
Trd, 258683.017, 140
Trd, 258683.083, 140
Trd, 258683.117, 140
Trd, 258683.283, 140
Trd, 258683.450, 140
Trd, 258684.283, 140
Trd, 258684.617, 140
Trd, 258684.817, 140
Trd, 258685.033, 140
Trd, 258685.300, 140
Trd, 258685.433, 140
Trd, 258685.733, 140
Trd, 258685.983, 140
Trd, 258686.183, 140
Trd, 258686.683, 140
Trd, 258686.950, 140
Trd, 258687.033, 140
Trd, 258687.350, 140
Trd, 258687.450, 140
Trd, 258687.900, 140
Trd, 258687.933, 140
Trd, 258688.217, 140
Trd, 258688.233, 140
Trd, 258688.333, 140
Trd, 258688.400, 140
Trd, 258688.533, 140
Trd, 258688.717, 140
Trd, 258688.967, 140
Trd, 258689.033, 140
Trd, 258689.100, 140
Trd, 258689.267, 140
Trd, 258689.283, 140
Trd, 258689.317, 140
Trd, 258689.333, 139
Trd, 258689.683, 140
Trd, 258689.867, 129
Trd, 258689.883, 128
Trd, 258689.967, 137
Trd, 258690.000, 118
Trd, 258690.233, 139
Trd, 258690.383, 138
Trd, 258690.467, 138
Trd, 258690.483, 139
Trd, 258690.617, 138
Trd, 258691.100, 117
Trd, 258691.800, 128
Trd, 258691.867, 127
Trd, 258692.083, 127
Trd, 258692.300, 129
Trd, 258692.450, 129
Trd, 258692.567, 127
Trd, 258692.650, 116
Trd, 258692.733, 129
Trd, 258692.783, 108
Trd, 258693.000, 108
Trd, 258693.250, 107
Trd, 258693.300, 131
Trd, 258693.483, 110
Trd, 258693.633, 140
Trd, 258694.150, 139
Trd, 258694.550, 140
Trd, 258694.650, 140
Trd, 258695.167, 140
Trd, 258695.333, 140
Trd, 258695.800, 140
Trd, 258695.967, 140
Trd, 258696.783, 139
Trd, 258696.817, 139
Trd, 258696.883, 140
Trd, 258697.133, 139
Trd, 258697.233, 140
Trd, 258697.267, 139
Trd, 258697.617, 138
Trd, 258697.850, 136
Trd, 258697.883, 137
Trd, 258698.233, 132
Trd, 258698.367, 133
Trd, 258698.583, 132
Trd, 258698.600, 134
Trd, 258698.833, 133
Trd, 258699.017, 132
Trd, 258699.183, 134
Trd, 258699.400, 120
Trd, 258699.667, 139
Trd, 258699.817, 112
Trd, 258700.483, 122
Trd, 258700.733, 115
Trd, 258701.300, 115
Trd, 258701.333, 114
Trd, 258701.433, 129
Trd, 258701.567, 129
Trd, 258701.900, 123
Trd, 258702.317, 124
Trd, 258702.333, 123
Trd, 258702.450, 126
Trd, 258702.500, 122
Trd, 258703.383, 140
Trd, 258703.683, 140
Trd, 258703.700, 140
Trd, 258703.733, 140
Trd, 258704.050, 140
Trd, 258704.217, 139
Trd, 258704.267, 137
Trd, 258704.417, 139
Trd, 258704.767, 119
Trd, 258705.217, 118
Trd, 258705.433, 118
Trd, 258705.700, 133
Trd, 258706.050, 128
Trd, 258706.167, 118
Trd, 258706.233, 118
Trd, 258706.350, 118
Trd, 258706.483, 117
Trd, 258706.683, 123
Trd, 258706.767, 123
Trd, 258706.817, 124
Trd, 258706.933, 125
Trd, 258707.283, 125
Trd, 258707.467, 126
Trd, 258707.600, 124
Trd, 258708.000, 125
Trd, 258708.067, 128
Trd, 258708.100, 126
Trd, 258709.500, 140
Trd, 258709.783, 140
Trd, 258709.967, 140
Trd, 258710.800, 140
Trd, 258710.850, 140
Trd, 258710.883, 140
Trd, 258710.933, 140
Trd, 258711.000, 140
Trd, 258711.050, 140
Trd, 258711.067, 140
Trd, 258711.183, 140
Trd, 258711.317, 140
Trd, 258711.333, 140
Trd, 258711.350, 139
Trd, 258711.533, 139
Trd, 258711.683, 138
Trd, 258711.767, 119
Trd, 258711.917, 119
Trd, 258712.133, 139
Trd, 258712.283, 119
Trd, 258712.567, 138
Trd, 258712.600, 111
Trd, 258713.183, 101
Trd, 258713.300, 132
Trd, 258713.417, 134
Trd, 258713.517, 101
Trd, 258713.933, 126
Trd, 258714.317, 125
Trd, 258714.567, 120
Trd, 258714.783, 119
Trd, 258714.983, 126
Trd, 258715.117, 128
Trd, 258715.400, 125
Trd, 258716.100, 122
Trd, 258716.117, 121
Trd, 258716.133, 120
Trd, 258716.700, 120
Trd, 258716.917, 119
Trd, 258716.950, 120
Trd, 258717.033, 119
Trd, 258717.317, 118
Trd, 258717.433, 90
Trd, 258717.550, 117
Trd, 258717.967, 116
Trd, 258717.983, 111
Trd, 258718.133, 111
Trd, 258718.383, 115
Trd, 258718.500, 115
Trd, 258718.650, 112
Trd, 258718.683, 116
Trd, 258718.917, 125
Trd, 258719.733, 140
Trd, 258720.833, 140
Trd, 258721.150, 140
Trd, 258721.417, 140
Trd, 258721.800, 140
Trd, 258721.833, 140
Trd, 258721.967, 140
Trd, 258722.067, 140
Trd, 258722.117, 140
Trd, 258722.317, 140
Trd, 258722.450, 140
Trd, 258722.550, 140
Trd, 258722.617, 140
Trd, 258722.867, 140
Trd, 258722.900, 140
Trd, 258722.917, 140
Trd, 258723.017, 140
Trd, 258723.250, 139
Trd, 258723.267, 139
Trd, 258723.317, 138
Trd, 258723.600, 138
Trd, 258723.667, 137
Trd, 258723.933, 127
Trd, 258724.217, 117
Trd, 258724.233, 115
Trd, 258724.617, 106
Trd, 258724.717, 105
Trd, 258725.033, 109
Trd, 258725.083, 108
Trd, 258725.233, 115
Trd, 258725.333, 114
Trd, 258725.667, 113
Trd, 258725.783, 112
Trd, 258726.133, 111
Trd, 258726.267, 112
Trd, 258726.300, 113
Trd, 258726.633, 113
Trd, 258726.733, 111
Trd, 258726.900, 108
Trd, 258727.150, 113
Trd, 258727.517, 109
Trd, 258727.600, 108
Trd, 258727.800, 110
Trd, 258727.850, 111
Trd, 258727.917, 114
Trd, 258728.583, 122
Trd, 258728.650, 112
Trd, 258728.833, 112
Trd, 258729.383, 115
Trd, 258729.650, 116
Trd, 258729.667, 122
Trd, 258729.750, 138
Trd, 258729.850, 118
Trd, 258729.933, 117
Trd, 258729.967, 116
Trd, 258730.467, 117
Trd, 258731.300, 140
Trd, 258732.017, 140
Trd, 258732.800, 140
Trd, 258732.867, 140
Trd, 258733.067, 140
Trd, 258733.217, 140
Trd, 258733.233, 140
Trd, 258733.400, 140
Trd, 258733.450, 140
Trd, 258733.517, 140
Trd, 258733.583, 140
Trd, 258733.617, 140
Trd, 258733.650, 140
Trd, 258733.933, 138
Trd, 258734.083, 139
Trd, 258734.183, 138
Trd, 258734.300, 139
Trd, 258734.333, 139
Trd, 258734.400, 137
Trd, 258734.483, 137
Trd, 258734.500, 116
Trd, 258735.433, 104
Trd, 258735.450, 134
Trd, 258735.817, 97
Trd, 258735.950, 98
Trd, 258735.967, 96
Trd, 258736.233, 114
Trd, 258736.617, 113
Trd, 258736.717, 113
Trd, 258736.800, 96
Trd, 258736.867, 114
Trd, 258736.917, 118
Trd, 258737.267, 106
Trd, 258738.383, 140
Trd, 258738.483, 140
Trd, 258739.400, 140
Trd, 258739.617, 140
Trd, 258740.367, 140
Trd, 258740.567, 140
Trd, 258740.733, 140
Trd, 258740.767, 140
Trd, 258740.850, 140
Trd, 258741.000, 140
Trd, 258741.117, 140
Trd, 258741.283, 140
Trd, 258741.333, 140
Trd, 258741.450, 140
Trd, 258741.800, 139
Trd, 258741.850, 138
Trd, 258742.083, 137
Trd, 258742.100, 125
Trd, 258742.283, 138
Trd, 258742.317, 124
Trd, 258742.467, 140
Trd, 258742.517, 139
Trd, 258743.000, 135
Trd, 258743.317, 137
Trd, 258743.500, 136
Trd, 258743.633, 126
Trd, 258744.150, 129
Trd, 258744.217, 129
Trd, 258744.567, 129
Trd, 258744.683, 134
Trd, 258744.833, 131
Trd, 258744.967, 135
Trd, 258745.467, 140
Trd, 258745.483, 140
Trd, 258745.500, 133
Trd, 258745.633, 133
Trd, 258746.700, 140
Trd, 258746.867, 140
Trd, 258746.917, 140
Trd, 258747.317, 140
Trd, 258747.400, 140
Trd, 258747.467, 140
Trd, 258747.550, 140
Trd, 258748.117, 140
Trd, 258748.150, 140
Trd, 258748.217, 140
Trd, 258748.700, 140
Trd, 258748.817, 140
Trd, 258748.833, 140
Trd, 258748.983, 140
Trd, 258749.017, 140
Trd, 258749.233, 139
Trd, 258749.333, 139
Trd, 258749.617, 138
Trd, 258749.700, 138
Trd, 258750.033, 138
Trd, 258750.083, 139
Trd, 258750.600, 116
Trd, 258751.150, 139
Trd, 258751.233, 140
Trd, 258751.283, 139
Trd, 258751.333, 139
Trd, 258751.383, 138
Trd, 258751.883, 138
Trd, 258751.950, 131
Trd, 258752.350, 139
Trd, 258752.617, 125
Trd, 258752.700, 130
Trd, 258752.833, 124
Trd, 258753.067, 123
Trd, 258753.083, 122
Trd, 258753.667, 140
Trd, 258753.750, 124
Trd, 258754.467, 140
Trd, 258754.533, 140
Trd, 258754.583, 140
Trd, 258755.817, 140
Trd, 258755.867, 140
Trd, 258755.900, 140
Trd, 258755.983, 140
Trd, 258756.100, 140
Trd, 258756.117, 140
Trd, 258756.433, 138
Trd, 258756.717, 136
Trd, 258756.733, 137
Trd, 258756.767, 126
Trd, 258757.217, 118
Trd, 258757.267, 129
Trd, 258757.633, 133
Trd, 258757.750, 126
Trd, 258757.767, 135
Trd, 258757.783, 125
Trd, 258757.817, 136
Trd, 258758.283, 132
Trd, 258758.583, 121
Trd, 258759.183, 123
Trd, 258759.200, 122
Trd, 258759.383, 120
Trd, 258760.067, 120
Trd, 258760.117, 122
Trd, 258760.167, 123
Trd, 258760.317, 103
Trd, 258760.717, 105
Trd, 258760.883, 109
Trd, 258761.267, 111
Trd, 258761.333, 105
Trd, 258761.667, 111
Trd, 258762.000, 112
Trd, 258762.200, 109
Trd, 258762.267, 108
Trd, 258762.300, 113
Trd, 258762.350, 114
Trd, 258762.733, 115
Trd, 258762.800, 115
Trd, 258763.017, 116
Trd, 258763.183, 137
Trd, 258763.550, 140
Trd, 258763.733, 140
Trd, 258764.083, 140
Trd, 258764.233, 140
Trd, 258764.267, 138
Trd, 258764.350, 136
Trd, 258764.850, 137
Trd, 258764.867, 138
Trd, 258764.950, 126
Trd, 258765.067, 140
Trd, 258765.683, 140
Trd, 258766.133, 140
Trd, 258766.200, 140
Trd, 258766.317, 140
Trd, 258766.400, 140
Trd, 258766.783, 140
Trd, 258766.850, 119
Trd, 258767.200, 122
Trd, 258768.183, 140
Trd, 258768.600, 140
Trd, 258768.700, 140
Trd, 258768.850, 140
Trd, 258768.917, 140
Trd, 258769.150, 140
Trd, 258769.183, 140
Trd, 258769.400, 140
Trd, 258769.417, 140
Trd, 258769.450, 140
Trd, 258769.750, 140
Trd, 258769.817, 139
Trd, 258769.967, 140
Trd, 258769.983, 139
Trd, 258770.133, 140
Trd, 258770.167, 122
Trd, 258770.650, 140
Trd, 258770.833, 138
Trd, 258770.883, 110
Trd, 258771.250, 107
Trd, 258771.600, 109
Trd, 258771.750, 101
Trd, 258771.800, 99
Trd, 258771.867, 109
Trd, 258772.017, 111
Trd, 258772.183, 121
Trd, 258772.350, 126
Trd, 258772.467, 95
Trd, 258773.033, 140
Trd, 258773.067, 140
Trd, 258773.250, 140
Trd, 258773.517, 140
Trd, 258773.700, 140
Trd, 258774.083, 140
Trd, 258774.667, 139
Trd, 258774.700, 138
Trd, 258774.717, 140
Trd, 258774.817, 96
Trd, 258775.267, 91
Trd, 258775.417, 140
Trd, 258775.667, 140
Trd, 258775.783, 140
Trd, 258776.200, 140
Trd, 258776.267, 140
Trd, 258776.433, 140
Trd, 258776.467, 140
Trd, 258776.500, 92
Trd, 258776.967, 139
Trd, 258777.083, 138
Trd, 258777.550, 132
Trd, 258777.583, 122
Trd, 258777.650, 138
Trd, 258777.850, 137
Trd, 258778.133, 126
Trd, 258778.150, 125
Trd, 258778.217, 138
Trd, 258778.617, 123
Trd, 258778.733, 114
Trd, 258778.917, 140
Trd, 258779.333, 140
Trd, 258779.650, 140
Trd, 258780.117, 140
Trd, 258780.483, 140
Trd, 258780.700, 140
Trd, 258781.633, 140
Trd, 258782.083, 140
Trd, 258782.667, 140
Trd, 258782.717, 140
Trd, 258782.750, 140
Trd, 258782.767, 139
Trd, 258782.967, 139
Trd, 258782.983, 140
Trd, 258783.400, 140
Trd, 258783.450, 140
Trd, 258783.550, 140
Trd, 258783.567, 139
Trd, 258783.583, 139
Trd, 258783.633, 140
Trd, 258783.733, 136
Trd, 258783.767, 135
Trd, 258784.117, 137
Trd, 258784.233, 140
Trd, 258784.400, 140
Trd, 258784.600, 140
Trd, 258784.633, 139
Trd, 258784.683, 130
Trd, 258784.800, 116
Trd, 258784.983, 140
Trd, 258785.000, 140
Trd, 258785.017, 90
Trd, 258785.233, 84
Trd, 258785.950, 60
Trd, 258786.367, 60
Trd, 258786.383, 60
Trd, 258786.400, 61
Trd, 258786.517, 62
Trd, 258787.267, 140
Trd, 258788.283, 140
Trd, 258788.883, 140
Trd, 258789.000, 140
Trd, 258789.067, 140
Trd, 258789.083, 140
Trd, 258789.233, 140
Trd, 258789.300, 140
Trd, 258789.350, 140
Trd, 258790.083, 140
Trd, 258790.250, 140
Trd, 258790.267, 140
Trd, 258790.283, 140
Trd, 258790.300, 140
Trd, 258790.317, 140
Trd, 258790.700, 130
Trd, 258791.050, 138
Trd, 258791.100, 140
Trd, 258791.350, 134
Trd, 258791.483, 134
Trd, 258791.600, 139
Trd, 258791.883, 140
Trd, 258792.033, 133
Trd, 258792.133, 137
Trd, 258792.533, 137
Trd, 258792.750, 118
Trd, 258793.300, 140
Trd, 258793.450, 140
Trd, 258793.683, 140
Trd, 258794.183, 139
Trd, 258794.250, 139
Trd, 258794.367, 140
Trd, 258794.633, 140
Trd, 258795.000, 140
Trd, 258795.017, 140
Trd, 258795.183, 140
Trd, 258795.333, 140
Trd, 258795.450, 140
Trd, 258795.583, 140
Trd, 258795.850, 140
Trd, 258796.150, 139
Trd, 258797.050, 140
Trd, 258797.083, 140
Trd, 258797.100, 140
Trd, 258797.250, 140
Trd, 258797.317, 140
Trd, 258797.533, 140
Trd, 258797.883, 139
Trd, 258798.100, 139
Trd, 258798.133, 120
Trd, 258798.250, 140
Trd, 258798.450, 70
Trd, 258798.617, 67
Trd, 258798.950, 67
Trd, 258799.100, 67
Trd, 258799.167, 68
Trd, 258799.233, 68
Trd, 258799.283, 69
Trd, 258799.550, 67
Trd, 258799.883, 122
Trd, 258799.933, 68
Trd, 258800.233, 122
Trd, 258800.667, 70
Trd, 258800.800, 69
Trd, 258801.033, 89
Trd, 258801.867, 89
Trd, 258802.000, 112
Trd, 258802.017, 74
Trd, 258802.583, 104
Trd, 258802.683, 114
Trd, 258802.800, 103
Trd, 258802.967, 101
Trd, 258803.300, 107
Trd, 258803.317, 108
Trd, 258803.367, 108
Trd, 258803.450, 109
Trd, 258803.550, 110
Trd, 258803.817, 111
Trd, 258804.167, 104
Trd, 258804.250, 111
Trd, 258804.283, 112
Trd, 258804.517, 115
Trd, 258804.650, 102
Trd, 258805.867, 140
Trd, 258805.900, 140
Trd, 258806.817, 140
Trd, 258806.883, 140
Trd, 258807.233, 140
Trd, 258807.367, 140
Trd, 258807.700, 140
Trd, 258807.850, 140
Trd, 258808.000, 140
Trd, 258808.183, 140
Trd, 258808.250, 140
Trd, 258808.317, 140
Trd, 258808.383, 140
Trd, 258808.400, 140
Trd, 258808.450, 140
Trd, 258808.650, 140
Trd, 258808.783, 140
Trd, 258808.867, 140
Trd, 258809.217, 139
Trd, 258809.317, 139
Trd, 258809.550, 140
Trd, 258809.650, 139
Trd, 258809.967, 139
Trd, 258810.133, 140
Trd, 258810.467, 140
Trd, 258811.067, 140
Trd, 258811.100, 140
Trd, 258811.383, 140
Trd, 258811.433, 140
Trd, 258812.067, 140
Trd, 258812.200, 140
Trd, 258812.600, 140
Trd, 258812.750, 140
Trd, 258813.050, 139
Trd, 258813.167, 140
Trd, 258813.383, 140
Trd, 258813.733, 140
Trd, 258813.817, 140
Trd, 258814.017, 140
Trd, 258814.217, 140
Trd, 258814.300, 140
Trd, 258814.667, 140
Trd, 258814.700, 139
Trd, 258814.717, 138
Trd, 258814.867, 140
Trd, 258814.967, 139
Trd, 258815.717, 140
Trd, 258815.967, 140
Trd, 258816.033, 138
Trd, 258816.150, 137
Trd, 258817.000, 140
Trd, 258817.200, 140
Trd, 258817.317, 140
Trd, 258817.550, 140
Trd, 258817.583, 140
Trd, 258817.717, 140
Trd, 258817.817, 140
Trd, 258818.100, 140
Trd, 258818.433, 140
Trd, 258818.900, 140
Trd, 258819.767, 140
Trd, 258820.083, 140
Trd, 258820.133, 140
Trd, 258820.633, 140
Trd, 258821.083, 140
Trd, 258821.133, 140
Trd, 258821.250, 140
Trd, 258821.267, 140
Trd, 258821.317, 139
Trd, 258821.433, 139
Trd, 258821.467, 139
Trd, 258821.517, 139
Trd, 258821.533, 136
Trd, 258821.917, 113
Trd, 258822.250, 112
Trd, 258822.367, 126
Trd, 258822.567, 101
Trd, 258822.800, 119
Trd, 258823.067, 116
Trd, 258823.433, 101
Trd, 258823.583, 101
Trd, 258823.667, 111
Trd, 258823.783, 112
Trd, 258824.117, 104
Trd, 258824.267, 103
Trd, 258824.350, 110
Trd, 258824.367, 111
Trd, 258824.650, 113
Trd, 258824.833, 104
Trd, 258824.883, 114
Trd, 258824.967, 115
Trd, 258825.483, 110
Trd, 258825.500, 105
Trd, 258825.850, 116
Trd, 258826.167, 103
Trd, 258826.650, 134
Trd, 258826.850, 118
Trd, 258826.917, 133
Trd, 258827.217, 134
Trd, 258827.333, 118
Trd, 258827.350, 135
Trd, 258827.433, 117
Trd, 258827.883, 140
Trd, 258828.283, 140
Trd, 258829.117, 140
Trd, 258829.283, 140
Trd, 258829.350, 140
Trd, 258829.517, 140
Trd, 258829.683, 140
Trd, 258831.000, 140
Trd, 258831.333, 140
Trd, 258831.750, 140
Trd, 258832.067, 140
Trd, 258832.333, 140
Trd, 258832.350, 140
Trd, 258832.367, 140
Trd, 258832.700, 140
Trd, 258832.733, 140
Trd, 258832.933, 140
Trd, 258832.950, 140
Trd, 258833.133, 140
Trd, 258833.467, 140
Trd, 258833.783, 140
Trd, 258833.833, 140
Trd, 258833.850, 140
Trd, 258834.033, 140
Trd, 258834.417, 140
Trd, 258834.550, 140
Trd, 258834.750, 140
Trd, 258834.800, 140
Trd, 258834.900, 140
Trd, 258834.917, 139
Trd, 258835.783, 133
Trd, 258835.883, 99
Trd, 258835.967, 119
Trd, 258836.150, 109
Trd, 258836.167, 96
Trd, 258836.233, 85
Trd, 258836.833, 100
Trd, 258836.900, 99
Trd, 258837.033, 103
Trd, 258837.150, 104
Trd, 258837.200, 93
Trd, 258837.267, 99
Trd, 258837.317, 92
Trd, 258837.367, 131
Trd, 258837.533, 91
Trd, 258837.867, 131
Trd, 258837.883, 92
Trd, 258838.567, 128
Trd, 258838.717, 131
Trd, 258838.983, 128
Trd, 258839.150, 130
Trd, 258839.517, 140
Trd, 258841.317, 140
Trd, 258841.533, 140
Trd, 258841.683, 140
Trd, 258842.217, 140
Trd, 258842.367, 140
Trd, 258842.467, 140
Trd, 258842.700, 140
Trd, 258842.767, 140
Trd, 258842.833, 139
Trd, 258842.850, 139
Trd, 258843.067, 139
Trd, 258843.133, 138
Trd, 258843.200, 138
Trd, 258843.250, 139
Trd, 258843.350, 140
Trd, 258843.433, 139
Trd, 258843.550, 137
Trd, 258843.667, 137
Trd, 258843.900, 139
Trd, 258844.100, 140
Trd, 258844.183, 139
Trd, 258844.233, 136
Trd, 258844.283, 135
Trd, 258844.533, 138
Trd, 258844.583, 139
Trd, 258845.883, 140
Trd, 258846.317, 140
Trd, 258846.833, 140
Trd, 258846.850, 140
Trd, 258847.267, 140
Trd, 258847.300, 140
Trd, 258847.967, 140
Trd, 258848.167, 140
Trd, 258848.733, 140
Trd, 258848.817, 140
Trd, 258848.850, 140
Trd, 258849.233, 140
Trd, 258849.350, 140
Trd, 258849.483, 140
Trd, 258849.783, 140
Trd, 258849.867, 140
Trd, 258849.967, 140
Trd, 258850.017, 140
Trd, 258850.217, 140
Trd, 258850.233, 140
Trd, 258850.250, 140
Trd, 258850.383, 138
Trd, 258850.500, 140
Trd, 258850.517, 122
Trd, 258850.783, 129
Trd, 258851.150, 122
Trd, 258851.417, 140
Trd, 258851.767, 140
Trd, 258852.167, 138
Trd, 258852.233, 137
Trd, 258852.617, 125
Trd, 258852.700, 136
Trd, 258853.167, 130
Trd, 258853.550, 129
Trd, 258853.700, 128
Trd, 258853.733, 126
Trd, 258853.767, 124
Trd, 258853.833, 111
Trd, 258854.517, 125
Trd, 258854.533, 103
Trd, 258854.683, 128
Trd, 258854.917, 129
Trd, 258855.567, 121
Trd, 258855.633, 119
Trd, 258855.833, 130
Trd, 258856.283, 140
Trd, 258856.317, 139
Trd, 258856.717, 106
Trd, 258857.317, 140
Trd, 258857.550, 140
Trd, 258857.850, 140
Trd, 258858.050, 140
Trd, 258858.067, 140
Trd, 258858.250, 140
Trd, 258858.450, 140
Trd, 258858.683, 140
Trd, 258858.767, 140
Trd, 258858.850, 140
Trd, 258858.967, 140
Trd, 258859.200, 140
Trd, 258859.283, 140
Trd, 258859.550, 140
Trd, 258859.733, 140
Trd, 258859.750, 140
Trd, 258859.933, 138
Trd, 258860.567, 140
Trd, 258860.700, 140
Trd, 258861.067, 140
Trd, 258861.300, 140
Trd, 258861.333, 140
Trd, 258861.383, 140
Trd, 258861.567, 140
Trd, 258861.600, 139
Trd, 258861.667, 135
Trd, 258861.917, 138
Trd, 258862.233, 137
Trd, 258862.483, 129
Trd, 258862.517, 137
Trd, 258862.650, 118
Trd, 258863.200, 61
Trd, 258863.267, 132
Trd, 258863.717, 60
Trd, 258863.950, 60
Trd, 258864.117, 60
Trd, 258864.350, 60
Trd, 258864.383, 60
Trd, 258864.917, 62
Trd, 258864.983, 119
Trd, 258865.150, 82
Trd, 258865.233, 80
Trd, 258865.483, 131
Trd, 258865.667, 107
Trd, 258865.733, 134
Trd, 258866.017, 112
Trd, 258866.500, 140
Trd, 258866.567, 140
Trd, 258867.067, 140
Trd, 258867.417, 140
Trd, 258868.150, 140
Trd, 258868.200, 140
Trd, 258868.233, 140
Trd, 258868.333, 140
Trd, 258868.767, 140
Trd, 258868.817, 140
Trd, 258868.833, 140
Trd, 258869.283, 140
Trd, 258869.300, 140
Trd, 258869.450, 140
Trd, 258869.483, 140
Trd, 258869.767, 140
Trd, 258869.800, 140
Trd, 258869.817, 140
Trd, 258869.983, 140
Trd, 258870.150, 140
Trd, 258870.167, 140
Trd, 258870.183, 140
Trd, 258870.283, 139
Trd, 258870.317, 138
Trd, 258870.867, 139
Trd, 258870.900, 135
Trd, 258871.000, 116
Trd, 258871.067, 91
Trd, 258871.417, 85
Trd, 258871.483, 85
Trd, 258871.917, 135
Trd, 258872.633, 140
Trd, 258873.233, 140
Trd, 258873.250, 140
Trd, 258873.833, 140
Trd, 258876.250, 140
Trd, 258876.350, 140
Trd, 258876.417, 140
Trd, 258876.617, 140
Trd, 258876.817, 140
Trd, 258876.850, 140
Trd, 258877.250, 140
Trd, 258877.350, 140
Trd, 258877.367, 140
Trd, 258877.383, 140
Trd, 258877.433, 140
Trd, 258877.500, 140
Trd, 258877.633, 140
Trd, 258877.650, 140
Trd, 258877.667, 140
Trd, 258877.733, 138
Trd, 258877.933, 119
Trd, 258877.983, 139
Trd, 258878.317, 139
Trd, 258878.633, 137
Trd, 258878.783, 136
Trd, 258878.867, 138
Trd, 258879.000, 123
Trd, 258879.017, 140
Trd, 258879.183, 117
Trd, 258879.833, 140
Trd, 258880.233, 140
Trd, 258880.283, 140
Trd, 258880.450, 140
Trd, 258880.750, 140
Trd, 258881.050, 140
Trd, 258881.100, 140
Trd, 258881.183, 140
Trd, 258881.233, 138
Trd, 258882.350, 140
Trd, 258884.033, 140
Trd, 258884.050, 140
Trd, 258884.100, 140
Trd, 258884.133, 140
Trd, 258884.167, 140
Trd, 258884.233, 140
Trd, 258884.250, 140
Trd, 258884.350, 140
Trd, 258884.567, 140
Trd, 258884.600, 140
Trd, 258884.650, 140
Trd, 258884.700, 140
Trd, 258884.717, 140
Trd, 258884.767, 139
Trd, 258884.900, 140
Trd, 258885.050, 140
Trd, 258885.133, 140
Trd, 258885.317, 140
Trd, 258885.433, 140
Trd, 258885.667, 140
Trd, 258885.950, 134
Trd, 258886.150, 140
Trd, 258886.183, 133
Trd, 258886.517, 139
Trd, 258886.650, 126
Trd, 258886.933, 140
Trd, 258887.317, 126
Trd, 258887.550, 125
Trd, 258888.000, 119
Trd, 258888.067, 111
Trd, 258888.083, 108
Trd, 258888.117, 119
Trd, 258888.200, 100
Trd, 258888.267, 120
Trd, 258888.333, 121
Trd, 258888.567, 139
Trd, 258888.917, 107
Trd, 258889.333, 138
Trd, 258889.600, 137
Trd, 258889.867, 139
Trd, 258890.067, 139
Trd, 258890.350, 137
Trd, 258890.517, 133
Trd, 258890.567, 118
Trd, 258891.083, 107
Trd, 258891.500, 110
Trd, 258891.517, 107
Trd, 258891.767, 117
Trd, 258892.150, 136
Trd, 258892.167, 137
Trd, 258892.217, 115
Trd, 258892.667, 137
Trd, 258892.833, 115
Trd, 258893.050, 138
Trd, 258893.150, 116
Trd, 258893.300, 115
Trd, 258893.317, 113
Trd, 258893.533, 138
Trd, 258894.200, 136
Trd, 258894.367, 134
Trd, 258894.400, 122
Trd, 258894.600, 121
Trd, 258894.617, 133
Trd, 258894.767, 119
Trd, 258894.883, 118
Trd, 258895.083, 118
Trd, 258895.133, 128
Trd, 258895.367, 116
Trd, 258895.733, 114
Trd, 258895.917, 114
Trd, 258895.967, 115
Trd, 258896.067, 126
Trd, 258896.917, 125
Trd, 258897.067, 115
Trd, 258897.150, 115
Trd, 258897.983, 120
Trd, 258898.200, 121
Trd, 258898.300, 125
Trd, 258898.350, 133
Trd, 258898.700, 140
Trd, 258898.850, 140
Trd, 258899.217, 140
Trd, 258899.400, 140
Trd, 258899.467, 140
Trd, 258899.500, 140
Trd, 258899.600, 140
Trd, 258899.933, 140
Trd, 258900.017, 140
Trd, 258900.133, 140
Trd, 258900.233, 140
Trd, 258900.367, 139
Trd, 258900.417, 140
Trd, 258900.833, 140
Trd, 258900.967, 139
Trd, 258901.050, 140
Trd, 258901.367, 140
Trd, 258901.533, 140
Trd, 258901.667, 139
Trd, 258901.750, 138
Trd, 258902.417, 133
Trd, 258903.300, 140
Trd, 258903.333, 140
Trd, 258904.283, 140
Trd, 258904.317, 140
Trd, 258904.417, 140
Trd, 258904.450, 140
Trd, 258905.033, 140
Trd, 258905.267, 140
Trd, 258905.300, 140
Trd, 258905.367, 140
Trd, 258905.400, 140
Trd, 258905.667, 140
Trd, 258905.717, 140
Trd, 258905.750, 140
Trd, 258905.817, 140
Trd, 258905.983, 140
Trd, 258906.167, 139
Trd, 258906.367, 139
Trd, 258906.550, 138
Trd, 258906.767, 137
Trd, 258906.817, 137
Trd, 258906.883, 137
Trd, 258906.917, 136
Trd, 258907.150, 123
Trd, 258907.567, 137
Trd, 258907.583, 136
Trd, 258907.917, 137
Trd, 258908.533, 140
Trd, 258908.967, 140
Trd, 258909.250, 140
Trd, 258909.483, 140
Trd, 258910.300, 140
Trd, 258910.517, 140
Trd, 258910.950, 140
Trd, 258911.250, 140
Trd, 258911.400, 140
Trd, 258911.433, 140
Trd, 258911.517, 140
Trd, 258911.550, 140
Trd, 258911.617, 140
Trd, 258911.850, 140
Trd, 258912.317, 140
Trd, 258912.850, 140
Trd, 258912.933, 140
Trd, 258913.017, 140
Trd, 258913.200, 140
Trd, 258913.217, 140
Trd, 258913.233, 140
Trd, 258913.250, 140
Trd, 258913.300, 140
Trd, 258913.383, 140
Trd, 258913.517, 140
Trd, 258913.700, 140
Trd, 258914.050, 137
Trd, 258914.333, 139
Trd, 258914.650, 138
Trd, 258914.783, 136
Trd, 258914.967, 136
Trd, 258915.000, 135
Trd, 258915.033, 139
Trd, 258915.183, 139
Trd, 258915.467, 139
Trd, 258915.550, 134
Trd, 258915.833, 117
Trd, 258915.983, 129
Trd, 258916.317, 139
Trd, 258916.483, 130
Trd, 258917.933, 140
Trd, 258918.300, 140
Trd, 258918.333, 140
Trd, 258918.350, 140
Trd, 258918.400, 140
Trd, 258918.483, 140
Trd, 258918.517, 139
Trd, 258918.567, 139
Trd, 258918.617, 138
Trd, 258918.650, 138
Trd, 258918.883, 140
Trd, 258919.017, 140
Trd, 258919.117, 130
Trd, 258919.233, 129
Trd, 258919.400, 139
Trd, 258919.967, 72
Trd, 258920.333, 130
Trd, 258920.500, 130
Trd, 258920.550, 112
Trd, 258920.800, 127
Trd, 258921.283, 69
Trd, 258921.300, 67
Trd, 258921.450, 68
Trd, 258921.633, 68
Trd, 258921.650, 66
Trd, 258921.850, 68
Trd, 258921.967, 69
Trd, 258922.033, 69
Trd, 258922.517, 134
Trd, 258922.900, 117
Trd, 258922.917, 116
Trd, 258923.033, 115
Trd, 258923.483, 129
Trd, 258923.617, 117
Trd, 258923.933, 117
Trd, 258924.017, 116
Trd, 258924.267, 126
Trd, 258924.367, 128
Trd, 258924.533, 127
Trd, 258924.550, 114
Trd, 258924.600, 114
Trd, 258924.667, 113
Trd, 258924.733, 127
Trd, 258925.100, 92
Trd, 258925.783, 60
Trd, 258925.917, 60
Trd, 258926.100, 60
Trd, 258926.200, 60
Trd, 258926.367, 60
Trd, 258926.783, 61
Trd, 258927.017, 60
Trd, 258927.333, 60
Trd, 258927.433, 66
Trd, 258927.583, 61
Trd, 258928.483, 61
Trd, 258928.667, 61
Trd, 258928.733, 61
Trd, 258928.817, 60
Trd, 258928.917, 62
Trd, 258928.983, 62
Trd, 258929.100, 74
Trd, 258929.217, 122
Trd, 258929.367, 113
Trd, 258930.100, 81
Trd, 258930.217, 82
Trd, 258930.417, 81
Trd, 258930.450, 93
Trd, 258931.033, 84
Trd, 258931.500, 88
Trd, 258931.617, 90
Trd, 258931.650, 91
Trd, 258931.750, 89
Trd, 258932.017, 91
Trd, 258932.167, 91
Trd, 258932.250, 92
Trd, 258932.917, 93
Trd, 258932.933, 92
Trd, 258933.250, 91
Trd, 258933.417, 89
Trd, 258933.450, 95
Trd, 258933.517, 96
Trd, 258933.617, 65
Trd, 258933.800, 60
Trd, 258933.817, 61
Trd, 258934.083, 60
Trd, 258934.100, 66
Trd, 258934.583, 60
Trd, 258934.733, 60
Trd, 258934.967, 74
Trd, 258935.817, 135
Trd, 258935.833, 136
Trd, 258935.883, 137
Trd, 258936.017, 121
Trd, 258936.067, 104
Trd, 258936.650, 128
Trd, 258937.583, 140
Trd, 258938.033, 140
Trd, 258938.300, 140
Trd, 258938.333, 140
Trd, 258938.383, 140
Trd, 258938.467, 140
Trd, 258938.617, 140
Trd, 258938.700, 140
Trd, 258938.750, 140
Trd, 258939.100, 140
Trd, 258939.183, 140
Trd, 258939.267, 140
Trd, 258939.300, 140
Trd, 258939.367, 140
Trd, 258939.383, 140
Trd, 258939.600, 140
Trd, 258939.667, 140
Trd, 258939.950, 132
Trd, 258940.867, 140
Trd, 258940.883, 140
Trd, 258941.017, 140
Trd, 258941.067, 139
Trd, 258941.367, 137
Trd, 258941.650, 132
Trd, 258941.883, 132
Trd, 258941.933, 132
Trd, 258942.117, 131
Trd, 258942.133, 130
Trd, 258942.433, 130
Trd, 258942.567, 127
Trd, 258942.983, 128
Trd, 258943.000, 122
Trd, 258943.217, 129
Trd, 258943.467, 129
Trd, 258943.817, 125
Trd, 258943.883, 123
Trd, 258944.033, 123
Trd, 258944.167, 113
Trd, 258944.567, 105
Trd, 258944.600, 83
Trd, 258944.633, 125
Trd, 258944.800, 82
Trd, 258944.983, 125
Trd, 258945.233, 127
Trd, 258945.867, 127
Trd, 258946.083, 90
Trd, 258946.500, 139
Trd, 258946.767, 133
Trd, 258947.183, 132
Trd, 258947.367, 132
Trd, 258947.683, 134
Trd, 258947.733, 139
Trd, 258947.883, 139
Trd, 258948.200, 140
Trd, 258948.250, 139
Trd, 258948.483, 140
Trd, 258948.500, 139
Trd, 258948.583, 139
Trd, 258949.183, 140
Trd, 258949.867, 140
Trd, 258949.883, 140
Trd, 258949.933, 140
Trd, 258949.950, 140
Trd, 258950.017, 140
Trd, 258950.067, 138
Trd, 258950.133, 140
Trd, 258950.583, 138
Trd, 258950.817, 137
Trd, 258950.900, 138
Trd, 258951.217, 136
Trd, 258951.250, 127
Trd, 258951.483, 138
Trd, 258951.567, 119
Trd, 258951.717, 139
Trd, 258952.267, 134
Trd, 258952.383, 138
Trd, 258953.050, 125
Trd, 258953.083, 128
Trd, 258953.367, 126
Trd, 258953.417, 128
Trd, 258953.433, 124
Trd, 258953.650, 128
Trd, 258953.667, 124
Trd, 258953.717, 130
Trd, 258954.117, 124
Trd, 258954.217, 131
Trd, 258954.667, 126
Trd, 258954.983, 139
Trd, 258955.150, 127
Trd, 258955.500, 140
Trd, 258956.100, 140
Trd, 258956.567, 140
Trd, 258957.083, 140
Trd, 258957.267, 140
Trd, 258957.583, 140
Trd, 258957.600, 140
Trd, 258957.933, 140
Trd, 258958.117, 140
Trd, 258958.233, 140
Trd, 258958.350, 140
Trd, 258958.500, 140
Trd, 258958.517, 139
Trd, 258958.567, 138
Trd, 258958.683, 138
Trd, 258958.967, 137
Trd, 258958.983, 138
Trd, 258959.067, 136
Trd, 258959.200, 129
Trd, 258959.333, 138
Trd, 258959.467, 136
Trd, 258959.850, 88
Trd, 258959.950, 135
Trd, 258960.333, 140
Trd, 258961.267, 140
Trd, 258961.367, 140
Trd, 258961.650, 140
Trd, 258961.700, 140
Trd, 258961.800, 140
Trd, 258962.800, 140
Trd, 258962.817, 140
Trd, 258962.950, 140
Trd, 258963.183, 140
Trd, 258963.383, 140
Trd, 258963.583, 140
Trd, 258963.600, 140
Trd, 258963.750, 139
Trd, 258963.817, 138
Trd, 258963.850, 133
Trd, 258964.100, 139
Trd, 258964.283, 139
Trd, 258964.633, 139
Trd, 258964.767, 140
Trd, 258965.150, 140
Trd, 258965.267, 140
Trd, 258965.467, 140
Trd, 258965.600, 139
Trd, 258965.683, 139
Trd, 258966.117, 140
Trd, 258966.200, 140
Trd, 258966.367, 140
Trd, 258966.883, 138
Trd, 258967.217, 133
Trd, 258967.383, 134
Trd, 258967.450, 129
Trd, 258967.733, 94
Trd, 258968.517, 137
Trd, 258968.567, 138
Trd, 258968.600, 139
Trd, 258968.833, 104
Trd, 258968.917, 130
Trd, 258969.267, 110
Trd, 258969.417, 128
Trd, 258969.550, 121
Trd, 258969.967, 130
Trd, 258970.100, 131
Trd, 258970.283, 140
Trd, 258971.000, 140
Trd, 258971.050, 140
Trd, 258971.500, 140
Trd, 258971.683, 140
Trd, 258971.967, 140
Trd, 258972.400, 140
Trd, 258972.783, 140
Trd, 258973.167, 140
Trd, 258973.200, 140
Trd, 258973.350, 140
Trd, 258973.600, 140
Trd, 258973.667, 140
Trd, 258974.050, 140
Trd, 258974.117, 140
Trd, 258974.283, 140
Trd, 258974.450, 140
Trd, 258974.683, 140
Trd, 258974.850, 140
Trd, 258975.217, 140
Trd, 258975.300, 140
Trd, 258975.450, 140
Trd, 258975.467, 140
Trd, 258975.633, 140
Trd, 258975.983, 140
Trd, 258976.433, 140
Trd, 258976.650, 140
Trd, 258976.683, 140
Trd, 258976.900, 140
Trd, 258976.917, 140
Trd, 258977.333, 140
Trd, 258977.450, 140
Trd, 258977.500, 140
Trd, 258977.633, 140
Trd, 258977.650, 140
Trd, 258977.717, 140
Trd, 258977.783, 139
Trd, 258977.967, 140
Trd, 258978.267, 140
Trd, 258978.467, 140
Trd, 258978.733, 139
Trd, 258978.983, 140
Trd, 258979.017, 139
Trd, 258979.100, 139
Trd, 258979.217, 117
Trd, 258979.633, 140
Trd, 258980.267, 140
Trd, 258980.500, 137
Trd, 258980.517, 136
Trd, 258980.733, 140
Trd, 258980.783, 120
Trd, 258980.833, 140
Trd, 258981.217, 114
Trd, 258981.433, 113
Trd, 258981.867, 139
Trd, 258982.183, 136
Trd, 258982.267, 115
Trd, 258982.350, 114
Trd, 258982.450, 113
Trd, 258982.750, 133
Trd, 258982.800, 134
Trd, 258982.867, 62
Trd, 258982.900, 102
Trd, 258983.017, 78
Trd, 258983.133, 64
Trd, 258983.533, 64
Trd, 258983.733, 86
Trd, 258984.333, 60
Trd, 258984.400, 60
Trd, 258984.600, 60
Trd, 258984.683, 60
Trd, 258984.817, 139
Trd, 258985.083, 82
Trd, 258985.933, 132
Trd, 258986.067, 62
Trd, 258986.367, 130
Trd, 258986.517, 130
Trd, 258986.550, 131
Trd, 258986.600, 117
Trd, 258986.833, 137
Trd, 258986.917, 118
Trd, 258987.000, 136
Trd, 258987.283, 125
Trd, 258988.017, 140
Trd, 258988.417, 140
Trd, 258988.433, 140
Trd, 258988.533, 140
Trd, 258988.700, 140
Trd, 258988.767, 140
Trd, 258989.117, 140
Trd, 258989.367, 140
Trd, 258989.633, 140
Trd, 258989.967, 140
Trd, 258990.083, 140
Trd, 258990.200, 140
Trd, 258990.233, 140
Trd, 258990.283, 140
Trd, 258990.500, 139
Trd, 258990.683, 139
Trd, 258990.817, 140
Trd, 258990.850, 130
Trd, 258991.150, 140
Trd, 258992.933, 140
Trd, 258993.000, 140
Trd, 258993.300, 140
Trd, 258993.367, 140
Trd, 258993.700, 140
Trd, 258993.767, 140
Trd, 258993.783, 140
Trd, 258993.883, 140
Trd, 258994.000, 140
Trd, 258994.167, 139
Trd, 258994.250, 138
Trd, 258994.433, 139
Trd, 258994.600, 139
Trd, 258994.733, 140
Trd, 258995.067, 139
Trd, 258995.950, 140
Trd, 258996.000, 140
Trd, 258996.083, 140
Trd, 258996.433, 140
Trd, 258996.533, 140
Trd, 258996.667, 140
Trd, 258997.483, 140
Trd, 258997.583, 140
Trd, 258997.733, 140
Trd, 258997.867, 140
Trd, 258997.933, 140
Trd, 258998.017, 140
Trd, 258998.100, 140
Trd, 258998.267, 140
Trd, 258998.800, 139
Trd, 258999.567, 140
Trd, 259000.050, 140
Trd, 259000.083, 140
Trd, 259000.167, 140
Trd, 259000.183, 140
Trd, 259000.433, 140
Trd, 259000.517, 140
Trd, 259000.733, 140
Trd, 259001.017, 140
Trd, 259001.150, 140
Trd, 259001.217, 139
Trd, 259001.267, 138
Trd, 259001.550, 140
Trd, 259001.583, 139
Trd, 259001.867, 140
Trd, 259001.933, 140
Trd, 259002.050, 140
Trd, 259002.100, 140
Trd, 259002.317, 129
Trd, 259002.367, 85
Trd, 259002.583, 63
Trd, 259002.733, 136
Trd, 259002.817, 97
Trd, 259003.450, 136
Trd, 259003.900, 138
Trd, 259003.933, 139
Trd, 259005.017, 80
Trd, 259005.183, 140
Trd, 259005.217, 80
Trd, 259005.250, 79
Trd, 259005.433, 139
Trd, 259005.900, 140
Trd, 259006.167, 140
Trd, 259006.767, 140
Trd, 259007.233, 140
Trd, 259007.833, 140
Trd, 259007.867, 140
Trd, 259008.067, 140
Trd, 259008.467, 140
Trd, 259008.600, 140
Trd, 259008.750, 140
Trd, 259008.950, 140
Trd, 259009.800, 140
Trd, 259009.950, 140
Trd, 259010.117, 140
Trd, 259010.183, 140
Trd, 259010.350, 140
Trd, 259010.400, 140
Trd, 259010.533, 140
Trd, 259010.700, 140
Trd, 259010.733, 140
Trd, 259010.933, 140
Trd, 259010.983, 140
Trd, 259011.167, 140
Trd, 259011.283, 140
Trd, 259011.333, 140
Trd, 259011.683, 140
Trd, 259011.833, 140
Trd, 259012.033, 140
Trd, 259012.383, 140
Trd, 259012.400, 140
Trd, 259012.600, 140
Trd, 259012.967, 140
Trd, 259013.933, 140
Trd, 259014.250, 140
Trd, 259014.683, 140
Trd, 259015.267, 140
Trd, 259015.500, 140
Trd, 259015.633, 140
Trd, 259015.750, 140
Trd, 259015.767, 140
Trd, 259016.200, 140
Trd, 259016.250, 140
Trd, 259016.300, 140
Trd, 259016.900, 140
Trd, 259017.133, 140
Trd, 259017.300, 140
Trd, 259017.367, 139
Trd, 259017.400, 140
Trd, 259017.483, 140
Trd, 259017.517, 139
Trd, 259017.583, 140
Trd, 259017.900, 140
Trd, 259018.083, 140
Trd, 259018.117, 140
Trd, 259018.467, 140
Trd, 259018.483, 140
Trd, 259018.633, 140
Trd, 259018.733, 140
Trd, 259018.800, 140
Trd, 259018.950, 139
Trd, 259019.217, 138
Trd, 259019.767, 140
Trd, 259019.783, 140
Trd, 259019.900, 137
Trd, 259020.033, 127
Trd, 259020.550, 137
Trd, 259020.650, 131
Trd, 259020.767, 116
Trd, 259020.850, 114
Trd, 259021.433, 97
Trd, 259022.700, 140
Trd, 259023.033, 140
Trd, 259023.067, 140
Trd, 259023.133, 140
Trd, 259023.250, 140
Trd, 259023.800, 140
Trd, 259023.917, 140
Trd, 259024.083, 140
Trd, 259024.217, 140
Trd, 259024.300, 140
Trd, 259024.717, 140
Trd, 259024.767, 140
Trd, 259024.783, 140
Trd, 259025.083, 140
Trd, 259025.117, 140
Trd, 259025.167, 140
Trd, 259025.200, 139
Trd, 259025.783, 140
Trd, 259025.917, 140
Trd, 259025.933, 140
Trd, 259026.133, 139
Trd, 259026.167, 139
Trd, 259026.217, 138
Trd, 259026.300, 139
Trd, 259026.783, 139
Trd, 259026.850, 138
Trd, 259027.067, 140
Trd, 259027.467, 140
Trd, 259027.600, 138
Trd, 259027.883, 140
Trd, 259027.983, 140
Trd, 259029.483, 140
Trd, 259029.633, 140
Trd, 259030.317, 140
Trd, 259030.483, 140
Trd, 259030.600, 140
Trd, 259030.617, 140
Trd, 259031.033, 140
Trd, 259031.167, 140
Trd, 259031.183, 140
Trd, 259031.283, 140
Trd, 259031.333, 140
Trd, 259031.367, 140
Trd, 259031.400, 140
Trd, 259031.533, 140
Trd, 259031.767, 140
Trd, 259032.300, 137
Trd, 259032.933, 140
Trd, 259032.950, 139
Trd, 259032.983, 137
Trd, 259033.233, 134
Trd, 259034.067, 140
Trd, 259035.267, 140
Trd, 259035.467, 140
Trd, 259036.067, 140
Trd, 259036.133, 140
Trd, 259036.150, 140
Trd, 259036.183, 140
Trd, 259036.383, 140
Trd, 259036.400, 140
Trd, 259036.450, 140
Trd, 259036.583, 140
Trd, 259036.650, 140
Trd, 259036.683, 140
Trd, 259036.783, 140
Trd, 259037.117, 140
Trd, 259037.500, 140
Trd, 259037.733, 140
Trd, 259037.767, 140
Trd, 259037.867, 140
Trd, 259037.967, 140
Trd, 259038.183, 140
Trd, 259038.250, 140
Trd, 259038.567, 140
Trd, 259038.667, 140
Trd, 259038.783, 140
Trd, 259038.850, 140
Trd, 259038.917, 140
Trd, 259039.450, 140
Trd, 259039.667, 140
Trd, 259040.067, 140
Trd, 259040.283, 138
Trd, 259040.383, 134
Trd, 259040.700, 140
Trd, 259040.833, 133
Trd, 259041.000, 133
Trd, 259041.033, 132
Trd, 259041.300, 138
Trd, 259041.617, 140
Trd, 259042.067, 140
Trd, 259042.133, 140
Trd, 259042.567, 119
Trd, 259042.700, 139
Trd, 259043.633, 114
Trd, 259043.900, 133
Trd, 259044.567, 140
Trd, 259044.733, 138
Trd, 259044.750, 137
Trd, 259044.783, 119
Trd, 259044.817, 140
Trd, 259044.917, 139
Trd, 259045.000, 140
Trd, 259045.183, 138
Trd, 259045.367, 139
Trd, 259045.483, 139
Trd, 259045.550, 138
Trd, 259045.567, 133
Trd, 259045.717, 139
Trd, 259046.000, 139
Trd, 259046.200, 140
Trd, 259046.250, 140
Trd, 259046.950, 140
Trd, 259047.133, 140
Trd, 259047.333, 140
Trd, 259047.867, 140
Trd, 259047.900, 140
Trd, 259047.950, 140
Trd, 259047.967, 140
Trd, 259048.233, 140
Trd, 259048.367, 139
Trd, 259048.483, 138
Trd, 259048.733, 140
Trd, 259049.167, 140
Trd, 259049.317, 140
Trd, 259049.367, 140
Trd, 259049.500, 140
Trd, 259049.600, 140
Trd, 259049.633, 140
Trd, 259049.783, 140
Trd, 259050.083, 140
Trd, 259050.167, 140
Trd, 259050.700, 140
Trd, 259050.917, 140
Trd, 259051.250, 140
Trd, 259051.350, 140
Trd, 259051.550, 140
Trd, 259051.750, 140
Trd, 259052.067, 140
Trd, 259052.117, 140
Trd, 259052.417, 140
Trd, 259052.733, 139
Trd, 259053.217, 134
Trd, 259053.433, 136
Trd, 259053.450, 137
Trd, 259053.600, 134
Trd, 259054.167, 140
Trd, 259054.250, 136
Trd, 259054.417, 135
Trd, 259054.433, 136
Trd, 259054.517, 133
Trd, 259054.867, 140
Trd, 259055.267, 140
Trd, 259055.583, 140
Trd, 259056.200, 140
Trd, 259056.317, 140
Trd, 259056.750, 140
Trd, 259057.067, 140
Trd, 259057.350, 140
Trd, 259058.617, 140
Trd, 259058.650, 140
Trd, 259058.833, 140
Trd, 259058.867, 140
Trd, 259058.900, 140
Trd, 259058.950, 140
Trd, 259058.967, 140
Trd, 259059.000, 140
Trd, 259059.333, 140
Trd, 259059.450, 140
Trd, 259059.483, 140
Trd, 259059.633, 140
Trd, 259059.800, 140
Trd, 259059.917, 140
Trd, 259060.050, 139
Trd, 259060.233, 140
Trd, 259060.567, 139
Trd, 259060.800, 139
Trd, 259060.900, 139
Trd, 259060.933, 104
Trd, 259061.250, 118
Trd, 259061.667, 136
Trd, 259061.733, 137
Trd, 259062.117, 135
Trd, 259062.300, 132
Trd, 259062.683, 128
Trd, 259062.700, 121
Trd, 259062.933, 120
Trd, 259063.067, 120
Trd, 259063.133, 121
Trd, 259063.267, 132
Trd, 259063.350, 121
Trd, 259063.567, 120
Trd, 259063.700, 138
Trd, 259064.033, 124
Trd, 259064.050, 123
Trd, 259064.300, 121
Trd, 259064.450, 119
Trd, 259064.683, 110
Trd, 259064.900, 127
Trd, 259065.017, 127
Trd, 259065.217, 125
Trd, 259065.233, 98
Trd, 259065.483, 121
Trd, 259065.883, 123
Trd, 259066.183, 123
Trd, 259066.700, 74
Trd, 259066.817, 72
Trd, 259067.033, 73
Trd, 259067.267, 63
Trd, 259067.500, 64
Trd, 259067.517, 65
Trd, 259067.683, 63
Trd, 259067.733, 64
Trd, 259067.917, 63
Trd, 259068.117, 63
Trd, 259068.333, 64
Trd, 259068.417, 124
Trd, 259068.833, 140
Trd, 259069.500, 140
Trd, 259069.617, 140
Trd, 259069.700, 140
Trd, 259070.067, 140
Trd, 259070.283, 140
Trd, 259070.350, 140
Trd, 259070.583, 140
Trd, 259070.783, 140
Trd, 259070.983, 140
Trd, 259071.350, 140
Trd, 259071.583, 140
Trd, 259071.667, 140
Trd, 259071.717, 140
Trd, 259071.783, 140
Trd, 259071.883, 139
Trd, 259072.167, 105
Trd, 259072.417, 135
Trd, 259073.467, 133
Trd, 259073.700, 117
Trd, 259074.433, 121
Trd, 259074.717, 123
Trd, 259074.750, 122
Trd, 259074.883, 123
Trd, 259075.000, 124
Trd, 259075.433, 129
Trd, 259075.467, 128
Trd, 259075.583, 129
Trd, 259075.633, 131
Trd, 259075.767, 132
Trd, 259076.000, 130
Trd, 259076.317, 131
Trd, 259076.633, 140
Trd, 259077.067, 140
Trd, 259077.333, 140
Trd, 259077.917, 140
Trd, 259078.033, 140
Trd, 259078.067, 140
Trd, 259078.483, 138
Trd, 259078.567, 140
Trd, 259079.550, 140
Trd, 259079.983, 140
Trd, 259080.017, 140
Trd, 259080.100, 140
Trd, 259080.133, 140
Trd, 259080.150, 140
Trd, 259080.183, 140
Trd, 259080.583, 140
Trd, 259080.700, 140
Trd, 259080.717, 140
Trd, 259080.800, 140
Trd, 259080.983, 139
Trd, 259081.050, 140
Trd, 259081.183, 139
Trd, 259081.517, 138
Trd, 259081.550, 137
Trd, 259081.883, 138
Trd, 259082.000, 139
Trd, 259082.333, 138
Trd, 259082.433, 137
Trd, 259084.000, 140
Trd, 259084.183, 140
Trd, 259084.417, 140
Trd, 259084.767, 140
Trd, 259085.000, 140
Trd, 259085.033, 140
Trd, 259085.050, 140
Trd, 259085.217, 140
Trd, 259085.267, 140
Trd, 259085.400, 140
Trd, 259085.433, 140
Trd, 259085.567, 140
Trd, 259085.583, 137
Trd, 259085.633, 136
Trd, 259085.750, 135
Trd, 259085.850, 134
Trd, 259086.050, 134
Trd, 259086.900, 140
Trd, 259087.033, 140
Trd, 259087.117, 140
Trd, 259087.200, 140
Trd, 259087.283, 140
Trd, 259087.517, 140
Trd, 259087.550, 140
Trd, 259087.833, 135
Trd, 259088.033, 114
Trd, 259088.983, 140
Trd, 259089.050, 140
Trd, 259089.067, 140
Trd, 259089.383, 140
Trd, 259089.583, 140
Trd, 259089.750, 140
Trd, 259089.967, 140
Trd, 259090.033, 140
Trd, 259090.200, 140
Trd, 259090.300, 140
Trd, 259090.433, 140
Trd, 259090.517, 140
Trd, 259091.183, 140
Trd, 259091.200, 140
Trd, 259091.433, 138
Trd, 259091.617, 140
Trd, 259091.683, 140
Trd, 259092.017, 139
Trd, 259092.567, 140
Trd, 259092.700, 140
Trd, 259093.300, 140
Trd, 259093.767, 140
Trd, 259093.917, 140
Trd, 259095.100, 140
Trd, 259095.133, 140
Trd, 259095.233, 140
Trd, 259095.417, 140
Trd, 259095.583, 140
Trd, 259095.667, 140
Trd, 259095.717, 140
Trd, 259095.733, 140
Trd, 259095.767, 140
Trd, 259095.983, 140
Trd, 259096.017, 139
Trd, 259096.050, 139
Trd, 259096.233, 137
Trd, 259096.417, 138
Trd, 259096.717, 139
Trd, 259097.100, 139
Trd, 259097.150, 140
Trd, 259097.383, 140
Trd, 259097.783, 100
Trd, 259097.800, 99
Trd, 259098.500, 126
Trd, 259098.983, 129
Trd, 259099.117, 132
Trd, 259099.167, 133
Trd, 259099.300, 133
Trd, 259099.400, 132
Trd, 259099.750, 129
Trd, 259099.767, 128
Trd, 259099.850, 111
Trd, 259100.067, 106
Trd, 259100.150, 128
Trd, 259100.167, 129
Trd, 259100.400, 126
Trd, 259100.533, 99
Trd, 259100.650, 124
Trd, 259101.250, 100
Trd, 259101.317, 120
Trd, 259102.317, 114
Trd, 259102.500, 100
Trd, 259102.900, 114
Trd, 259102.917, 115
Trd, 259103.217, 96
Trd, 259103.267, 95
Trd, 259103.400, 95
Trd, 259103.567, 97
Trd, 259103.667, 118
Trd, 259103.717, 97
Trd, 259103.933, 95
Trd, 259104.033, 82
Trd, 259105.067, 140
Trd, 259105.167, 140
Trd, 259105.333, 140
Trd, 259105.500, 140
Trd, 259105.533, 139
Trd, 259105.817, 139
Trd, 259105.933, 138
Trd, 259106.167, 140
Trd, 259106.317, 139
Trd, 259106.483, 138
Trd, 259106.717, 137
Trd, 259106.733, 138
Trd, 259107.067, 125
Trd, 259107.650, 125
Trd, 259107.733, 132
Trd, 259107.750, 133
Trd, 259107.983, 125
Trd, 259108.017, 132
Trd, 259108.100, 124
Trd, 259108.200, 132
Trd, 259108.533, 131
Trd, 259108.667, 94
Trd, 259108.683, 106
Trd, 259108.850, 81
Trd, 259109.050, 134
Trd, 259109.217, 75
Trd, 259109.950, 94
Trd, 259110.017, 95
Trd, 259110.067, 96
Trd, 259110.100, 110
Trd, 259110.300, 83
Trd, 259110.667, 104
Trd, 259110.750, 105
Trd, 259110.817, 81
Trd, 259111.050, 129
Trd, 259111.117, 130
Trd, 259111.133, 85
Trd, 259111.717, 108
Trd, 259111.750, 92
Trd, 259112.900, 140
Trd, 259112.983, 140
Trd, 259113.250, 140
Trd, 259113.317, 140
Trd, 259113.417, 140
Trd, 259113.783, 140
Trd, 259113.883, 140
Trd, 259114.017, 140
Trd, 259114.500, 140
Trd, 259115.050, 140
Trd, 259115.167, 140
Trd, 259115.383, 140
Trd, 259115.833, 140
Trd, 259115.850, 140
Trd, 259115.883, 140
Trd, 259116.067, 140
Trd, 259116.100, 140
Trd, 259116.183, 140
Trd, 259116.217, 139
Trd, 259116.233, 139
Trd, 259116.650, 140
Trd, 259116.667, 140
Trd, 259116.967, 140
Trd, 259117.433, 140
Trd, 259117.550, 140
Trd, 259117.633, 140
Trd, 259117.650, 140
Trd, 259117.750, 140
Trd, 259118.017, 140
Trd, 259118.050, 140
Trd, 259118.433, 140
Trd, 259118.600, 139
Trd, 259118.800, 140
Trd, 259118.817, 140
Trd, 259120.017, 140
Trd, 259120.067, 140
Trd, 259120.133, 140
Trd, 259120.183, 140
Trd, 259120.217, 140
Trd, 259120.250, 140
Trd, 259120.600, 140
Trd, 259120.800, 140
Trd, 259121.217, 140
Trd, 259121.633, 140
Trd, 259121.950, 140
Trd, 259122.000, 140
Trd, 259122.317, 140
Trd, 259122.333, 140
Trd, 259122.567, 140
Trd, 259122.783, 140
Trd, 259123.450, 140
Trd, 259123.650, 140
Trd, 259123.967, 140
Trd, 259124.050, 140
Trd, 259124.350, 140
Trd, 259124.800, 140
Trd, 259124.833, 140
Trd, 259124.867, 140
Trd, 259125.050, 140
Trd, 259125.133, 140
Trd, 259125.167, 140
Trd, 259125.333, 140
Trd, 259125.383, 140
Trd, 259125.650, 139
Trd, 259125.883, 140
Trd, 259125.967, 140
Trd, 259126.333, 140
Trd, 259126.783, 140
Trd, 259126.983, 140
Trd, 259127.100, 140
Trd, 259127.167, 140
Trd, 259127.700, 140
Trd, 259128.417, 140
Trd, 259129.000, 140
Trd, 259129.083, 140
Trd, 259129.133, 140
Trd, 259129.233, 140
Trd, 259129.250, 140
Trd, 259129.350, 140
Trd, 259129.417, 140
Trd, 259129.517, 140
Trd, 259129.533, 139
Trd, 259129.583, 140
Trd, 259129.817, 136
Trd, 259129.850, 139
Trd, 259130.017, 126
Trd, 259130.050, 126
Trd, 259130.083, 107
Trd, 259130.717, 106
Trd, 259130.850, 95
Trd, 259130.983, 134
Trd, 259131.033, 86
Trd, 259131.117, 140
Trd, 259132.000, 60
Trd, 259132.067, 60
Trd, 259132.400, 60
Trd, 259132.433, 62
Trd, 259133.067, 139
Trd, 259133.183, 63
Trd, 259133.417, 139
Trd, 259133.850, 140
Trd, 259134.183, 140
Trd, 259134.300, 140
Trd, 259134.483, 140
Trd, 259134.550, 140
Trd, 259135.250, 140
Trd, 259135.500, 140
Trd, 259135.633, 140
Trd, 259135.750, 140
Trd, 259135.867, 140
Trd, 259136.783, 140
Trd, 259137.100, 140
Trd, 259137.250, 140
Trd, 259137.400, 140
Trd, 259137.683, 140
Trd, 259137.733, 140
Trd, 259137.800, 140
Trd, 259137.817, 140
Trd, 259137.917, 140
Trd, 259138.083, 140
Trd, 259138.100, 140
Trd, 259138.367, 140
Trd, 259138.417, 140
Trd, 259138.500, 140
Trd, 259138.567, 140
Trd, 259138.683, 140
Trd, 259138.717, 140
Trd, 259138.967, 140
Trd, 259139.033, 140
Trd, 259139.217, 140
Trd, 259140.033, 140
Trd, 259140.167, 140
Trd, 259140.350, 140
Trd, 259140.983, 140
Trd, 259141.317, 140
Trd, 259141.333, 140
Trd, 259141.500, 140
Trd, 259141.733, 140
Trd, 259142.083, 140
Trd, 259142.400, 140
Trd, 259142.583, 140
Trd, 259142.817, 140
Trd, 259143.550, 140
Trd, 259143.667, 140
Trd, 259143.683, 140
Trd, 259143.750, 140
Trd, 259144.117, 140
Trd, 259144.417, 140
Trd, 259144.433, 140
Trd, 259144.767, 139
Trd, 259145.750, 140
Trd, 259145.967, 140
Trd, 259146.200, 140
Trd, 259146.633, 140
Trd, 259147.050, 140
Trd, 259147.517, 140
Trd, 259147.567, 140
Trd, 259148.050, 140
Trd, 259148.333, 140
Trd, 259148.650, 140
Trd, 259148.850, 140
Trd, 259149.100, 140
Trd, 259149.150, 140
Trd, 259150.083, 140
Trd, 259150.450, 140
Trd, 259150.483, 140
Trd, 259150.517, 140
Trd, 259150.583, 139
Trd, 259150.650, 139
Trd, 259150.683, 139
Trd, 259150.800, 139
Trd, 259150.867, 138
Trd, 259151.000, 140
Trd, 259151.033, 137
Trd, 259151.100, 140
Trd, 259151.150, 136
Trd, 259151.183, 119
Trd, 259151.900, 124
Trd, 259152.067, 139
Trd, 259152.150, 124
Trd, 259152.533, 138
Trd, 259152.667, 140
Trd, 259152.800, 139
Trd, 259152.833, 137
Trd, 259153.117, 134
Trd, 259153.167, 137
Trd, 259153.300, 132
Trd, 259153.367, 137
Trd, 259153.567, 133
Trd, 259153.917, 135
Trd, 259153.950, 134
Trd, 259154.017, 133
Trd, 259154.150, 132
Trd, 259154.400, 134
Trd, 259155.250, 124
Trd, 259155.283, 134
Trd, 259155.483, 135
Trd, 259155.733, 124
Trd, 259156.117, 114
Trd, 259156.583, 140
Trd, 259157.133, 140
Trd, 259157.200, 140
Trd, 259157.250, 140
Trd, 259157.317, 140
Trd, 259157.350, 140
Trd, 259157.450, 139
Trd, 259157.817, 140
Trd, 259158.033, 140
Trd, 259158.550, 140
Trd, 259158.900, 140
Trd, 259159.033, 140
Trd, 259159.083, 140
Trd, 259159.150, 140
Trd, 259159.300, 140
Trd, 259159.500, 140
Trd, 259159.667, 140
Trd, 259159.767, 140
Trd, 259159.983, 140
Trd, 259160.083, 140
Trd, 259160.217, 117
Trd, 259160.633, 114
Trd, 259160.667, 113
Trd, 259161.017, 135
Trd, 259161.100, 137
Trd, 259161.750, 140
Trd, 259161.833, 140
Trd, 259161.933, 140
Trd, 259162.100, 140
Trd, 259162.233, 140
Trd, 259162.550, 140
Trd, 259162.733, 139
Trd, 259162.950, 138
Trd, 259162.983, 119
Trd, 259163.033, 112
Trd, 259163.550, 140
Trd, 259164.150, 140
Trd, 259164.500, 140
Trd, 259164.817, 140
Trd, 259164.867, 140
Trd, 259164.883, 140
Trd, 259165.050, 140
Trd, 259165.383, 140
Trd, 259165.500, 140
Trd, 259165.683, 140
Trd, 259165.733, 140
Trd, 259165.817, 139
Trd, 259166.067, 140
Trd, 259166.417, 140
Trd, 259166.683, 140
Trd, 259166.733, 140
Trd, 259166.767, 140
Trd, 259167.083, 140
Trd, 259168.100, 140
Trd, 259168.967, 140
Trd, 259169.350, 140
Trd, 259169.517, 140
Trd, 259169.567, 140
Trd, 259169.600, 140
Trd, 259169.850, 140
Trd, 259169.883, 140
Trd, 259170.000, 140
Trd, 259170.017, 140
Trd, 259170.250, 140
Trd, 259170.267, 140
Trd, 259170.317, 140
Trd, 259170.417, 140
Trd, 259170.433, 140
Trd, 259170.550, 140
Trd, 259171.050, 139
Trd, 259171.217, 140
Trd, 259171.533, 140
Trd, 259171.583, 140
Trd, 259171.717, 140
Trd, 259171.800, 139
Trd, 259172.017, 137
Trd, 259172.183, 139
Trd, 259172.400, 139
Trd, 259172.417, 138
Trd, 259172.483, 137
Trd, 259172.517, 136
Trd, 259172.983, 121
Trd, 259173.067, 120
Trd, 259173.283, 139
Trd, 259173.400, 112
Trd, 259173.867, 123
Trd, 259174.683, 140
Trd, 259174.783, 140
Trd, 259174.933, 140
Trd, 259176.033, 140
Trd, 259176.233, 140
Trd, 259176.317, 140
Trd, 259176.350, 140
Trd, 259176.367, 140
Trd, 259176.433, 140
Trd, 259176.450, 140
Trd, 259176.467, 140
Trd, 259177.267, 140
Trd, 259177.483, 140
Trd, 259177.833, 140
Trd, 259177.867, 140
Trd, 259177.900, 140
Trd, 259178.167, 139
Trd, 259178.267, 139
Trd, 259178.733, 139
Trd, 259178.833, 139
Trd, 259179.033, 139
Trd, 259179.233, 140
Trd, 259180.133, 140
Trd, 259180.150, 140
Trd, 259180.283, 140
Trd, 259180.483, 140
Trd, 259180.883, 140
Trd, 259180.950, 140
Trd, 259181.050, 140
Trd, 259181.283, 140
Trd, 259181.317, 140
Trd, 259181.583, 140
Trd, 259181.633, 140
Trd, 259181.733, 138
Trd, 259181.950, 138
Trd, 259181.983, 137
Trd, 259182.117, 136
Trd, 259182.200, 134
Trd, 259182.250, 136
Trd, 259182.433, 116
Trd, 259182.600, 103
Trd, 259182.950, 116
Trd, 259182.967, 136
Trd, 259183.367, 106
Trd, 259183.517, 130
Trd, 259183.817, 129
Trd, 259184.217, 128
Trd, 259184.350, 110
Trd, 259184.783, 111
Trd, 259184.950, 127
Trd, 259185.133, 128
Trd, 259185.283, 131
Trd, 259185.833, 140
Trd, 259186.017, 140
Trd, 259186.133, 140
Trd, 259187.117, 140
Trd, 259187.300, 140
Trd, 259187.417, 140
Trd, 259187.450, 140
Trd, 259187.467, 140
Trd, 259187.700, 140
Trd, 259187.767, 140
Trd, 259187.983, 140
Trd, 259188.100, 140
Trd, 259188.283, 140
Trd, 259188.400, 140
Trd, 259188.617, 140
Trd, 259188.633, 137
Trd, 259188.683, 133
Trd, 259188.817, 127
Trd, 259188.867, 140
Trd, 259189.150, 128
Trd, 259189.250, 126
Trd, 259189.267, 112
Trd, 259189.683, 136
Trd, 259189.917, 139
Trd, 259190.067, 140
Trd, 259190.317, 140
Trd, 259190.483, 139
Trd, 259190.700, 138
Trd, 259191.083, 139
Trd, 259191.167, 138
Trd, 259191.367, 137
Trd, 259192.050, 135
Trd, 259192.283, 113
Trd, 259192.333, 112
Trd, 259192.650, 96
Trd, 259192.867, 133
Trd, 259193.233, 87
Trd, 259193.267, 128
Trd, 259194.000, 60
Trd, 259194.017, 62
Trd, 259194.033, 63
Trd, 259194.050, 64
Trd, 259194.267, 74
Trd, 259194.467, 63
Trd, 259194.550, 91
Trd, 259194.600, 66
Trd, 259194.717, 61
Trd, 259194.917, 60
Trd, 259195.117, 64
Trd, 259195.450, 61
Trd, 259195.717, 61
Trd, 259195.833, 61
Trd, 259196.083, 62
Trd, 259196.500, 68
Trd, 259196.867, 138
Trd, 259197.867, 140
Trd, 259198.133, 140
Trd, 259198.367, 140
Trd, 259198.417, 140
Trd, 259198.517, 140
Trd, 259199.200, 140
Trd, 259199.400, 140
Trd, 259199.500, 140
Trd, 259199.733, 140
Trd, 259199.767, 140
Trd, 259199.800, 140
Trd, 259199.917, 140
