Trd, 258568.517, 140
Trd, 258568.667, 140
Trd, 258569.450, 137
Trd, 258569.550, 132
Trd, 258569.650, 131
Trd, 258570.017, 132
Trd, 258570.317, 132
Trd, 258570.367, 131
Trd, 258570.583, 137
Trd, 258570.700, 132
Trd, 258570.817, 124
Trd, 258570.850, 114
Trd, 258570.933, 107
Trd, 258571.533, 122
Trd, 258571.683, 130
Trd, 258571.983, 122
Trd, 258572.283, 121
Trd, 258572.567, 130
Trd, 258572.733, 131
Trd, 258572.800, 112
Trd, 258573.100, 112
Trd, 258574.000, 99
Trd, 258574.100, 112
Trd, 258574.533, 112
Trd, 258574.800, 113
Trd, 258574.933, 110
Trd, 258575.150, 113
Trd, 258575.167, 126
Trd, 258575.200, 140
Trd, 258575.383, 102
Trd, 258576.000, 121
Trd, 258576.367, 121
Trd, 258577.033, 121
Trd, 258577.067, 120
Trd, 258577.217, 117
Trd, 258577.700, 117
Trd, 258577.833, 127
Trd, 258577.950, 107
Trd, 258578.117, 106
Trd, 258578.300, 106
Trd, 258578.567, 106
Trd, 258579.117, 106
Trd, 258579.183, 105
Trd, 258579.300, 83
Trd, 258580.133, 95
Trd, 258580.700, 121
Trd, 258580.900, 123
Trd, 258580.950, 118
Trd, 258580.967, 117
Trd, 258581.433, 119
Trd, 258581.467, 122
Trd, 258581.833, 119
Trd, 258581.967, 116
Trd, 258582.550, 140
Trd, 258582.933, 140
Trd, 258582.950, 140
Trd, 258583.367, 140
Trd, 258583.400, 133
Trd, 258583.683, 128
Trd, 258584.683, 139
Trd, 258584.700, 113
Trd, 258585.067, 113
Trd, 258585.433, 112
Trd, 258585.483, 129
Trd, 258585.633, 107
Trd, 258585.700, 101
Trd, 258586.350, 99
Trd, 258586.383, 94
Trd, 258586.733, 93
Trd, 258587.100, 111
Trd, 258587.267, 106
Trd, 258587.367, 119
Trd, 258587.450, 120
Trd, 258587.483, 116
Trd, 258587.833, 113
Trd, 258587.850, 110
Trd, 258588.617, 118
Trd, 258588.767, 118
Trd, 258588.950, 120
Trd, 258589.233, 118
Trd, 258589.717, 121
Trd, 258589.833, 125
Trd, 258590.133, 118
Trd, 258590.633, 123
Trd, 258590.733, 119
Trd, 258591.150, 101
Trd, 258591.250, 109
Trd, 258591.283, 100
Trd, 258591.300, 114
Trd, 258591.817, 91
Trd, 258592.150, 97
Trd, 258592.700, 130
Trd, 258592.917, 118
Trd, 258592.950, 137
Trd, 258592.967, 117
Trd, 258593.050, 116
Trd, 258593.133, 110
Trd, 258593.350, 104
Trd, 258593.400, 106
Trd, 258593.483, 104
Trd, 258593.533, 97
Trd, 258594.017, 139
Trd, 258594.317, 124
Trd, 258594.950, 140
Trd, 258595.000, 140
Trd, 258595.150, 140
Trd, 258595.333, 131
Trd, 258596.300, 135
Trd, 258596.367, 134
Trd, 258596.500, 131
Trd, 258596.833, 130
Trd, 258596.933, 121
Trd, 258597.000, 109
Trd, 258597.367, 137
Trd, 258598.717, 136
Trd, 258598.983, 115
Trd, 258599.433, 114
Trd, 258599.617, 115
Trd, 258599.650, 115
Trd, 258599.717, 114
Trd, 258599.733, 110
Trd, 258600.300, 120
Trd, 258600.383, 125
Trd, 258600.667, 117
Trd, 258600.800, 104
Trd, 258601.200, 108
Trd, 258601.533, 119
Trd, 258601.600, 120
Trd, 258601.733, 118
Trd, 258601.750, 120
Trd, 258602.617, 124
Trd, 258602.800, 117
Trd, 258602.833, 116
Trd, 258603.350, 112
Trd, 258603.667, 132
Trd, 258604.267, 128
Trd, 258604.533, 138
Trd, 258604.817, 136
Trd, 258605.083, 129
Trd, 258605.283, 128
Trd, 258605.717, 128
Trd, 258606.350, 138
Trd, 258606.683, 133
Trd, 258606.817, 134
Trd, 258607.133, 133
Trd, 258607.350, 132
Trd, 258607.400, 131
Trd, 258607.650, 130
Trd, 258608.000, 129
Trd, 258608.567, 128
Trd, 258608.583, 127
Trd, 258608.667, 126
Trd, 258609.183, 136
Trd, 258609.417, 139
Trd, 258609.633, 135
Trd, 258609.900, 129
Trd, 258609.950, 119
Trd, 258610.067, 124
Trd, 258611.100, 129
Trd, 258611.167, 122
Trd, 258611.450, 121
Trd, 258611.633, 122
Trd, 258612.033, 138
Trd, 258612.233, 135
Trd, 258612.717, 125
Trd, 258612.783, 123
Trd, 258612.867, 114
Trd, 258613.133, 112
Trd, 258614.383, 125
Trd, 258614.633, 120
Trd, 258614.717, 120
Trd, 258614.733, 121
Trd, 258614.850, 119
Trd, 258615.050, 129
Trd, 258615.117, 114
Trd, 258615.483, 129
Trd, 258615.517, 117
Trd, 258615.667, 133
Trd, 258615.983, 115
Trd, 258616.233, 111
Trd, 258616.383, 107
Trd, 258616.717, 124
Trd, 258616.750, 123
Trd, 258617.067, 107
Trd, 258617.100, 106
Trd, 258617.383, 134
Trd, 258618.033, 133
Trd, 258618.567, 140
Trd, 258618.683, 139
Trd, 258618.867, 119
Trd, 258618.950, 118
Trd, 258619.117, 106
Trd, 258619.950, 102
Trd, 258619.983, 103
Trd, 258620.400, 136
Trd, 258620.717, 131
Trd, 258620.767, 127
Trd, 258620.783, 104
Trd, 258621.133, 116
Trd, 258621.483, 103
Trd, 258621.600, 103
Trd, 258622.183, 125
Trd, 258622.283, 117
Trd, 258622.700, 117
Trd, 258623.183, 119
Trd, 258623.283, 119
Trd, 258623.350, 128
Trd, 258623.717, 137
Trd, 258624.317, 137
Trd, 258624.567, 134
Trd, 258624.600, 134
Trd, 258624.667, 118
Trd, 258624.783, 113
Trd, 258625.083, 101
Trd, 258625.633, 105
Trd, 258625.667, 103
Trd, 258625.917, 105
Trd, 258626.250, 104
Trd, 258626.367, 100
Trd, 258626.783, 104
Trd, 258626.850, 97
Trd, 258627.000, 91
Trd, 258627.200, 112
Trd, 258627.483, 132
Trd, 258627.700, 140
Trd, 258628.317, 114
Trd, 258628.817, 117
Trd, 258628.833, 102
Trd, 258628.967, 134
Trd, 258629.667, 139
Trd, 258630.667, 140
Trd, 258630.700, 140
Trd, 258631.100, 140
Trd, 258631.133, 136
Trd, 258631.750, 124
Trd, 258631.867, 122
Trd, 258632.000, 122
Trd, 258632.117, 120
Trd, 258632.433, 132
Trd, 258632.583, 127
Trd, 258632.600, 118
Trd, 258632.733, 113
Trd, 258632.983, 112
Trd, 258633.133, 114
Trd, 258633.150, 110
Trd, 258633.367, 116
Trd, 258633.483, 108
Trd, 258634.433, 131
Trd, 258634.750, 130
Trd, 258634.967, 125
Trd, 258635.083, 132
Trd, 258635.617, 134
Trd, 258635.717, 133
Trd, 258635.867, 132
Trd, 258635.983, 119
Trd, 258636.217, 117
Trd, 258636.333, 127
Trd, 258636.583, 108
Trd, 258636.800, 110
Trd, 258636.867, 107
Trd, 258636.950, 105
Trd, 258637.300, 105
Trd, 258637.600, 97
Trd, 258637.867, 126
Trd, 258638.250, 113
Trd, 258638.300, 104
Trd, 258638.400, 103
Trd, 258638.733, 110
Trd, 258638.800, 112
Trd, 258638.967, 116
Trd, 258639.350, 119
Trd, 258639.433, 108
Trd, 258639.633, 104
Trd, 258639.900, 103
Trd, 258640.083, 102
Trd, 258640.783, 102
Trd, 258640.950, 101
Trd, 258641.967, 104
Trd, 258642.217, 109
Trd, 258642.550, 116
Trd, 258642.867, 117
Trd, 258643.033, 116
Trd, 258643.067, 118
Trd, 258643.617, 110
Trd, 258643.650, 119
Trd, 258643.667, 109
Trd, 258643.900, 108
Trd, 258644.067, 118
Trd, 258644.150, 113
Trd, 258644.583, 111
Trd, 258644.767, 126
Trd, 258644.800, 117
Trd, 258644.967, 110
Trd, 258645.150, 108
Trd, 258645.483, 110
Trd, 258645.500, 109
Trd, 258646.267, 114
Trd, 258646.417, 111
Trd, 258646.633, 111
Trd, 258646.650, 136
Trd, 258646.883, 108
Trd, 258646.933, 107
Trd, 258647.383, 126
Trd, 258647.417, 125
Trd, 258647.800, 130
Trd, 258647.867, 131
Trd, 258648.033, 107
Trd, 258648.100, 106
Trd, 258648.183, 115
Trd, 258648.433, 105
Trd, 258648.567, 103
Trd, 258648.750, 107
Trd, 258648.817, 97
Trd, 258649.367, 108
Trd, 258649.417, 128
Trd, 258649.483, 107
Trd, 258650.083, 98
Trd, 258650.417, 98
Trd, 258650.500, 97
Trd, 258650.717, 85
Trd, 258650.833, 84
Trd, 258651.267, 90
Trd, 258652.350, 115
Trd, 258652.467, 116
Trd, 258652.750, 119
Trd, 258653.017, 108
Trd, 258653.183, 116
Trd, 258653.300, 109
Trd, 258653.483, 110
Trd, 258653.667, 109
Trd, 258653.900, 120
Trd, 258654.050, 113
Trd, 258654.083, 109
Trd, 258654.117, 108
Trd, 258654.967, 124
Trd, 258655.183, 127
Trd, 258655.267, 109
Trd, 258655.600, 135
Trd, 258656.083, 113
Trd, 258656.367, 135
Trd, 258656.650, 123
Trd, 258656.700, 115
Trd, 258656.883, 113
Trd, 258656.983, 113
Trd, 258658.250, 140
Trd, 258658.317, 140
Trd, 258658.600, 140
Trd, 258658.667, 132
Trd, 258658.750, 127
Trd, 258658.833, 126
Trd, 258658.850, 118
Trd, 258659.200, 137
Trd, 258659.283, 129
Trd, 258659.367, 138
Trd, 258659.533, 128
Trd, 258659.850, 128
Trd, 258660.017, 127
Trd, 258660.700, 140
Trd, 258661.217, 139
Trd, 258661.417, 140
Trd, 258661.550, 137
Trd, 258661.567, 136
Trd, 258661.683, 134
Trd, 258662.117, 126
Trd, 258662.817, 126
Trd, 258662.850, 124
Trd, 258662.950, 119
Trd, 258663.100, 119
Trd, 258663.233, 118
Trd, 258663.250, 126
Trd, 258663.317, 127
Trd, 258663.417, 131
Trd, 258663.667, 116
Trd, 258663.850, 113
Trd, 258664.117, 132
Trd, 258664.183, 105
Trd, 258664.533, 131
Trd, 258665.033, 140
Trd, 258665.200, 139
Trd, 258665.233, 131
Trd, 258665.883, 129
Trd, 258666.083, 111
Trd, 258666.350, 109
Trd, 258666.383, 108
Trd, 258666.683, 118
Trd, 258666.933, 125
Trd, 258668.633, 117
Trd, 258668.717, 116
Trd, 258668.900, 134
Trd, 258669.000, 114
Trd, 258669.017, 113
Trd, 258669.133, 128
Trd, 258669.300, 113
Trd, 258669.917, 117
Trd, 258670.067, 118
Trd, 258670.167, 121
Trd, 258670.650, 116
Trd, 258670.767, 122
Trd, 258671.033, 133
Trd, 258671.800, 140
Trd, 258672.183, 140
Trd, 258672.233, 129
Trd, 258672.300, 125
Trd, 258672.667, 126
Trd, 258672.733, 116
Trd, 258672.833, 111
Trd, 258672.967, 137
Trd, 258673.083, 135
Trd, 258673.550, 120
Trd, 258673.617, 136
Trd, 258673.817, 122
Trd, 258674.183, 131
Trd, 258674.467, 139
Trd, 258674.983, 139
Trd, 258675.350, 130
Trd, 258675.467, 128
Trd, 258675.483, 119
Trd, 258675.567, 113
Trd, 258675.583, 110
Trd, 258675.733, 114
Trd, 258676.717, 131
Trd, 258677.333, 119
Trd, 258677.500, 129
Trd, 258677.633, 131
Trd, 258677.783, 120
Trd, 258678.200, 127
Trd, 258678.250, 121
Trd, 258678.283, 132
Trd, 258678.467, 118
Trd, 258679.083, 113
Trd, 258679.650, 107
Trd, 258679.800, 106
Trd, 258680.033, 105
Trd, 258680.450, 106
Trd, 258681.750, 133
Trd, 258681.867, 133
Trd, 258682.067, 134
Trd, 258682.283, 135
Trd, 258682.317, 133
Trd, 258682.350, 131
Trd, 258682.917, 132
Trd, 258683.267, 130
Trd, 258683.317, 127
Trd, 258683.550, 113
Trd, 258683.583, 112
Trd, 258683.633, 118
Trd, 258683.650, 108
Trd, 258684.017, 135
Trd, 258684.550, 140
Trd, 258685.417, 140
Trd, 258685.800, 140
Trd, 258685.900, 132
Trd, 258686.183, 122
Trd, 258686.267, 120
Trd, 258686.283, 119
Trd, 258686.683, 120
Trd, 258686.900, 121
Trd, 258686.917, 116
Trd, 258687.050, 115
Trd, 258687.317, 108
Trd, 258687.683, 114
Trd, 258687.850, 116
Trd, 258688.383, 116
Trd, 258688.550, 122
Trd, 258688.600, 115
Trd, 258688.633, 114
Trd, 258688.700, 104
Trd, 258689.017, 117
Trd, 258689.300, 136
Trd, 258689.667, 125
Trd, 258690.550, 118
Trd, 258690.850, 117
Trd, 258691.100, 116
Trd, 258691.233, 112
Trd, 258691.717, 117
Trd, 258691.750, 134
Trd, 258692.567, 124
Trd, 258692.633, 127
Trd, 258692.667, 123
Trd, 258692.700, 119
Trd, 258692.800, 118
Trd, 258693.150, 113
Trd, 258693.167, 108
Trd, 258694.267, 116
Trd, 258694.483, 110
Trd, 258694.633, 108
Trd, 258694.883, 125
Trd, 258695.333, 128
Trd, 258695.350, 115
Trd, 258695.467, 114
Trd, 258695.583, 130
Trd, 258695.733, 107
Trd, 258696.467, 121
Trd, 258696.550, 120
Trd, 258696.617, 119
Trd, 258697.050, 124
Trd, 258697.183, 124
Trd, 258697.433, 126
Trd, 258697.617, 134
Trd, 258697.667, 126
Trd, 258697.850, 124
Trd, 258698.083, 137
Trd, 258698.100, 134
Trd, 258698.467, 140
Trd, 258698.783, 139
Trd, 258698.800, 137
Trd, 258700.083, 126
Trd, 258700.100, 125
Trd, 258700.667, 119
Trd, 258700.717, 118
Trd, 258701.017, 139
Trd, 258701.167, 138
Trd, 258701.900, 116
Trd, 258702.500, 131
Trd, 258702.517, 131
Trd, 258702.633, 117
Trd, 258702.683, 116
Trd, 258703.017, 115
Trd, 258703.033, 107
Trd, 258703.300, 107
Trd, 258703.317, 133
Trd, 258703.433, 106
Trd, 258703.550, 106
Trd, 258703.617, 100
Trd, 258704.217, 118
Trd, 258704.367, 117
Trd, 258704.450, 117
Trd, 258704.467, 115
Trd, 258704.700, 114
Trd, 258704.883, 116
Trd, 258705.050, 115
Trd, 258705.183, 114
Trd, 258705.850, 110
Trd, 258706.167, 110
Trd, 258706.317, 122
Trd, 258706.500, 137
Trd, 258706.933, 128
Trd, 258707.100, 109
Trd, 258707.450, 111
Trd, 258707.483, 109
Trd, 258707.733, 113
Trd, 258707.750, 113
Trd, 258708.050, 110
Trd, 258708.100, 117
Trd, 258708.383, 118
Trd, 258708.933, 103
Trd, 258709.000, 104
Trd, 258709.083, 102
Trd, 258709.117, 101
Trd, 258709.250, 95
Trd, 258709.267, 119
Trd, 258709.500, 120
Trd, 258709.533, 123
Trd, 258710.350, 108
Trd, 258710.667, 107
Trd, 258710.717, 103
Trd, 258710.833, 114
Trd, 258711.350, 119
Trd, 258711.633, 138
Trd, 258711.883, 119
Trd, 258711.900, 117
Trd, 258712.000, 112
Trd, 258712.150, 111
Trd, 258712.450, 102
Trd, 258712.917, 110
Trd, 258713.050, 112
Trd, 258713.217, 103
Trd, 258713.650, 104
Trd, 258713.933, 101
Trd, 258714.083, 118
Trd, 258714.200, 117
Trd, 258714.750, 135
Trd, 258714.850, 105
Trd, 258715.117, 133
Trd, 258715.317, 126
Trd, 258715.500, 127
Trd, 258715.550, 93
Trd, 258715.717, 88
Trd, 258716.683, 90
Trd, 258716.833, 106
Trd, 258716.983, 93
Trd, 258717.050, 110
Trd, 258717.067, 111
Trd, 258717.183, 93
Trd, 258717.200, 112
Trd, 258717.733, 137
Trd, 258717.983, 101
Trd, 258718.350, 125
Trd, 258719.467, 126
Trd, 258719.517, 124
Trd, 258719.550, 119
Trd, 258720.000, 136
Trd, 258720.083, 112
Trd, 258720.450, 100
Trd, 258720.667, 101
Trd, 258720.817, 135
Trd, 258720.933, 101
Trd, 258721.250, 100
Trd, 258721.617, 100
Trd, 258721.833, 93
Trd, 258722.033, 101
Trd, 258722.217, 119
Trd, 258723.017, 110
Trd, 258723.067, 109
Trd, 258723.333, 123
Trd, 258724.000, 126
Trd, 258724.200, 109
Trd, 258724.717, 116
Trd, 258724.733, 109
Trd, 258725.083, 112
Trd, 258725.100, 111
Trd, 258725.783, 124
Trd, 258725.933, 115
Trd, 258726.183, 116
Trd, 258726.700, 122
Trd, 258726.767, 125
Trd, 258726.817, 118
Trd, 258727.033, 117
Trd, 258727.400, 116
Trd, 258727.617, 113
Trd, 258727.983, 111
Trd, 258728.017, 126
Trd, 258728.167, 112
Trd, 258728.400, 107
Trd, 258728.767, 105
Trd, 258729.500, 118
Trd, 258729.517, 110
Trd, 258729.600, 109
Trd, 258729.633, 110
Trd, 258729.650, 119
Trd, 258729.683, 103
Trd, 258729.717, 122
Trd, 258729.983, 101
Trd, 258730.167, 96
Trd, 258730.567, 83
Trd, 258730.700, 140
Trd, 258731.050, 131
Trd, 258731.083, 111
Trd, 258731.200, 140
Trd, 258731.567, 121
Trd, 258731.600, 73
Trd, 258731.917, 125
Trd, 258732.100, 80
Trd, 258732.417, 60
Trd, 258732.833, 95
Trd, 258733.383, 99
Trd, 258733.450, 98
Trd, 258733.783, 104
Trd, 258734.600, 109
Trd, 258734.783, 109
Trd, 258734.933, 127
Trd, 258734.950, 123
Trd, 258735.117, 111
Trd, 258735.317, 111
Trd, 258735.550, 110
Trd, 258735.867, 110
Trd, 258736.467, 123
Trd, 258736.850, 133
Trd, 258737.017, 126
Trd, 258737.067, 134
Trd, 258737.267, 123
Trd, 258737.283, 122
Trd, 258737.567, 133
Trd, 258738.100, 133
Trd, 258738.150, 132
Trd, 258738.233, 129
Trd, 258738.483, 117
Trd, 258738.500, 117
Trd, 258738.750, 117
Trd, 258739.167, 119
Trd, 258739.283, 120
Trd, 258739.683, 116
Trd, 258740.183, 116
Trd, 258740.300, 116
Trd, 258740.483, 122
Trd, 258741.783, 140
Trd, 258741.833, 140
Trd, 258741.950, 140
Trd, 258742.083, 135
Trd, 258742.300, 134
Trd, 258742.550, 122
Trd, 258742.817, 135
Trd, 258743.067, 118
Trd, 258743.100, 125
Trd, 258743.167, 111
Trd, 258743.250, 106
Trd, 258743.567, 126
Trd, 258743.783, 130
Trd, 258744.500, 114
Trd, 258745.383, 124
Trd, 258745.433, 123
Trd, 258745.533, 122
Trd, 258745.750, 124
Trd, 258746.283, 116
Trd, 258746.600, 120
Trd, 258746.817, 119
Trd, 258746.850, 121
Trd, 258747.017, 122
Trd, 258747.083, 115
Trd, 258747.550, 111
Trd, 258747.600, 133
Trd, 258747.717, 130
Trd, 258748.333, 102
Trd, 258748.950, 101
Trd, 258749.283, 133
Trd, 258749.400, 132
Trd, 258749.433, 134
Trd, 258749.683, 111
Trd, 258749.733, 111
Trd, 258750.017, 130
Trd, 258750.183, 129
Trd, 258750.367, 118
Trd, 258750.583, 117
Trd, 258750.733, 115
Trd, 258750.883, 115
Trd, 258751.350, 135
Trd, 258751.550, 134
Trd, 258751.683, 120
Trd, 258752.517, 132
Trd, 258752.567, 130
Trd, 258752.883, 129
Trd, 258753.083, 134
Trd, 258753.317, 127
Trd, 258753.500, 127
Trd, 258753.833, 127
Trd, 258754.100, 115
Trd, 258754.183, 116
Trd, 258754.467, 138
Trd, 258754.700, 115
Trd, 258754.833, 114
Trd, 258755.117, 133
Trd, 258755.183, 114
Trd, 258755.250, 104
Trd, 258755.367, 139
Trd, 258755.433, 103
Trd, 258755.800, 128
Trd, 258756.167, 95
Trd, 258756.567, 100
Trd, 258756.833, 109
Trd, 258757.000, 94
Trd, 258757.317, 111
Trd, 258757.633, 110
Trd, 258758.100, 126
Trd, 258758.217, 125
Trd, 258758.450, 126
Trd, 258758.850, 128
Trd, 258758.883, 108
Trd, 258760.217, 124
Trd, 258760.233, 123
Trd, 258760.317, 112
Trd, 258760.483, 130
Trd, 258760.500, 123
Trd, 258760.667, 106
Trd, 258761.117, 101
Trd, 258761.300, 119
Trd, 258761.567, 104
Trd, 258761.617, 103
Trd, 258762.600, 108
Trd, 258762.767, 106
Trd, 258763.067, 104
Trd, 258763.167, 123
Trd, 258763.267, 100
Trd, 258763.600, 114
Trd, 258763.683, 126
Trd, 258764.017, 130
Trd, 258764.100, 126
Trd, 258764.217, 108
Trd, 258764.567, 131
Trd, 258764.767, 132
Trd, 258764.950, 127
Trd, 258765.433, 125
Trd, 258765.483, 124
Trd, 258765.550, 131
Trd, 258765.767, 99
Trd, 258765.900, 101
Trd, 258766.850, 119
Trd, 258767.517, 140
Trd, 258767.883, 139
Trd, 258767.917, 129
Trd, 258768.133, 129
Trd, 258768.350, 128
Trd, 258768.600, 132
Trd, 258769.267, 138
Trd, 258769.733, 139
Trd, 258770.050, 139
Trd, 258770.200, 134
Trd, 258770.300, 118
Trd, 258770.467, 118
Trd, 258770.767, 119
Trd, 258770.850, 118
Trd, 258771.400, 136
Trd, 258771.450, 129
Trd, 258772.067, 133
Trd, 258772.533, 131
Trd, 258772.600, 123
Trd, 258772.717, 113
Trd, 258772.867, 111
Trd, 258773.133, 131
Trd, 258773.283, 112
Trd, 258773.350, 134
Trd, 258773.617, 107
Trd, 258773.767, 119
Trd, 258773.933, 105
Trd, 258774.117, 101
Trd, 258774.850, 117
Trd, 258775.250, 110
Trd, 258775.283, 101
Trd, 258775.300, 133
Trd, 258775.900, 134
Trd, 258775.933, 132
Trd, 258776.117, 98
Trd, 258776.383, 132
Trd, 258776.467, 131
Trd, 258776.783, 126
Trd, 258777.517, 99
Trd, 258777.683, 110
Trd, 258777.800, 98
Trd, 258777.817, 89
Trd, 258778.117, 120
Trd, 258778.183, 101
Trd, 258778.950, 140
Trd, 258779.067, 139
Trd, 258779.150, 133
Trd, 258779.283, 132
Trd, 258779.417, 118
Trd, 258779.750, 108
Trd, 258780.017, 126
Trd, 258780.600, 102
Trd, 258780.650, 101
Trd, 258780.750, 118
Trd, 258781.050, 103
Trd, 258781.250, 119
Trd, 258782.417, 135
Trd, 258782.450, 127
Trd, 258782.717, 122
Trd, 258782.917, 119
Trd, 258783.350, 133
Trd, 258783.550, 123
Trd, 258783.567, 122
Trd, 258783.750, 123
Trd, 258783.800, 121
Trd, 258783.883, 125
Trd, 258784.683, 139
Trd, 258784.967, 139
Trd, 258785.183, 138
Trd, 258785.500, 138
Trd, 258785.717, 124
Trd, 258785.850, 124
Trd, 258786.083, 120
Trd, 258786.100, 118
Trd, 258786.183, 130
Trd, 258786.317, 111
Trd, 258786.567, 137
Trd, 258786.817, 104
Trd, 258786.983, 104
Trd, 258787.283, 103
Trd, 258787.400, 137
Trd, 258787.517, 102
Trd, 258788.600, 103
Trd, 258788.667, 111
Trd, 258788.700, 116
Trd, 258788.733, 102
Trd, 258789.050, 101
Trd, 258789.267, 115
Trd, 258789.433, 106
Trd, 258789.550, 120
Trd, 258789.583, 135
Trd, 258789.883, 128
Trd, 258790.000, 127
Trd, 258790.700, 128
Trd, 258790.883, 130
Trd, 258791.667, 137
Trd, 258791.700, 136
Trd, 258792.233, 134
Trd, 258792.617, 133
Trd, 258793.117, 133
Trd, 258793.250, 133
Trd, 258793.267, 129
Trd, 258793.750, 137
Trd, 258794.367, 123
Trd, 258794.583, 114
Trd, 258794.633, 113
Trd, 258794.900, 128
Trd, 258795.383, 140
Trd, 258795.567, 130
Trd, 258796.050, 136
Trd, 258796.200, 130
Trd, 258796.283, 134
Trd, 258796.517, 129
Trd, 258796.567, 110
Trd, 258796.633, 108
Trd, 258797.100, 110
Trd, 258797.617, 132
Trd, 258797.783, 103
Trd, 258798.400, 128
Trd, 258798.433, 127
Trd, 258798.450, 131
Trd, 258799.033, 130
Trd, 258799.383, 131
Trd, 258799.467, 134
Trd, 258799.550, 137
Trd, 258799.883, 139
Trd, 258800.067, 139
Trd, 258800.283, 139
Trd, 258800.417, 137
Trd, 258800.533, 133
Trd, 258800.883, 130
Trd, 258800.950, 128
Trd, 258801.450, 121
Trd, 258801.750, 132
Trd, 258801.900, 128
Trd, 258802.050, 113
Trd, 258802.317, 133
Trd, 258802.333, 126
Trd, 258802.400, 122
Trd, 258802.550, 140
Trd, 258802.700, 114
Trd, 258803.833, 125
Trd, 258803.917, 114
Trd, 258804.500, 114
Trd, 258804.600, 113
Trd, 258804.717, 105
Trd, 258805.000, 101
Trd, 258805.083, 100
Trd, 258805.433, 121
Trd, 258805.867, 115
Trd, 258806.250, 133
Trd, 258806.667, 131
Trd, 258806.767, 134
Trd, 258806.817, 135
Trd, 258806.983, 130
Trd, 258807.083, 119
Trd, 258807.217, 118
Trd, 258807.883, 129
Trd, 258808.183, 124
Trd, 258808.500, 135
Trd, 258808.567, 140
Trd, 258808.867, 140
Trd, 258809.433, 132
Trd, 258809.517, 130
Trd, 258809.600, 126
Trd, 258809.667, 132
Trd, 258810.033, 125
Trd, 258810.183, 113
Trd, 258810.233, 112
Trd, 258810.500, 110
Trd, 258810.717, 109
Trd, 258811.267, 117
Trd, 258811.817, 121
Trd, 258811.933, 111
Trd, 258811.950, 126
Trd, 258812.217, 110
Trd, 258812.850, 116
Trd, 258812.917, 115
Trd, 258813.033, 112
Trd, 258813.283, 121
Trd, 258813.433, 121
Trd, 258813.767, 121
Trd, 258814.450, 126
Trd, 258814.467, 124
Trd, 258814.633, 130
Trd, 258814.817, 129
Trd, 258815.583, 131
Trd, 258816.050, 125
Trd, 258816.167, 130
Trd, 258816.267, 116
Trd, 258816.600, 128
Trd, 258817.600, 123
Trd, 258817.783, 123
Trd, 258817.850, 122
Trd, 258818.000, 116
Trd, 258818.867, 118
Trd, 258818.917, 127
Trd, 258818.950, 129
Trd, 258819.167, 122
Trd, 258819.600, 116
Trd, 258819.683, 116
Trd, 258819.783, 115
Trd, 258820.033, 115
Trd, 258820.467, 117
Trd, 258820.533, 114
Trd, 258820.700, 112
Trd, 258821.117, 134
Trd, 258821.517, 114
Trd, 258821.567, 115
Trd, 258821.717, 114
Trd, 258821.750, 105
Trd, 258822.317, 121
Trd, 258822.350, 107
Trd, 258822.550, 88
Trd, 258822.767, 121
Trd, 258823.183, 87
Trd, 258823.267, 85
Trd, 258823.567, 132
Trd, 258823.600, 127
Trd, 258825.167, 140
Trd, 258825.217, 140
Trd, 258825.267, 140
Trd, 258826.150, 133
Trd, 258826.533, 131
Trd, 258826.750, 131
Trd, 258826.883, 130
Trd, 258826.950, 126
Trd, 258827.350, 140
Trd, 258827.900, 138
Trd, 258828.617, 137
Trd, 258828.833, 137
Trd, 258828.917, 135
Trd, 258829.033, 135
Trd, 258829.083, 134
Trd, 258829.150, 131
Trd, 258829.300, 123
Trd, 258829.700, 137
Trd, 258829.717, 136
Trd, 258830.400, 123
Trd, 258830.733, 134
Trd, 258831.067, 118
Trd, 258831.467, 120
Trd, 258831.683, 118
Trd, 258831.933, 117
Trd, 258832.383, 107
Trd, 258832.433, 132
Trd, 258832.483, 110
Trd, 258832.567, 99
Trd, 258833.150, 124
Trd, 258833.267, 132
Trd, 258833.317, 123
Trd, 258834.183, 132
Trd, 258834.200, 131
Trd, 258834.583, 137
Trd, 258834.650, 130
Trd, 258835.117, 129
Trd, 258835.233, 130
Trd, 258835.533, 130
Trd, 258835.583, 139
Trd, 258835.700, 130
Trd, 258836.150, 129
Trd, 258836.867, 127
Trd, 258837.200, 122
Trd, 258837.233, 121
Trd, 258837.333, 111
Trd, 258837.667, 113
Trd, 258837.967, 106
Trd, 258838.533, 133
Trd, 258838.550, 126
Trd, 258838.600, 139
Trd, 258838.817, 130
Trd, 258838.883, 125
Trd, 258838.917, 124
Trd, 258839.283, 118
Trd, 258839.400, 112
Trd, 258839.667, 137
Trd, 258840.000, 114
Trd, 258840.217, 117
Trd, 258840.400, 118
Trd, 258840.483, 109
Trd, 258840.833, 119
Trd, 258841.017, 118
Trd, 258841.200, 122
Trd, 258841.233, 113
Trd, 258841.633, 108
Trd, 258841.667, 107
Trd, 258842.733, 126
Trd, 258843.200, 123
Trd, 258843.517, 124
Trd, 258843.717, 124
Trd, 258844.100, 123
Trd, 258844.333, 126
Trd, 258844.783, 136
Trd, 258844.883, 135
Trd, 258844.950, 134
Trd, 258844.983, 134
Trd, 258845.167, 133
Trd, 258845.333, 133
Trd, 258845.583, 138
Trd, 258845.717, 133
Trd, 258845.733, 132
Trd, 258845.983, 124
Trd, 258846.983, 124
Trd, 258847.100, 124
Trd, 258847.150, 123
Trd, 258847.167, 136
Trd, 258847.267, 122
Trd, 258847.683, 129
Trd, 258847.717, 121
Trd, 258847.933, 117
Trd, 258848.900, 134
Trd, 258849.533, 121
Trd, 258849.767, 125
Trd, 258849.950, 120
Trd, 258850.300, 122
Trd, 258850.417, 123
Trd, 258850.467, 121
Trd, 258850.600, 126
Trd, 258850.933, 121
Trd, 258851.017, 112
Trd, 258851.200, 123
Trd, 258851.533, 110
Trd, 258851.583, 109
Trd, 258851.633, 124
Trd, 258851.850, 127
Trd, 258852.167, 127
Trd, 258852.383, 122
Trd, 258853.033, 119
Trd, 258853.467, 116
Trd, 258853.783, 107
Trd, 258853.900, 108
Trd, 258853.967, 106
Trd, 258854.233, 105
Trd, 258854.250, 105
Trd, 258854.467, 131
Trd, 258854.917, 130
Trd, 258855.633, 121
Trd, 258855.967, 107
Trd, 258856.067, 100
Trd, 258856.200, 90
Trd, 258856.583, 84
Trd, 258856.767, 89
Trd, 258857.067, 82
Trd, 258857.250, 90
Trd, 258857.367, 95
Trd, 258857.600, 76
Trd, 258857.917, 78
Trd, 258858.083, 94
Trd, 258858.517, 94
Trd, 258859.000, 96
Trd, 258859.083, 109
Trd, 258859.367, 99
Trd, 258859.683, 104
Trd, 258860.083, 113
Trd, 258860.267, 118
Trd, 258860.317, 123
Trd, 258860.950, 131
Trd, 258861.000, 130
Trd, 258861.017, 129
Trd, 258861.050, 124
Trd, 258861.167, 122
Trd, 258861.200, 117
Trd, 258861.833, 122
Trd, 258861.950, 120
Trd, 258862.117, 117
Trd, 258862.367, 112
Trd, 258862.850, 138
Trd, 258862.917, 137
Trd, 258863.700, 139
Trd, 258863.900, 138
Trd, 258864.100, 138
Trd, 258864.133, 137
Trd, 258864.200, 136
Trd, 258864.217, 124
Trd, 258864.567, 121
Trd, 258865.050, 140
Trd, 258865.067, 140
Trd, 258865.367, 120
Trd, 258865.700, 140
Trd, 258865.717, 126
Trd, 258865.750, 118
Trd, 258866.633, 117
Trd, 258866.650, 116
Trd, 258867.267, 131
Trd, 258867.333, 130
Trd, 258867.400, 127
Trd, 258867.650, 123
Trd, 258868.133, 111
Trd, 258868.383, 134
Trd, 258868.400, 112
Trd, 258868.633, 111
Trd, 258868.800, 111
Trd, 258869.900, 123
Trd, 258869.917, 114
Trd, 258870.117, 123
Trd, 258870.167, 114
Trd, 258870.600, 140
Trd, 258870.867, 140
Trd, 258871.333, 140
Trd, 258871.500, 133
Trd, 258871.533, 125
Trd, 258871.650, 117
Trd, 258872.267, 133
Trd, 258872.433, 135
Trd, 258872.800, 134
Trd, 258872.850, 130
Trd, 258873.133, 132
Trd, 258873.833, 135
Trd, 258873.867, 130
Trd, 258873.933, 129
Trd, 258874.050, 118
Trd, 258874.267, 135
Trd, 258874.400, 115
Trd, 258874.700, 140
Trd, 258875.033, 140
Trd, 258875.133, 140
Trd, 258875.383, 140
Trd, 258875.567, 140
Trd, 258875.900, 126
Trd, 258876.033, 114
Trd, 258876.167, 140
Trd, 258877.217, 116
Trd, 258877.267, 107
Trd, 258877.283, 105
Trd, 258877.300, 105
Trd, 258877.450, 102
Trd, 258877.650, 124
Trd, 258877.800, 121
Trd, 258878.533, 122
Trd, 258878.583, 121
Trd, 258878.917, 123
Trd, 258879.000, 125
Trd, 258879.033, 122
Trd, 258879.150, 129
Trd, 258879.300, 121
Trd, 258879.350, 119
Trd, 258879.683, 100
Trd, 258879.700, 111
Trd, 258880.117, 126
Trd, 258880.300, 126
Trd, 258880.900, 136
Trd, 258880.917, 126
Trd, 258881.183, 140
Trd, 258881.367, 119
Trd, 258881.583, 122
Trd, 258881.717, 106
Trd, 258882.350, 97
Trd, 258882.617, 90
Trd, 258882.767, 78
Trd, 258882.817, 93
Trd, 258883.167, 139
Trd, 258883.900, 114
Trd, 258883.950, 115
Trd, 258884.100, 113
Trd, 258885.033, 133
Trd, 258885.383, 137
Trd, 258885.467, 136
Trd, 258885.783, 132
Trd, 258885.983, 130
Trd, 258886.217, 113
Trd, 258886.283, 113
Trd, 258886.317, 109
Trd, 258886.700, 140
Trd, 258886.850, 121
Trd, 258887.167, 140
Trd, 258887.333, 139
Trd, 258887.367, 130
Trd, 258887.517, 130
Trd, 258888.250, 140
Trd, 258888.367, 132
Trd, 258888.983, 140
Trd, 258889.150, 140
Trd, 258889.383, 140
Trd, 258889.533, 140
Trd, 258890.467, 140
Trd, 258890.667, 140
Trd, 258890.683, 125
Trd, 258891.200, 123
Trd, 258891.367, 122
Trd, 258891.433, 116
Trd, 258891.800, 111
Trd, 258892.050, 100
Trd, 258892.433, 138
Trd, 258892.517, 126
Trd, 258892.650, 127
Trd, 258893.433, 140
Trd, 258893.767, 136
Trd, 258893.833, 134
Trd, 258894.217, 132
Trd, 258895.000, 132
Trd, 258895.800, 118
Trd, 258896.167, 122
Trd, 258896.967, 124
Trd, 258897.017, 128
Trd, 258897.083, 122
Trd, 258897.233, 124
Trd, 258897.367, 124
Trd, 258897.383, 123
Trd, 258897.450, 128
Trd, 258897.700, 129
Trd, 258897.800, 122
Trd, 258897.933, 123
Trd, 258897.967, 121
Trd, 258898.067, 119
Trd, 258898.300, 117
Trd, 258898.733, 139
Trd, 258898.867, 119
Trd, 258899.067, 118
Trd, 258899.250, 137
Trd, 258899.400, 131
Trd, 258899.550, 126
Trd, 258899.667, 117
Trd, 258900.700, 122
Trd, 258900.933, 127
Trd, 258900.950, 119
Trd, 258901.500, 128
Trd, 258901.583, 118
Trd, 258901.600, 113
Trd, 258901.867, 108
Trd, 258901.967, 107
Trd, 258902.683, 128
Trd, 258902.767, 126
Trd, 258903.067, 129
Trd, 258903.283, 137
Trd, 258904.067, 129
Trd, 258904.200, 128
Trd, 258904.450, 128
Trd, 258904.633, 127
Trd, 258904.667, 140
Trd, 258904.983, 140
Trd, 258905.183, 121
Trd, 258905.800, 138
Trd, 258906.350, 136
Trd, 258906.383, 134
Trd, 258906.483, 133
Trd, 258906.533, 126
Trd, 258906.650, 135
Trd, 258907.183, 123
Trd, 258907.567, 122
Trd, 258907.817, 140
Trd, 258908.483, 124
Trd, 258908.850, 140
Trd, 258908.900, 126
Trd, 258908.933, 125
Trd, 258909.100, 124
Trd, 258909.183, 117
Trd, 258909.283, 116
Trd, 258909.450, 112
Trd, 258909.583, 105
Trd, 258909.650, 105
Trd, 258909.800, 120
Trd, 258910.100, 104
Trd, 258910.683, 104
Trd, 258910.733, 119
Trd, 258911.167, 114
Trd, 258911.517, 122
Trd, 258911.550, 125
Trd, 258911.733, 123
Trd, 258912.067, 123
Trd, 258912.667, 130
Trd, 258913.050, 137
Trd, 258913.600, 135
Trd, 258913.717, 133
Trd, 258914.000, 133
Trd, 258914.617, 131
Trd, 258914.683, 130
Trd, 258914.783, 128
Trd, 258914.917, 122
Trd, 258915.133, 121
Trd, 258915.633, 128
Trd, 258915.683, 120
Trd, 258916.000, 126
Trd, 258916.250, 119
Trd, 258916.283, 127
Trd, 258916.767, 125
Trd, 258916.867, 119
Trd, 258917.400, 119
Trd, 258917.417, 118
Trd, 258917.967, 118
Trd, 258918.850, 120
Trd, 258919.017, 118
Trd, 258919.050, 125
Trd, 258919.150, 117
Trd, 258919.417, 116
Trd, 258919.717, 116
Trd, 258919.817, 115
Trd, 258919.850, 123
Trd, 258920.433, 115
Trd, 258920.550, 114
Trd, 258920.633, 123
Trd, 258920.883, 124
Trd, 258921.117, 120
Trd, 258921.150, 111
Trd, 258921.517, 106
Trd, 258921.700, 130
Trd, 258922.117, 121
Trd, 258922.283, 139
Trd, 258922.333, 119
Trd, 258922.900, 134
Trd, 258923.083, 106
Trd, 258923.117, 101
Trd, 258923.167, 101
Trd, 258923.550, 101
Trd, 258923.617, 95
Trd, 258924.200, 113
Trd, 258924.267, 105
Trd, 258924.883, 120
Trd, 258925.033, 118
Trd, 258925.733, 112
Trd, 258927.267, 140
Trd, 258927.617, 128
Trd, 258927.933, 140
Trd, 258928.400, 131
Trd, 258928.917, 133
Trd, 258929.083, 132
Trd, 258929.183, 131
Trd, 258929.350, 130
Trd, 258929.467, 134
Trd, 258929.583, 134
Trd, 258929.783, 133
Trd, 258929.833, 125
Trd, 258930.000, 134
Trd, 258930.283, 130
Trd, 258930.433, 124
Trd, 258930.867, 128
Trd, 258930.933, 127
Trd, 258930.950, 120
Trd, 258931.150, 118
Trd, 258931.383, 114
Trd, 258931.500, 127
Trd, 258932.117, 132
Trd, 258932.300, 126
Trd, 258932.600, 126
Trd, 258932.883, 128
Trd, 258933.217, 134
Trd, 258933.283, 134
Trd, 258933.650, 129
Trd, 258933.783, 129
Trd, 258933.933, 128
Trd, 258933.950, 131
Trd, 258934.133, 122
Trd, 258934.150, 130
Trd, 258934.633, 122
Trd, 258934.967, 117
Trd, 258935.200, 124
Trd, 258935.267, 102
Trd, 258935.317, 102
Trd, 258935.500, 127
Trd, 258936.083, 103
Trd, 258936.100, 102
Trd, 258936.683, 136
Trd, 258937.433, 130
Trd, 258937.517, 118
Trd, 258937.617, 117
Trd, 258937.700, 114
Trd, 258938.367, 102
Trd, 258938.483, 119
Trd, 258938.700, 136
Trd, 258939.167, 129
Trd, 258939.400, 137
Trd, 258940.050, 129
Trd, 258940.150, 110
Trd, 258940.200, 140
Trd, 258940.283, 109
Trd, 258940.350, 107
Trd, 258940.533, 106
Trd, 258940.733, 99
Trd, 258941.783, 131
Trd, 258942.050, 127
Trd, 258942.583, 127
Trd, 258942.900, 129
Trd, 258943.033, 129
Trd, 258943.517, 132
Trd, 258943.583, 131
Trd, 258944.033, 133
Trd, 258944.283, 134
Trd, 258944.433, 133
Trd, 258944.667, 131
Trd, 258944.700, 128
Trd, 258945.083, 116
Trd, 258945.517, 119
Trd, 258945.633, 131
Trd, 258946.000, 134
Trd, 258946.033, 133
Trd, 258946.200, 117
Trd, 258946.550, 118
Trd, 258947.150, 111
Trd, 258947.267, 123
Trd, 258947.900, 127
Trd, 258948.017, 127
Trd, 258948.433, 121
Trd, 258948.717, 115
Trd, 258948.750, 114
Trd, 258949.033, 113
Trd, 258949.067, 108
Trd, 258949.117, 129
Trd, 258949.500, 118
Trd, 258949.583, 102
Trd, 258949.633, 121
Trd, 258949.667, 103
Trd, 258950.033, 101
Trd, 258950.150, 101
Trd, 258950.167, 99
Trd, 258950.200, 98
Trd, 258950.967, 123
Trd, 258951.500, 131
Trd, 258951.650, 130
Trd, 258951.917, 140
Trd, 258951.983, 130
Trd, 258952.617, 132
Trd, 258952.633, 131
Trd, 258952.650, 129
Trd, 258953.117, 115
Trd, 258953.367, 136
Trd, 258954.150, 125
Trd, 258954.500, 126
Trd, 258954.767, 126
Trd, 258955.183, 126
Trd, 258955.650, 129
Trd, 258955.950, 124
Trd, 258956.167, 140
Trd, 258956.267, 140
Trd, 258956.450, 139
Trd, 258956.750, 134
Trd, 258956.850, 125
Trd, 258957.400, 127
Trd, 258958.017, 130
Trd, 258958.067, 129
Trd, 258958.483, 131
Trd, 258958.550, 133
Trd, 258958.667, 130
Trd, 258958.983, 130
Trd, 258959.217, 126
Trd, 258959.667, 119
Trd, 258960.400, 118
Trd, 258960.450, 106
Trd, 258960.517, 106
Trd, 258960.883, 121
Trd, 258961.217, 107
Trd, 258961.233, 106
Trd, 258961.283, 99
Trd, 258961.783, 112
Trd, 258961.833, 107
Trd, 258961.950, 114
Trd, 258962.000, 123
Trd, 258962.100, 122
Trd, 258962.133, 121
Trd, 258962.733, 118
Trd, 258963.233, 123
Trd, 258963.317, 114
Trd, 258963.450, 119
Trd, 258963.500, 115
Trd, 258963.700, 113
Trd, 258963.867, 122
Trd, 258963.983, 108
Trd, 258964.250, 107
Trd, 258964.467, 108
Trd, 258964.750, 127
Trd, 258964.800, 109
Trd, 258965.150, 108
Trd, 258965.233, 100
Trd, 258965.883, 122
Trd, 258966.067, 116
Trd, 258966.233, 103
Trd, 258966.350, 103
Trd, 258966.383, 97
Trd, 258966.533, 106
Trd, 258967.150, 107
Trd, 258967.217, 106
Trd, 258967.717, 111
Trd, 258968.283, 116
Trd, 258968.333, 114
Trd, 258968.883, 140
Trd, 258969.067, 140
Trd, 258969.233, 140
Trd, 258969.617, 140
Trd, 258969.633, 140
Trd, 258970.450, 140
Trd, 258970.717, 140
Trd, 258970.783, 140
Trd, 258971.000, 140
Trd, 258971.017, 125
Trd, 258971.583, 128
Trd, 258971.600, 127
Trd, 258971.983, 126
Trd, 258972.300, 132
Trd, 258972.383, 132
Trd, 258972.583, 131
Trd, 258972.683, 134
Trd, 258972.733, 130
Trd, 258972.833, 134
Trd, 258973.067, 127
Trd, 258973.333, 127
Trd, 258973.417, 125
Trd, 258973.683, 122
Trd, 258974.100, 122
Trd, 258974.400, 121
Trd, 258975.433, 109
Trd, 258975.583, 110
Trd, 258976.050, 120
Trd, 258976.417, 122
Trd, 258976.750, 118
Trd, 258977.083, 118
Trd, 258977.150, 117
Trd, 258977.267, 123
Trd, 258977.367, 108
Trd, 258977.383, 127
Trd, 258977.400, 106
Trd, 258977.517, 132
Trd, 258977.667, 105
Trd, 258977.717, 126
Trd, 258977.983, 105
Trd, 258978.650, 125
Trd, 258978.817, 122
Trd, 258978.950, 120
Trd, 258978.967, 119
Trd, 258979.000, 113
Trd, 258979.100, 109
Trd, 258979.700, 127
Trd, 258979.767, 115
Trd, 258979.850, 127
Trd, 258980.883, 127
Trd, 258981.033, 127
Trd, 258981.083, 125
Trd, 258981.600, 127
Trd, 258982.000, 125
Trd, 258982.017, 129
Trd, 258982.567, 126
Trd, 258982.617, 124
Trd, 258983.100, 123
Trd, 258983.800, 131
Trd, 258984.067, 135
Trd, 258984.467, 121
Trd, 258984.483, 120
Trd, 258984.550, 119
Trd, 258984.683, 129
Trd, 258984.700, 121
Trd, 258984.767, 120
Trd, 258984.850, 119
Trd, 258984.950, 118
Trd, 258984.967, 115
Trd, 258985.267, 138
Trd, 258985.567, 112
Trd, 258986.483, 136
Trd, 258987.083, 132
Trd, 258987.367, 132
Trd, 258987.667, 121
Trd, 258987.783, 121
Trd, 258988.017, 129
Trd, 258988.200, 122
Trd, 258988.583, 115
Trd, 258988.717, 128
Trd, 258988.767, 114
Trd, 258989.033, 115
Trd, 258989.083, 129
Trd, 258989.350, 124
Trd, 258989.400, 125
Trd, 258989.433, 130
Trd, 258989.617, 124
Trd, 258990.050, 115
Trd, 258990.117, 114
Trd, 258990.650, 124
Trd, 258990.833, 119
Trd, 258991.100, 102
Trd, 258991.533, 114
Trd, 258991.650, 113
Trd, 258991.883, 138
Trd, 258992.400, 114
Trd, 258992.500, 136
Trd, 258992.567, 113
Trd, 258992.983, 136
Trd, 258993.167, 123
Trd, 258993.500, 123
Trd, 258993.717, 115
Trd, 258993.850, 113
Trd, 258994.083, 117
Trd, 258994.433, 108
Trd, 258994.550, 126
Trd, 258994.733, 130
Trd, 258994.867, 107
Trd, 258995.067, 100
Trd, 258995.500, 113
Trd, 258995.517, 90
Trd, 258996.417, 127
Trd, 258997.233, 112
Trd, 258997.550, 138
Trd, 258997.600, 112
Trd, 258997.633, 112
Trd, 258997.917, 118
Trd, 258997.967, 109
Trd, 258998.333, 131
Trd, 258998.433, 128
Trd, 258998.800, 127
Trd, 258999.050, 122
Trd, 258999.100, 112
Trd, 258999.783, 129
Trd, 259000.017, 124
Trd, 259000.567, 137
Trd, 259000.750, 135
Trd, 259001.033, 134
Trd, 259001.783, 133
Trd, 259002.167, 122
Trd, 259002.183, 127
Trd, 259002.667, 120
Trd, 259002.750, 115
Trd, 259003.200, 124
Trd, 259003.233, 123
Trd, 259003.450, 126
Trd, 259003.467, 122
Trd, 259003.500, 121
Trd, 259003.767, 121
Trd, 259005.083, 125
Trd, 259005.167, 121
Trd, 259005.233, 120
Trd, 259005.317, 119
Trd, 259005.483, 128
Trd, 259006.100, 118
Trd, 259006.200, 116
Trd, 259006.283, 127
Trd, 259006.333, 106
Trd, 259006.383, 101
Trd, 259007.033, 116
Trd, 259007.100, 115
Trd, 259007.283, 121
Trd, 259007.500, 120
Trd, 259007.550, 122
Trd, 259007.950, 117
Trd, 259008.617, 134
Trd, 259008.817, 132
Trd, 259009.333, 132
Trd, 259009.433, 131
Trd, 259009.517, 113
Trd, 259009.833, 124
Trd, 259009.850, 123
Trd, 259010.033, 122
Trd, 259010.117, 109
Trd, 259010.200, 126
Trd, 259010.250, 100
Trd, 259010.450, 138
Trd, 259010.517, 114
Trd, 259011.267, 129
Trd, 259011.383, 127
Trd, 259011.617, 128
Trd, 259012.150, 122
Trd, 259012.900, 111
Trd, 259012.967, 99
Trd, 259013.333, 97
Trd, 259013.600, 102
Trd, 259013.633, 127
Trd, 259013.983, 82
Trd, 259014.150, 127
Trd, 259014.350, 81
Trd, 259014.650, 80
Trd, 259014.700, 79
Trd, 259014.717, 69
Trd, 259014.767, 85
Trd, 259014.967, 82
Trd, 259015.083, 69
Trd, 259015.633, 91
Trd, 259015.667, 110
Trd, 259015.817, 118
Trd, 259015.833, 117
Trd, 259016.433, 101
Trd, 259016.833, 103
Trd, 259016.867, 115
Trd, 259017.333, 122
Trd, 259017.700, 126
Trd, 259017.933, 123
Trd, 259018.100, 123
Trd, 259018.217, 122
Trd, 259018.733, 139
Trd, 259019.000, 116
Trd, 259019.133, 112
Trd, 259019.683, 103
Trd, 259019.883, 103
Trd, 259019.933, 129
Trd, 259019.950, 99
Trd, 259020.017, 123
Trd, 259020.183, 129
Trd, 259020.400, 114
Trd, 259020.683, 116
Trd, 259021.183, 105
Trd, 259021.350, 102
Trd, 259021.767, 115
Trd, 259022.650, 140
Trd, 259022.717, 140
Trd, 259022.833, 140
Trd, 259023.083, 132
Trd, 259023.150, 127
Trd, 259023.650, 128
Trd, 259024.083, 130
Trd, 259024.183, 129
Trd, 259024.233, 129
Trd, 259024.417, 111
Trd, 259024.583, 122
Trd, 259024.600, 121
Trd, 259024.717, 126
Trd, 259025.183, 137
Trd, 259025.383, 140
Trd, 259025.517, 140
Trd, 259025.567, 134
Trd, 259026.017, 122
Trd, 259026.500, 116
Trd, 259026.883, 140
Trd, 259027.000, 140
Trd, 259027.150, 140
Trd, 259027.217, 140
Trd, 259027.250, 140
Trd, 259027.667, 140
Trd, 259027.867, 140
Trd, 259028.117, 129
Trd, 259028.283, 122
Trd, 259028.300, 122
Trd, 259029.283, 139
Trd, 259029.750, 139
Trd, 259029.800, 138
Trd, 259030.100, 130
Trd, 259030.350, 120
Trd, 259030.383, 118
Trd, 259030.833, 118
Trd, 259030.883, 117
Trd, 259031.217, 131
Trd, 259031.700, 129
Trd, 259031.883, 129
Trd, 259032.200, 128
Trd, 259032.367, 127
Trd, 259032.500, 119
Trd, 259032.700, 99
Trd, 259033.100, 123
Trd, 259033.633, 128
Trd, 259033.667, 107
Trd, 259034.183, 108
Trd, 259034.217, 107
Trd, 259034.317, 101
Trd, 259034.367, 91
Trd, 259034.750, 89
Trd, 259034.900, 93
Trd, 259035.183, 124
Trd, 259035.433, 125
Trd, 259035.617, 123
Trd, 259036.217, 140
Trd, 259036.517, 130
Trd, 259036.567, 129
Trd, 259036.783, 139
Trd, 259036.967, 138
Trd, 259037.000, 105
Trd, 259037.717, 130
Trd, 259037.750, 129
Trd, 259037.767, 128
Trd, 259037.883, 116
Trd, 259038.133, 131
Trd, 259038.367, 140
Trd, 259038.483, 139
Trd, 259038.500, 122
Trd, 259038.950, 114
Trd, 259039.250, 131
Trd, 259039.467, 113
Trd, 259039.600, 112
Trd, 259039.817, 110
Trd, 259040.250, 122
Trd, 259041.050, 105
Trd, 259041.083, 132
Trd, 259041.717, 107
Trd, 259041.783, 104
Trd, 259042.417, 117
Trd, 259042.517, 107
Trd, 259042.667, 120
Trd, 259042.817, 105
Trd, 259042.867, 110
Trd, 259042.950, 105
Trd, 259043.133, 118
Trd, 259043.217, 104
Trd, 259043.317, 91
Trd, 259043.417, 89
Trd, 259043.433, 87
Trd, 259044.233, 100
Trd, 259044.767, 87
Trd, 259044.917, 105
Trd, 259045.417, 87
Trd, 259045.883, 101
Trd, 259046.100, 102
Trd, 259046.150, 103
Trd, 259046.250, 109
Trd, 259046.300, 88
Trd, 259046.500, 87
Trd, 259046.683, 89
Trd, 259047.483, 82
Trd, 259047.600, 81
Trd, 259047.650, 125
Trd, 259048.217, 105
Trd, 259048.417, 101
Trd, 259048.467, 100
Trd, 259048.583, 98
Trd, 259048.817, 104
Trd, 259049.017, 135
Trd, 259049.083, 134
Trd, 259049.317, 135
Trd, 259049.433, 134
Trd, 259049.633, 133
Trd, 259050.800, 136
Trd, 259051.867, 140
Trd, 259052.233, 140
Trd, 259052.583, 137
Trd, 259052.667, 122
Trd, 259053.050, 121
Trd, 259053.083, 120
Trd, 259053.100, 119
Trd, 259053.533, 114
Trd, 259053.617, 132
Trd, 259053.683, 114
Trd, 259054.050, 114
Trd, 259054.100, 113
Trd, 259054.450, 113
Trd, 259054.567, 104
Trd, 259054.933, 115
Trd, 259054.950, 111
Trd, 259055.517, 115
Trd, 259055.683, 120
Trd, 259055.700, 120
Trd, 259055.850, 113
Trd, 259055.883, 110
Trd, 259056.050, 107
Trd, 259056.200, 94
Trd, 259056.417, 121
Trd, 259056.983, 134
Trd, 259057.117, 133
Trd, 259057.650, 132
Trd, 259058.367, 136
Trd, 259058.383, 132
Trd, 259058.500, 140
Trd, 259058.600, 127
Trd, 259058.767, 129
Trd, 259059.150, 129
Trd, 259059.417, 130
Trd, 259059.683, 125
Trd, 259059.750, 123
Trd, 259060.033, 114
Trd, 259060.367, 112
Trd, 259060.467, 134
Trd, 259060.917, 134
Trd, 259061.267, 121
Trd, 259061.667, 116
Trd, 259062.250, 114
Trd, 259062.417, 104
Trd, 259062.733, 122
Trd, 259062.800, 121
Trd, 259062.817, 125
Trd, 259063.467, 122
Trd, 259063.650, 111
Trd, 259063.750, 124
Trd, 259064.050, 112
Trd, 259064.333, 99
Trd, 259064.383, 97
Trd, 259065.033, 116
Trd, 259065.117, 121
Trd, 259065.233, 99
Trd, 259065.450, 97
Trd, 259065.883, 120
Trd, 259065.900, 109
Trd, 259065.917, 96
Trd, 259066.083, 88
Trd, 259066.600, 116
Trd, 259066.700, 127
Trd, 259066.750, 117
Trd, 259067.017, 114
Trd, 259067.033, 107
Trd, 259067.083, 98
Trd, 259067.117, 111
Trd, 259067.233, 105
Trd, 259067.683, 111
Trd, 259068.200, 131
Trd, 259068.283, 130
Trd, 259068.867, 134
Trd, 259069.800, 140
Trd, 259070.383, 120
Trd, 259070.717, 118
Trd, 259070.933, 124
Trd, 259071.117, 114
Trd, 259071.217, 113
Trd, 259071.250, 133
Trd, 259071.367, 105
Trd, 259071.900, 138
Trd, 259072.017, 139
Trd, 259072.650, 140
Trd, 259073.050, 140
Trd, 259073.133, 139
Trd, 259073.350, 138
Trd, 259073.400, 132
Trd, 259073.500, 125
Trd, 259073.600, 122
Trd, 259073.750, 116
Trd, 259073.883, 134
Trd, 259074.233, 135
Trd, 259074.700, 118
Trd, 259074.783, 139
Trd, 259074.867, 138
Trd, 259074.933, 116
Trd, 259075.033, 107
Trd, 259075.250, 127
Trd, 259075.317, 118
Trd, 259075.983, 127
Trd, 259076.083, 127
Trd, 259076.117, 105
Trd, 259076.400, 99
Trd, 259076.417, 126
Trd, 259076.567, 126
Trd, 259076.900, 128
Trd, 259077.283, 129
Trd, 259077.583, 118
Trd, 259077.733, 117
Trd, 259078.267, 130
Trd, 259078.483, 110
Trd, 259078.767, 132
Trd, 259078.850, 110
Trd, 259078.983, 109
Trd, 259079.250, 104
Trd, 259079.500, 123
Trd, 259079.900, 112
Trd, 259080.050, 128
Trd, 259080.183, 112
Trd, 259080.200, 111
Trd, 259080.783, 124
Trd, 259081.100, 128
Trd, 259081.367, 128
Trd, 259081.667, 127
Trd, 259081.833, 125
Trd, 259082.150, 129
Trd, 259082.517, 120
Trd, 259082.600, 115
Trd, 259083.333, 120
Trd, 259083.767, 122
Trd, 259083.800, 121
Trd, 259084.100, 119
Trd, 259084.183, 117
Trd, 259084.367, 113
Trd, 259084.467, 123
Trd, 259084.950, 125
Trd, 259085.050, 114
Trd, 259085.067, 126
Trd, 259085.317, 127
Trd, 259085.400, 118
Trd, 259085.550, 109
Trd, 259086.150, 115
Trd, 259086.667, 126
Trd, 259087.150, 112
Trd, 259087.200, 111
Trd, 259087.633, 110
Trd, 259088.167, 139
Trd, 259088.283, 138
Trd, 259088.550, 110
Trd, 259088.750, 115
Trd, 259088.800, 107
Trd, 259089.467, 118
Trd, 259089.683, 107
Trd, 259089.983, 107
Trd, 259090.267, 107
Trd, 259090.483, 118
Trd, 259090.567, 124
Trd, 259090.750, 112
Trd, 259091.100, 128
Trd, 259091.217, 110
Trd, 259091.667, 135
Trd, 259091.700, 120
Trd, 259091.717, 111
Trd, 259092.250, 100
Trd, 259092.400, 92
Trd, 259092.417, 129
Trd, 259093.217, 140
Trd, 259093.400, 140
Trd, 259093.417, 140
Trd, 259093.617, 140
Trd, 259094.017, 140
Trd, 259094.183, 140
Trd, 259094.633, 140
Trd, 259094.650, 140
Trd, 259094.800, 137
Trd, 259094.867, 128
Trd, 259095.717, 132
Trd, 259095.750, 129
Trd, 259096.033, 127
Trd, 259096.267, 113
Trd, 259096.483, 112
Trd, 259096.950, 109
Trd, 259097.067, 116
Trd, 259097.617, 130
Trd, 259097.933, 127
Trd, 259098.000, 125
Trd, 259098.417, 131
Trd, 259098.450, 122
Trd, 259099.300, 117
Trd, 259099.417, 126
Trd, 259099.433, 116
Trd, 259099.450, 113
Trd, 259100.067, 109
Trd, 259100.133, 109
Trd, 259100.567, 108
Trd, 259100.617, 126
Trd, 259100.683, 105
Trd, 259100.700, 100
Trd, 259100.717, 95
Trd, 259100.867, 127
Trd, 259100.950, 135
Trd, 259101.217, 94
Trd, 259101.700, 92
Trd, 259101.783, 95
Trd, 259101.850, 100
Trd, 259102.050, 89
Trd, 259102.450, 93
Trd, 259102.633, 111
Trd, 259102.850, 93
Trd, 259103.050, 93
Trd, 259103.133, 98
Trd, 259103.150, 96
Trd, 259103.367, 87
Trd, 259103.383, 81
Trd, 259103.833, 120
Trd, 259104.717, 120
Trd, 259104.733, 102
Trd, 259104.750, 101
Trd, 259104.867, 121
Trd, 259104.983, 101
Trd, 259106.100, 109
Trd, 259106.183, 111
Trd, 259106.250, 110
Trd, 259106.317, 109
Trd, 259106.333, 108
Trd, 259106.500, 105
Trd, 259106.967, 115
Trd, 259107.000, 104
Trd, 259107.333, 101
Trd, 259107.467, 123
Trd, 259107.583, 98
Trd, 259107.817, 123
Trd, 259107.850, 95
Trd, 259108.350, 139
Trd, 259108.533, 129
Trd, 259108.983, 117
Trd, 259109.033, 116
Trd, 259109.567, 139
Trd, 259110.067, 109
Trd, 259110.283, 108
Trd, 259110.467, 108
Trd, 259110.817, 134
Trd, 259110.933, 110
Trd, 259111.000, 110
Trd, 259111.350, 109
Trd, 259111.367, 108
Trd, 259111.850, 112
Trd, 259112.500, 124
Trd, 259112.583, 134
Trd, 259112.750, 135
Trd, 259113.317, 122
Trd, 259113.433, 121
Trd, 259113.667, 139
Trd, 259113.850, 138
Trd, 259113.867, 131
Trd, 259113.983, 138
Trd, 259114.317, 112
Trd, 259114.533, 108
Trd, 259114.883, 106
Trd, 259115.133, 129
Trd, 259115.650, 138
Trd, 259116.167, 128
Trd, 259116.250, 128
Trd, 259116.467, 121
Trd, 259116.500, 120
Trd, 259116.517, 118
Trd, 259117.433, 117
Trd, 259117.483, 108
Trd, 259117.783, 121
Trd, 259117.950, 137
Trd, 259118.000, 114
Trd, 259118.400, 110
Trd, 259118.833, 119
Trd, 259118.917, 139
Trd, 259119.067, 140
Trd, 259119.133, 112
Trd, 259119.350, 111
Trd, 259119.533, 112
Trd, 259119.900, 132
Trd, 259120.500, 135
Trd, 259120.583, 134
Trd, 259120.767, 133
Trd, 259121.033, 125
Trd, 259121.300, 114
Trd, 259121.483, 113
Trd, 259121.883, 112
Trd, 259122.217, 100
Trd, 259122.233, 99
Trd, 259122.600, 104
Trd, 259122.933, 100
Trd, 259123.250, 96
Trd, 259123.517, 114
Trd, 259123.650, 115
Trd, 259123.817, 116
Trd, 259123.850, 89
Trd, 259123.867, 88
Trd, 259124.467, 114
Trd, 259124.983, 114
Trd, 259125.017, 113
Trd, 259125.100, 108
Trd, 259125.283, 108
Trd, 259125.333, 107
Trd, 259125.550, 113
Trd, 259125.817, 105
Trd, 259126.067, 105
Trd, 259126.200, 106
Trd, 259126.850, 114
Trd, 259126.933, 126
Trd, 259127.017, 114
Trd, 259127.717, 117
Trd, 259127.933, 114
Trd, 259128.217, 140
Trd, 259128.367, 113
Trd, 259129.467, 129
Trd, 259129.733, 138
Trd, 259130.450, 140
Trd, 259130.467, 139
Trd, 259130.883, 140
Trd, 259131.083, 139
Trd, 259131.100, 135
Trd, 259131.117, 133
Trd, 259131.217, 117
Trd, 259131.267, 117
Trd, 259131.633, 116
Trd, 259131.783, 119
Trd, 259131.867, 102
Trd, 259132.533, 108
Trd, 259132.733, 121
Trd, 259132.767, 123
Trd, 259132.867, 108
Trd, 259133.150, 108
Trd, 259133.500, 116
Trd, 259133.733, 113
Trd, 259133.983, 113
Trd, 259134.033, 116
Trd, 259134.067, 113
Trd, 259134.233, 112
Trd, 259134.450, 115
Trd, 259134.550, 112
Trd, 259134.633, 111
Trd, 259134.717, 108
Trd, 259134.750, 126
Trd, 259135.167, 91
Trd, 259135.517, 129
Trd, 259136.033, 124
Trd, 259136.533, 116
Trd, 259137.450, 133
Trd, 259137.483, 132
Trd, 259137.667, 125
Trd, 259137.733, 114
Trd, 259137.767, 108
Trd, 259138.650, 124
Trd, 259138.750, 124
Trd, 259138.817, 124
Trd, 259139.117, 123
Trd, 259139.300, 119
Trd, 259139.383, 124
Trd, 259139.400, 135
Trd, 259139.650, 140
Trd, 259140.183, 127
Trd, 259140.750, 133
Trd, 259140.850, 125
Trd, 259140.867, 124
Trd, 259141.083, 124
Trd, 259141.433, 126
Trd, 259142.367, 125
Trd, 259142.500, 131
Trd, 259142.817, 120
Trd, 259143.033, 120
Trd, 259143.200, 116
Trd, 259143.567, 118
Trd, 259143.933, 115
Trd, 259144.167, 115
Trd, 259144.467, 115
Trd, 259144.517, 116
Trd, 259144.950, 128
Trd, 259145.033, 103
Trd, 259145.050, 132
Trd, 259145.333, 105
Trd, 259145.483, 108
Trd, 259145.517, 107
Trd, 259145.933, 116
Trd, 259146.317, 120
Trd, 259146.333, 115
Trd, 259146.500, 104
Trd, 259146.917, 117
Trd, 259146.950, 116
Trd, 259147.450, 114
Trd, 259147.683, 113
Trd, 259147.800, 112
Trd, 259148.067, 122
Trd, 259148.217, 115
Trd, 259148.633, 127
Trd, 259148.783, 114
Trd, 259149.117, 116
Trd, 259149.483, 113
Trd, 259149.567, 111
Trd, 259150.667, 140
Trd, 259150.867, 140
Trd, 259151.000, 139
Trd, 259151.167, 140
Trd, 259151.367, 134
Trd, 259151.883, 135
Trd, 259152.167, 119
Trd, 259152.350, 125
Trd, 259152.417, 140
Trd, 259152.500, 114
Trd, 259152.567, 110
Trd, 259153.083, 127
Trd, 259153.533, 130
Trd, 259153.633, 126
Trd, 259153.817, 136
Trd, 259154.233, 118
Trd, 259154.483, 118
Trd, 259155.450, 124
Trd, 259155.683, 114
Trd, 259155.750, 112
Trd, 259155.933, 117
Trd, 259155.950, 111
Trd, 259156.150, 110
Trd, 259156.650, 115
Trd, 259156.800, 116
Trd, 259157.000, 104
Trd, 259157.717, 103
Trd, 259157.767, 104
Trd, 259158.000, 104
Trd, 259158.250, 103
Trd, 259158.567, 128
Trd, 259158.650, 105
Trd, 259159.083, 111
Trd, 259159.200, 104
Trd, 259159.283, 100
Trd, 259159.333, 99
Trd, 259159.450, 115
Trd, 259159.617, 104
Trd, 259159.900, 90
Trd, 259160.150, 113
Trd, 259160.217, 120
Trd, 259160.300, 103
Trd, 259160.550, 102
Trd, 259160.917, 101
Trd, 259161.183, 103
Trd, 259161.400, 117
Trd, 259161.683, 120
Trd, 259161.950, 103
Trd, 259161.967, 122
Trd, 259162.033, 114
Trd, 259162.367, 102
Trd, 259162.550, 99
Trd, 259162.683, 113
Trd, 259163.033, 93
Trd, 259163.167, 97
Trd, 259163.583, 102
Trd, 259164.000, 124
Trd, 259164.333, 117
Trd, 259164.367, 114
Trd, 259164.600, 113
Trd, 259165.500, 111
Trd, 259165.767, 112
Trd, 259166.100, 114
Trd, 259166.250, 135
Trd, 259166.367, 113
Trd, 259166.517, 113
Trd, 259166.567, 109
Trd, 259166.783, 102
Trd, 259166.833, 105
Trd, 259166.900, 101
Trd, 259166.950, 98
Trd, 259167.533, 103
Trd, 259167.750, 101
Trd, 259168.183, 106
Trd, 259168.550, 103
Trd, 259168.967, 109
Trd, 259169.400, 115
Trd, 259169.583, 100
Trd, 259169.633, 102
Trd, 259169.783, 115
Trd, 259170.350, 113
Trd, 259170.733, 133
Trd, 259171.100, 135
Trd, 259171.117, 133
Trd, 259171.267, 138
Trd, 259171.517, 127
Trd, 259171.850, 111
Trd, 259171.917, 110
Trd, 259172.083, 136
Trd, 259172.517, 123
Trd, 259172.800, 128
Trd, 259172.983, 127
Trd, 259173.217, 122
Trd, 259173.483, 129
Trd, 259173.567, 124
Trd, 259173.817, 123
Trd, 259175.400, 140
Trd, 259175.483, 140
Trd, 259175.517, 140
Trd, 259175.567, 126
Trd, 259175.633, 124
Trd, 259176.117, 140
Trd, 259176.250, 140
Trd, 259176.500, 121
Trd, 259176.600, 117
Trd, 259176.833, 121
Trd, 259177.417, 135
Trd, 259177.500, 139
Trd, 259177.667, 121
Trd, 259177.683, 120
Trd, 259177.717, 120
Trd, 259178.033, 113
Trd, 259178.300, 131
Trd, 259178.533, 130
Trd, 259178.583, 124
Trd, 259179.133, 105
Trd, 259179.250, 104
Trd, 259179.483, 103
Trd, 259179.533, 92
Trd, 259179.917, 95
Trd, 259180.150, 101
Trd, 259180.433, 110
Trd, 259180.567, 112
Trd, 259181.333, 116
Trd, 259181.883, 110
Trd, 259182.500, 112
Trd, 259183.133, 126
Trd, 259183.600, 125
Trd, 259183.717, 124
Trd, 259183.767, 115
Trd, 259183.817, 114
Trd, 259184.550, 133
Trd, 259185.000, 133
Trd, 259185.383, 140
Trd, 259185.467, 140
Trd, 259185.900, 139
Trd, 259185.967, 138
Trd, 259186.050, 138
Trd, 259186.200, 134
Trd, 259186.733, 130
Trd, 259186.867, 118
Trd, 259187.100, 119
Trd, 259187.233, 118
Trd, 259187.833, 140
Trd, 259188.050, 140
Trd, 259188.233, 140
Trd, 259188.550, 140
Trd, 259188.667, 139
Trd, 259188.733, 130
Trd, 259189.233, 135
Trd, 259189.367, 137
Trd, 259189.883, 140
Trd, 259189.917, 139
Trd, 259190.183, 127
Trd, 259190.583, 118
Trd, 259191.100, 136
Trd, 259191.250, 135
Trd, 259191.383, 113
Trd, 259191.867, 138
Trd, 259191.900, 136
Trd, 259192.633, 140
Trd, 259193.350, 140
Trd, 259193.550, 140
Trd, 259193.717, 140
Trd, 259194.100, 140
Trd, 259194.267, 140
Trd, 259194.367, 140
Trd, 259194.517, 124
Trd, 259194.933, 130
Trd, 259195.267, 128
Trd, 259195.433, 122
Trd, 259195.767, 116
Trd, 259195.850, 136
Trd, 259196.083, 135
Trd, 259196.233, 116
Trd, 259196.467, 111
Trd, 259196.900, 126
Trd, 259197.033, 116
Trd, 259197.117, 107
Trd, 259197.217, 126
Trd, 259197.317, 106
Trd, 259197.917, 114
Trd, 259198.100, 126
Trd, 259198.117, 113
Trd, 259198.133, 109
Trd, 259198.183, 104
Trd, 259198.317, 109
Trd, 259198.667, 98
Trd, 259198.917, 102
Trd, 259199.450, 125
Trd, 259199.483, 124
Trd, 259199.600, 124
