Trd, 258576.400, 140
Trd, 258577.067, 113
Trd, 258577.367, 106
Trd, 258577.483, 114
Trd, 258577.850, 102
Trd, 258578.100, 139
Trd, 258578.167, 119
Trd, 258579.300, 127
Trd, 258579.550, 126
Trd, 258579.617, 125
Trd, 258579.883, 117
Trd, 258579.950, 138
Trd, 258580.033, 136
Trd, 258580.350, 123
Trd, 258580.517, 106
Trd, 258580.533, 104
Trd, 258580.983, 111
Trd, 258581.233, 106
Trd, 258581.383, 137
Trd, 258581.433, 131
Trd, 258582.033, 117
Trd, 258582.200, 121
Trd, 258582.317, 112
Trd, 258582.950, 123
Trd, 258583.500, 140
Trd, 258583.550, 136
Trd, 258583.783, 139
Trd, 258583.800, 137
Trd, 258584.083, 117
Trd, 258584.117, 113
Trd, 258584.167, 109
Trd, 258584.733, 120
Trd, 258585.017, 100
Trd, 258585.350, 102
Trd, 258585.833, 106
Trd, 258586.000, 98
Trd, 258586.050, 122
Trd, 258586.233, 123
Trd, 258586.283, 89
Trd, 258586.433, 119
Trd, 258586.533, 118
Trd, 258586.933, 119
Trd, 258587.017, 106
Trd, 258587.283, 140
Trd, 258587.467, 140
Trd, 258587.650, 133
Trd, 258587.800, 127
Trd, 258588.000, 128
Trd, 258588.667, 123
Trd, 258588.767, 110
Trd, 258589.033, 132
Trd, 258589.317, 111
Trd, 258589.583, 109
Trd, 258589.717, 109
Trd, 258589.867, 108
Trd, 258589.983, 131
Trd, 258590.150, 109
Trd, 258590.750, 116
Trd, 258591.267, 140
Trd, 258591.400, 139
Trd, 258591.550, 132
Trd, 258591.817, 129
Trd, 258592.183, 130
Trd, 258592.483, 135
Trd, 258592.600, 129
Trd, 258593.000, 122
Trd, 258594.067, 140
Trd, 258594.350, 140
Trd, 258594.383, 137
Trd, 258594.600, 131
Trd, 258594.750, 129
Trd, 258594.867, 130
Trd, 258595.233, 129
Trd, 258595.383, 122
Trd, 258595.633, 127
Trd, 258596.000, 140
Trd, 258596.017, 121
Trd, 258596.133, 115
Trd, 258596.400, 132
Trd, 258596.750, 124
Trd, 258596.917, 114
Trd, 258597.217, 113
Trd, 258597.233, 113
Trd, 258597.367, 128
Trd, 258597.650, 110
Trd, 258597.683, 106
Trd, 258597.833, 129
Trd, 258598.083, 97
Trd, 258598.133, 91
Trd, 258598.183, 85
Trd, 258599.267, 139
Trd, 258599.550, 140
Trd, 258600.100, 140
Trd, 258600.350, 140
Trd, 258600.833, 138
Trd, 258600.850, 136
Trd, 258600.967, 126
Trd, 258601.083, 119
Trd, 258601.467, 138
Trd, 258601.533, 130
Trd, 258601.583, 129
Trd, 258602.017, 116
Trd, 258602.083, 115
Trd, 258602.400, 125
Trd, 258602.633, 119
Trd, 258603.283, 114
Trd, 258603.300, 137
Trd, 258603.550, 120
Trd, 258603.583, 107
Trd, 258603.717, 106
Trd, 258603.850, 102
Trd, 258603.933, 123
Trd, 258604.183, 115
Trd, 258604.450, 124
Trd, 258605.117, 122
Trd, 258605.550, 125
Trd, 258605.717, 114
Trd, 258606.067, 120
Trd, 258606.317, 118
Trd, 258606.783, 111
Trd, 258606.967, 124
Trd, 258607.117, 107
Trd, 258607.317, 98
Trd, 258607.700, 120
Trd, 258608.150, 132
Trd, 258608.217, 117
Trd, 258608.350, 114
Trd, 258609.083, 118
Trd, 258609.100, 108
Trd, 258609.183, 108
Trd, 258609.400, 111
Trd, 258610.067, 140
Trd, 258610.283, 140
Trd, 258610.583, 136
Trd, 258610.717, 124
Trd, 258611.000, 103
Trd, 258611.117, 96
Trd, 258611.200, 140
Trd, 258611.383, 130
Trd, 258612.217, 134
Trd, 258612.350, 140
Trd, 258612.383, 133
Trd, 258612.417, 126
Trd, 258612.600, 118
Trd, 258612.650, 113
Trd, 258613.217, 140
Trd, 258613.283, 140
Trd, 258613.733, 123
Trd, 258613.850, 122
Trd, 258614.033, 120
Trd, 258614.383, 119
Trd, 258614.500, 118
Trd, 258614.750, 138
Trd, 258615.050, 116
Trd, 258615.633, 126
Trd, 258615.950, 127
Trd, 258616.050, 132
Trd, 258616.183, 118
Trd, 258616.300, 118
Trd, 258616.717, 125
Trd, 258616.767, 115
Trd, 258617.050, 117
Trd, 258617.333, 118
Trd, 258617.433, 125
Trd, 258617.517, 114
Trd, 258617.700, 109
Trd, 258617.767, 108
Trd, 258617.883, 105
Trd, 258618.200, 139
Trd, 258618.267, 103
Trd, 258618.367, 117
Trd, 258618.667, 130
Trd, 258618.783, 103
Trd, 258618.967, 94
Trd, 258619.033, 82
Trd, 258619.233, 109
Trd, 258619.833, 104
Trd, 258619.967, 96
Trd, 258620.017, 127
Trd, 258620.117, 132
Trd, 258620.900, 132
Trd, 258621.000, 131
Trd, 258621.867, 139
Trd, 258621.900, 138
Trd, 258621.983, 135
Trd, 258622.200, 126
Trd, 258622.250, 116
Trd, 258622.367, 112
Trd, 258622.550, 108
Trd, 258623.283, 131
Trd, 258623.950, 138
Trd, 258624.067, 119
Trd, 258624.083, 117
Trd, 258624.350, 107
Trd, 258624.650, 106
Trd, 258624.883, 113
Trd, 258625.117, 113
Trd, 258625.933, 114
Trd, 258626.100, 118
Trd, 258626.250, 110
Trd, 258626.383, 108
Trd, 258626.550, 139
Trd, 258626.817, 104
Trd, 258626.867, 102
Trd, 258626.900, 101
Trd, 258627.267, 103
Trd, 258627.350, 113
Trd, 258627.683, 100
Trd, 258627.767, 127
Trd, 258628.067, 93
Trd, 258628.433, 140
Trd, 258628.600, 140
Trd, 258628.667, 138
Trd, 258629.033, 132
Trd, 258629.250, 129
Trd, 258629.417, 120
Trd, 258629.533, 119
Trd, 258630.000, 117
Trd, 258630.033, 106
Trd, 258630.450, 92
Trd, 258630.500, 125
Trd, 258630.683, 89
Trd, 258631.000, 125
Trd, 258631.583, 131
Trd, 258632.017, 124
Trd, 258632.217, 108
Trd, 258632.383, 122
Trd, 258632.417, 107
Trd, 258632.450, 125
Trd, 258632.817, 124
Trd, 258632.833, 108
Trd, 258633.200, 119
Trd, 258633.317, 106
Trd, 258633.733, 140
Trd, 258633.933, 135
Trd, 258634.717, 124
Trd, 258635.100, 124
Trd, 258635.317, 119
Trd, 258635.533, 117
Trd, 258635.700, 109
Trd, 258635.917, 105
Trd, 258637.067, 140
Trd, 258637.100, 139
Trd, 258637.150, 137
Trd, 258637.217, 138
Trd, 258637.317, 137
Trd, 258637.333, 126
Trd, 258637.533, 136
Trd, 258637.667, 119
Trd, 258637.817, 124
Trd, 258638.317, 137
Trd, 258638.400, 132
Trd, 258638.600, 132
Trd, 258638.633, 112
Trd, 258639.383, 134
Trd, 258639.533, 139
Trd, 258639.667, 118
Trd, 258639.917, 139
Trd, 258640.617, 140
Trd, 258640.650, 134
Trd, 258641.000, 111
Trd, 258641.350, 111
Trd, 258641.367, 110
Trd, 258641.450, 109
Trd, 258641.800, 128
Trd, 258642.267, 132
Trd, 258642.300, 100
Trd, 258643.033, 125
Trd, 258643.267, 137
Trd, 258644.067, 139
Trd, 258644.167, 138
Trd, 258644.283, 132
Trd, 258644.317, 132
Trd, 258644.367, 121
Trd, 258644.467, 133
Trd, 258644.517, 120
Trd, 258645.283, 113
Trd, 258645.617, 110
Trd, 258645.983, 120
Trd, 258646.150, 102
Trd, 258646.250, 106
Trd, 258646.283, 100
Trd, 258646.417, 94
Trd, 258646.450, 93
Trd, 258646.500, 93
Trd, 258647.250, 139
Trd, 258647.700, 140
Trd, 258647.867, 115
Trd, 258648.250, 134
Trd, 258648.750, 125
Trd, 258648.833, 115
Trd, 258649.017, 115
Trd, 258649.100, 107
Trd, 258649.150, 101
Trd, 258649.367, 96
Trd, 258650.000, 100
Trd, 258650.617, 112
Trd, 258651.083, 106
Trd, 258651.217, 101
Trd, 258651.467, 107
Trd, 258651.500, 100
Trd, 258651.600, 103
Trd, 258651.650, 99
Trd, 258651.833, 140
Trd, 258651.917, 116
Trd, 258652.517, 114
Trd, 258652.633, 108
Trd, 258653.150, 140
Trd, 258653.400, 127
Trd, 258653.900, 112
Trd, 258653.917, 110
Trd, 258654.033, 118
Trd, 258654.300, 112
Trd, 258654.433, 119
Trd, 258654.517, 107
Trd, 258654.550, 107
Trd, 258654.567, 105
Trd, 258654.750, 99
Trd, 258655.250, 123
Trd, 258655.417, 138
Trd, 258656.833, 133
Trd, 258657.217, 136
Trd, 258657.367, 140
Trd, 258657.450, 135
Trd, 258657.750, 128
Trd, 258657.867, 140
Trd, 258658.050, 126
Trd, 258658.067, 121
Trd, 258658.200, 119
Trd, 258658.350, 118
Trd, 258658.683, 138
Trd, 258658.783, 113
Trd, 258658.950, 112
Trd, 258659.167, 112
Trd, 258659.250, 104
Trd, 258659.383, 103
Trd, 258659.533, 133
Trd, 258659.683, 103
Trd, 258660.167, 126
Trd, 258660.900, 107
Trd, 258661.017, 100
Trd, 258661.217, 99
Trd, 258661.350, 134
Trd, 258661.500, 139
Trd, 258662.217, 110
Trd, 258662.650, 118
Trd, 258662.750, 106
Trd, 258663.467, 122
Trd, 258663.767, 126
Trd, 258664.650, 140
Trd, 258664.750, 132
Trd, 258665.033, 140
Trd, 258666.000, 140
Trd, 258666.400, 139
Trd, 258666.667, 128
Trd, 258666.733, 126
Trd, 258666.800, 121
Trd, 258667.367, 139
Trd, 258667.450, 129
Trd, 258667.550, 127
Trd, 258667.633, 101
Trd, 258667.700, 133
Trd, 258667.750, 132
Trd, 258667.983, 120
Trd, 258668.000, 104
Trd, 258668.067, 122
Trd, 258668.717, 132
Trd, 258668.817, 113
Trd, 258668.850, 112
Trd, 258669.450, 114
Trd, 258670.133, 128
Trd, 258670.200, 115
Trd, 258670.383, 108
Trd, 258670.517, 131
Trd, 258670.733, 104
Trd, 258670.867, 127
Trd, 258670.950, 119
Trd, 258671.300, 116
Trd, 258671.367, 113
Trd, 258671.700, 105
Trd, 258672.117, 102
Trd, 258672.317, 121
Trd, 258672.517, 122
Trd, 258672.717, 101
Trd, 258672.933, 117
Trd, 258673.033, 103
Trd, 258673.050, 96
Trd, 258673.100, 93
Trd, 258673.450, 139
Trd, 258673.867, 117
Trd, 258673.883, 124
Trd, 258674.167, 116
Trd, 258674.500, 132
Trd, 258675.633, 139
Trd, 258675.683, 138
Trd, 258675.733, 133
Trd, 258676.950, 140
Trd, 258677.167, 139
Trd, 258677.350, 136
Trd, 258677.483, 127
Trd, 258677.633, 132
Trd, 258677.717, 126
Trd, 258678.400, 133
Trd, 258678.450, 121
Trd, 258678.550, 116
Trd, 258679.000, 140
Trd, 258679.017, 123
Trd, 258679.333, 111
Trd, 258679.883, 111
Trd, 258679.933, 135
Trd, 258680.833, 140
Trd, 258681.133, 140
Trd, 258681.200, 132
Trd, 258681.467, 125
Trd, 258681.717, 113
Trd, 258681.750, 112
Trd, 258682.283, 137
Trd, 258682.683, 113
Trd, 258682.717, 109
Trd, 258682.817, 114
Trd, 258683.183, 120
Trd, 258683.233, 134
Trd, 258683.467, 118
Trd, 258683.717, 140
Trd, 258683.783, 126
Trd, 258683.817, 126
Trd, 258684.450, 114
Trd, 258684.617, 108
Trd, 258684.850, 107
Trd, 258685.117, 105
Trd, 258685.417, 138
Trd, 258685.483, 105
Trd, 258685.517, 103
Trd, 258685.733, 117
Trd, 258686.117, 135
Trd, 258686.267, 135
Trd, 258686.300, 134
Trd, 258686.317, 132
Trd, 258686.417, 132
Trd, 258686.733, 125
Trd, 258686.783, 115
Trd, 258687.100, 132
Trd, 258687.200, 128
Trd, 258687.667, 127
Trd, 258687.717, 122
Trd, 258688.000, 117
Trd, 258688.217, 137
Trd, 258688.883, 134
Trd, 258689.067, 118
Trd, 258689.567, 115
Trd, 258689.917, 129
Trd, 258689.950, 133
Trd, 258690.267, 107
Trd, 258690.617, 107
Trd, 258691.033, 121
Trd, 258691.150, 107
Trd, 258691.550, 108
Trd, 258691.567, 106
Trd, 258691.667, 108
Trd, 258691.700, 124
Trd, 258691.800, 108
Trd, 258692.000, 101
Trd, 258692.067, 129
Trd, 258692.183, 93
Trd, 258692.283, 93
Trd, 258692.950, 101
Trd, 258693.083, 89
Trd, 258693.117, 103
Trd, 258693.300, 99
Trd, 258693.667, 95
Trd, 258693.683, 82
Trd, 258693.800, 81
Trd, 258693.950, 88
Trd, 258693.967, 77
Trd, 258694.017, 73
Trd, 258694.700, 74
Trd, 258694.950, 63
Trd, 258695.283, 75
Trd, 258695.817, 74
Trd, 258695.967, 88
Trd, 258696.150, 77
Trd, 258696.267, 96
Trd, 258696.283, 74
Trd, 258696.417, 98
Trd, 258696.583, 73
Trd, 258697.183, 128
Trd, 258697.533, 122
Trd, 258697.933, 106
Trd, 258697.983, 102
Trd, 258698.067, 97
Trd, 258698.200, 140
Trd, 258698.433, 139
Trd, 258698.483, 138
Trd, 258698.517, 126
Trd, 258698.983, 123
Trd, 258699.267, 128
Trd, 258699.283, 118
Trd, 258700.200, 139
Trd, 258700.567, 138
Trd, 258700.700, 137
Trd, 258700.783, 135
Trd, 258700.833, 130
Trd, 258700.983, 123
Trd, 258701.050, 121
Trd, 258701.617, 120
Trd, 258701.950, 109
Trd, 258702.467, 115
Trd, 258702.533, 132
Trd, 258702.550, 108
Trd, 258702.583, 108
Trd, 258702.783, 101
Trd, 258702.817, 99
Trd, 258703.283, 128
Trd, 258703.350, 123
Trd, 258703.550, 115
Trd, 258704.417, 120
Trd, 258704.583, 107
Trd, 258704.783, 110
Trd, 258705.250, 124
Trd, 258705.350, 105
Trd, 258705.433, 136
Trd, 258705.517, 100
Trd, 258705.567, 98
Trd, 258705.717, 122
Trd, 258706.050, 121
Trd, 258706.133, 113
Trd, 258706.600, 140
Trd, 258706.667, 127
Trd, 258706.767, 115
Trd, 258707.033, 94
Trd, 258707.283, 104
Trd, 258707.300, 92
Trd, 258707.367, 88
Trd, 258707.383, 83
Trd, 258707.650, 91
Trd, 258707.700, 109
Trd, 258707.933, 107
Trd, 258708.633, 116
Trd, 258708.733, 137
Trd, 258709.000, 115
Trd, 258709.133, 105
Trd, 258709.183, 100
Trd, 258709.483, 134
Trd, 258710.133, 131
Trd, 258710.150, 131
Trd, 258710.183, 130
Trd, 258710.217, 122
Trd, 258710.400, 101
Trd, 258710.683, 101
Trd, 258710.817, 93
Trd, 258711.000, 102
Trd, 258711.050, 119
Trd, 258711.717, 139
Trd, 258711.967, 140
Trd, 258712.283, 133
Trd, 258713.433, 138
Trd, 258713.617, 115
Trd, 258714.300, 136
Trd, 258714.733, 133
Trd, 258714.883, 126
Trd, 258714.917, 137
Trd, 258714.983, 124
Trd, 258715.217, 109
Trd, 258715.717, 140
Trd, 258715.750, 140
Trd, 258716.083, 140
Trd, 258716.233, 127
Trd, 258716.400, 119
Trd, 258717.033, 116
Trd, 258717.333, 110
Trd, 258717.633, 120
Trd, 258717.933, 114
Trd, 258718.317, 124
Trd, 258718.333, 127
Trd, 258718.533, 139
Trd, 258719.050, 117
Trd, 258719.483, 112
Trd, 258719.600, 122
Trd, 258719.617, 110
Trd, 258720.000, 99
Trd, 258720.033, 98
Trd, 258720.300, 102
Trd, 258720.350, 83
Trd, 258720.383, 104
Trd, 258720.917, 139
Trd, 258721.133, 94
Trd, 258721.367, 127
Trd, 258721.850, 113
Trd, 258722.017, 131
Trd, 258722.067, 109
Trd, 258722.183, 132
Trd, 258722.383, 126
Trd, 258722.600, 126
Trd, 258722.667, 103
Trd, 258723.067, 95
Trd, 258723.550, 130
Trd, 258723.883, 128
Trd, 258724.100, 127
Trd, 258724.283, 121
Trd, 258724.450, 116
Trd, 258724.600, 116
Trd, 258724.667, 113
Trd, 258724.683, 107
Trd, 258724.733, 94
Trd, 258725.367, 108
Trd, 258725.817, 98
Trd, 258725.867, 110
Trd, 258725.917, 139
Trd, 258725.950, 82
Trd, 258726.167, 97
Trd, 258726.233, 102
Trd, 258726.800, 121
Trd, 258727.033, 94
Trd, 258727.100, 94
Trd, 258727.583, 140
Trd, 258727.667, 124
Trd, 258727.817, 116
Trd, 258728.000, 106
Trd, 258728.633, 127
Trd, 258728.767, 107
Trd, 258729.033, 102
Trd, 258729.250, 102
Trd, 258729.400, 101
Trd, 258729.433, 104
Trd, 258730.083, 129
Trd, 258730.283, 107
Trd, 258731.600, 133
Trd, 258731.783, 126
Trd, 258731.933, 125
Trd, 258732.300, 124
Trd, 258732.367, 122
Trd, 258732.450, 121
Trd, 258732.517, 121
Trd, 258732.683, 117
Trd, 258733.083, 119
Trd, 258733.117, 117
Trd, 258733.233, 130
Trd, 258733.600, 140
Trd, 258734.417, 124
Trd, 258734.567, 130
Trd, 258734.833, 122
Trd, 258734.983, 117
Trd, 258735.000, 113
Trd, 258735.583, 110
Trd, 258736.233, 135
Trd, 258736.467, 135
Trd, 258737.067, 135
Trd, 258737.150, 124
Trd, 258737.250, 120
Trd, 258737.450, 119
Trd, 258737.600, 113
Trd, 258737.667, 126
Trd, 258737.917, 136
Trd, 258738.050, 114
Trd, 258738.600, 122
Trd, 258738.633, 122
Trd, 258738.883, 121
Trd, 258738.950, 121
Trd, 258739.050, 112
Trd, 258739.117, 117
Trd, 258739.267, 110
Trd, 258739.833, 113
Trd, 258739.933, 104
Trd, 258739.967, 104
Trd, 258740.100, 128
Trd, 258740.300, 101
Trd, 258740.333, 96
Trd, 258740.367, 124
Trd, 258741.550, 95
Trd, 258741.867, 86
Trd, 258742.000, 114
Trd, 258742.817, 125
Trd, 258742.883, 105
Trd, 258743.083, 138
Trd, 258743.283, 125
Trd, 258743.933, 114
Trd, 258744.050, 109
Trd, 258744.067, 103
Trd, 258744.150, 102
Trd, 258744.417, 99
Trd, 258744.883, 101
Trd, 258744.917, 94
Trd, 258745.067, 87
Trd, 258745.083, 76
Trd, 258745.433, 140
Trd, 258745.500, 139
Trd, 258745.883, 130
Trd, 258746.167, 140
Trd, 258746.417, 126
Trd, 258746.800, 131
Trd, 258746.867, 126
Trd, 258747.033, 125
Trd, 258747.283, 133
Trd, 258747.617, 119
Trd, 258747.717, 118
Trd, 258747.867, 108
Trd, 258747.917, 131
Trd, 258748.317, 102
Trd, 258748.783, 139
Trd, 258748.800, 132
Trd, 258748.817, 131
Trd, 258749.033, 139
Trd, 258749.183, 138
Trd, 258749.683, 126
Trd, 258750.267, 115
Trd, 258750.617, 134
Trd, 258750.817, 112
Trd, 258751.167, 110
Trd, 258751.367, 123
Trd, 258751.700, 118
Trd, 258752.317, 104
Trd, 258753.267, 140
Trd, 258753.350, 140
Trd, 258753.467, 140
Trd, 258753.500, 132
Trd, 258753.567, 121
Trd, 258753.950, 119
Trd, 258754.167, 132
Trd, 258754.283, 103
Trd, 258754.733, 120
Trd, 258755.200, 119
Trd, 258755.267, 108
Trd, 258755.483, 126
Trd, 258755.550, 105
Trd, 258755.650, 101
Trd, 258756.050, 122
Trd, 258756.867, 140
Trd, 258757.100, 140
Trd, 258757.233, 137
Trd, 258757.333, 128
Trd, 258757.950, 139
Trd, 258758.000, 124
Trd, 258758.133, 122
Trd, 258758.267, 126
Trd, 258758.367, 127
Trd, 258758.550, 128
Trd, 258758.650, 101
Trd, 258759.050, 92
Trd, 258759.100, 90
Trd, 258759.217, 90
Trd, 258759.250, 83
Trd, 258759.400, 111
Trd, 258759.450, 84
Trd, 258759.533, 115
Trd, 258759.900, 132
Trd, 258759.983, 96
Trd, 258760.283, 93
Trd, 258760.450, 139
Trd, 258760.533, 89
Trd, 258760.767, 78
Trd, 258761.183, 82
Trd, 258761.283, 71
Trd, 258761.583, 130
Trd, 258761.767, 97
Trd, 258762.150, 125
Trd, 258762.300, 139
Trd, 258762.933, 118
Trd, 258763.017, 107
Trd, 258763.400, 128
Trd, 258763.467, 124
Trd, 258763.550, 121
Trd, 258764.050, 133
Trd, 258765.017, 122
Trd, 258765.050, 118
Trd, 258765.700, 107
Trd, 258765.717, 137
Trd, 258765.800, 106
Trd, 258765.817, 102
Trd, 258765.883, 98
Trd, 258766.083, 96
Trd, 258766.100, 85
Trd, 258766.267, 99
Trd, 258766.383, 80
Trd, 258766.583, 85
Trd, 258766.917, 107
Trd, 258767.733, 107
Trd, 258767.900, 108
Trd, 258768.200, 140
Trd, 258768.517, 110
Trd, 258768.683, 108
Trd, 258768.750, 112
Trd, 258768.933, 115
Trd, 258769.117, 108
Trd, 258769.600, 133
Trd, 258769.683, 104
Trd, 258769.700, 96
Trd, 258769.883, 114
Trd, 258770.483, 126
Trd, 258770.617, 112
Trd, 258770.633, 102
Trd, 258770.667, 97
Trd, 258770.867, 139
Trd, 258771.400, 140
Trd, 258771.450, 140
Trd, 258771.617, 129
Trd, 258771.917, 107
Trd, 258772.017, 107
Trd, 258772.233, 106
Trd, 258772.517, 101
Trd, 258772.633, 70
Trd, 258773.217, 139
Trd, 258773.267, 138
Trd, 258773.767, 136
Trd, 258774.050, 140
Trd, 258774.250, 124
Trd, 258774.517, 116
Trd, 258774.550, 115
Trd, 258774.833, 112
Trd, 258774.917, 125
Trd, 258775.700, 139
Trd, 258776.000, 117
Trd, 258776.083, 116
Trd, 258776.233, 127
Trd, 258776.417, 88
Trd, 258776.500, 122
Trd, 258777.250, 85
Trd, 258777.867, 123
Trd, 258777.883, 118
Trd, 258777.900, 115
Trd, 258778.117, 113
Trd, 258778.400, 132
Trd, 258778.617, 136
Trd, 258778.650, 103
Trd, 258779.167, 102
Trd, 258779.617, 140
Trd, 258779.700, 99
Trd, 258779.717, 98
Trd, 258780.033, 138
Trd, 258780.200, 119
Trd, 258780.350, 98
Trd, 258780.467, 95
Trd, 258780.800, 91
Trd, 258780.867, 109
Trd, 258781.033, 97
Trd, 258781.217, 91
Trd, 258781.667, 107
Trd, 258782.033, 139
Trd, 258782.350, 122
Trd, 258782.633, 111
Trd, 258783.417, 127
Trd, 258783.733, 115
Trd, 258783.817, 113
Trd, 258783.950, 110
Trd, 258784.350, 139
Trd, 258784.617, 138
Trd, 258784.717, 136
Trd, 258785.250, 130
Trd, 258785.267, 108
Trd, 258785.300, 124
Trd, 258785.617, 139
Trd, 258786.033, 120
Trd, 258786.167, 106
Trd, 258786.417, 103
Trd, 258786.600, 100
Trd, 258786.867, 138
Trd, 258786.883, 140
Trd, 258786.967, 130
Trd, 258787.483, 117
Trd, 258788.017, 113
Trd, 258788.083, 111
Trd, 258788.333, 110
Trd, 258788.900, 138
Trd, 258789.033, 125
Trd, 258789.050, 105
Trd, 258789.467, 99
Trd, 258789.917, 139
Trd, 258790.300, 138
Trd, 258790.533, 129
Trd, 258790.767, 118
Trd, 258790.833, 109
Trd, 258791.133, 113
Trd, 258791.300, 127
Trd, 258791.417, 135
Trd, 258791.667, 118
Trd, 258791.800, 117
Trd, 258791.933, 132
Trd, 258792.067, 110
Trd, 258792.100, 108
Trd, 258792.383, 112
Trd, 258792.683, 105
Trd, 258792.717, 104
Trd, 258793.683, 127
Trd, 258793.867, 135
Trd, 258793.933, 109
Trd, 258794.267, 97
Trd, 258794.583, 118
Trd, 258794.800, 102
Trd, 258794.883, 128
Trd, 258795.150, 105
Trd, 258796.883, 140
Trd, 258796.917, 140
Trd, 258796.967, 138
Trd, 258797.617, 130
Trd, 258797.767, 117
Trd, 258798.300, 112
Trd, 258798.467, 107
Trd, 258798.550, 102
Trd, 258798.933, 117
Trd, 258799.017, 100
Trd, 258799.050, 99
Trd, 258799.300, 114
Trd, 258799.433, 123
Trd, 258799.550, 99
Trd, 258799.567, 98
Trd, 258799.633, 95
Trd, 258799.750, 93
Trd, 258799.767, 88
Trd, 258800.600, 140
Trd, 258800.800, 132
Trd, 258801.233, 138
Trd, 258801.533, 131
Trd, 258801.683, 130
Trd, 258802.000, 128
Trd, 258802.233, 122
Trd, 258802.300, 120
Trd, 258802.350, 119
Trd, 258802.400, 110
Trd, 258802.567, 125
Trd, 258803.017, 94
Trd, 258803.233, 120
Trd, 258803.300, 93
Trd, 258803.383, 124
Trd, 258803.450, 87
Trd, 258803.517, 138
Trd, 258803.783, 139
Trd, 258804.017, 130
Trd, 258804.150, 116
Trd, 258804.517, 126
Trd, 258804.600, 124
Trd, 258804.767, 128
Trd, 258804.950, 103
Trd, 258805.083, 102
Trd, 258805.100, 94
Trd, 258805.517, 129
Trd, 258805.850, 101
Trd, 258806.000, 104
Trd, 258806.383, 108
Trd, 258806.800, 119
Trd, 258807.033, 130
Trd, 258807.817, 140
Trd, 258808.367, 134
Trd, 258808.383, 127
Trd, 258808.883, 137
Trd, 258808.950, 136
Trd, 258809.200, 120
Trd, 258809.300, 107
Trd, 258809.617, 104
Trd, 258809.917, 102
Trd, 258809.983, 101
Trd, 258810.050, 114
Trd, 258810.500, 131
Trd, 258810.700, 140
Trd, 258810.750, 123
Trd, 258811.017, 120
Trd, 258811.267, 124
Trd, 258811.583, 116
Trd, 258811.883, 107
Trd, 258812.017, 102
Trd, 258812.200, 104
Trd, 258812.233, 101
Trd, 258813.167, 106
Trd, 258813.483, 131
Trd, 258813.517, 122
Trd, 258813.733, 139
Trd, 258813.767, 101
Trd, 258813.850, 101
Trd, 258814.517, 140
Trd, 258814.533, 139
Trd, 258814.600, 117
Trd, 258814.717, 115
Trd, 258814.950, 132
Trd, 258815.050, 114
Trd, 258815.317, 137
Trd, 258815.483, 114
Trd, 258815.500, 113
Trd, 258815.767, 107
Trd, 258816.200, 108
Trd, 258816.417, 140
Trd, 258816.733, 136
Trd, 258817.133, 116
Trd, 258817.500, 110
Trd, 258817.600, 118
Trd, 258817.650, 119
Trd, 258817.967, 111
Trd, 258818.633, 106
Trd, 258818.650, 104
Trd, 258818.700, 108
Trd, 258818.783, 103
Trd, 258819.450, 139
Trd, 258819.600, 139
Trd, 258819.900, 119
Trd, 258820.400, 109
Trd, 258820.433, 105
Trd, 258820.817, 104
Trd, 258820.883, 112
Trd, 258820.967, 102
Trd, 258821.217, 101
Trd, 258821.233, 99
Trd, 258821.317, 98
Trd, 258821.700, 110
Trd, 258822.267, 108
Trd, 258822.333, 106
Trd, 258822.467, 107
Trd, 258822.583, 106
Trd, 258822.733, 105
Trd, 258822.967, 101
Trd, 258823.067, 109
Trd, 258823.400, 101
Trd, 258823.483, 113
Trd, 258823.600, 115
Trd, 258824.633, 139
Trd, 258824.667, 122
Trd, 258825.083, 140
Trd, 258825.383, 128
Trd, 258825.650, 116
Trd, 258825.783, 130
Trd, 258826.633, 113
Trd, 258826.817, 112
Trd, 258827.067, 110
Trd, 258827.517, 100
Trd, 258827.817, 102
Trd, 258827.833, 98
Trd, 258828.033, 109
Trd, 258828.100, 102
Trd, 258828.500, 99
Trd, 258828.617, 94
Trd, 258828.717, 90
Trd, 258828.767, 104
Trd, 258828.800, 88
Trd, 258828.917, 110
Trd, 258829.133, 79
Trd, 258829.300, 77
Trd, 258829.483, 76
Trd, 258829.950, 109
Trd, 258830.033, 101
Trd, 258830.300, 101
Trd, 258830.733, 114
Trd, 258831.067, 140
Trd, 258831.200, 132
Trd, 258831.317, 127
Trd, 258832.433, 134
Trd, 258832.750, 131
Trd, 258832.917, 125
Trd, 258832.983, 125
Trd, 258833.433, 116
Trd, 258833.517, 114
Trd, 258833.750, 108
Trd, 258833.983, 108
Trd, 258834.067, 106
Trd, 258834.083, 100
Trd, 258834.133, 100
Trd, 258834.233, 97
Trd, 258834.283, 106
Trd, 258834.633, 129
Trd, 258834.717, 117
Trd, 258835.567, 119
Trd, 258835.683, 109
Trd, 258836.183, 138
Trd, 258836.300, 130
Trd, 258836.333, 126
Trd, 258836.517, 122
Trd, 258836.917, 117
Trd, 258837.233, 104
Trd, 258837.567, 104
Trd, 258837.700, 101
Trd, 258837.750, 108
Trd, 258837.900, 109
Trd, 258838.067, 95
Trd, 258838.167, 139
Trd, 258838.383, 108
Trd, 258839.000, 120
Trd, 258839.350, 116
Trd, 258839.433, 114
Trd, 258839.467, 111
Trd, 258839.483, 104
Trd, 258839.500, 101
Trd, 258840.150, 139
Trd, 258840.183, 114
Trd, 258841.300, 120
Trd, 258841.417, 118
Trd, 258841.450, 127
Trd, 258841.583, 102
Trd, 258841.800, 100
Trd, 258841.983, 97
Trd, 258842.250, 92
Trd, 258843.217, 92
Trd, 258843.233, 95
Trd, 258843.267, 84
Trd, 258843.367, 92
Trd, 258843.733, 140
Trd, 258843.783, 134
Trd, 258843.950, 120
Trd, 258843.983, 118
Trd, 258844.133, 107
Trd, 258844.200, 133
Trd, 258844.550, 115
Trd, 258845.000, 114
Trd, 258845.017, 103
Trd, 258845.833, 139
Trd, 258845.900, 121
Trd, 258845.933, 101
Trd, 258845.967, 100
Trd, 258846.117, 94
Trd, 258846.367, 98
Trd, 258846.650, 92
Trd, 258847.267, 94
Trd, 258847.800, 102
Trd, 258847.867, 107
Trd, 258848.267, 104
Trd, 258848.417, 140
Trd, 258848.467, 102
Trd, 258848.583, 101
Trd, 258848.650, 135
Trd, 258848.733, 105
Trd, 258849.083, 106
Trd, 258849.283, 137
Trd, 258849.367, 100
Trd, 258849.500, 98
Trd, 258849.800, 98
Trd, 258849.933, 94
Trd, 258849.983, 92
Trd, 258850.317, 140
Trd, 258850.333, 139
Trd, 258850.350, 112
Trd, 258850.567, 106
Trd, 258851.050, 111
Trd, 258851.183, 84
Trd, 258851.283, 81
Trd, 258851.533, 111
Trd, 258851.633, 121
Trd, 258851.767, 121
Trd, 258852.117, 95
Trd, 258852.550, 114
Trd, 258853.017, 101
Trd, 258853.200, 113
Trd, 258853.400, 102
Trd, 258853.433, 99
Trd, 258854.067, 126
Trd, 258854.367, 126
Trd, 258854.667, 116
Trd, 258854.800, 116
Trd, 258855.150, 106
Trd, 258855.183, 132
Trd, 258855.817, 114
Trd, 258856.150, 113
Trd, 258856.300, 104
Trd, 258856.900, 102
Trd, 258857.200, 125
Trd, 258857.350, 113
Trd, 258857.433, 99
Trd, 258857.650, 97
Trd, 258857.700, 100
Trd, 258858.700, 140
Trd, 258858.717, 139
Trd, 258859.017, 138
Trd, 258859.250, 132
Trd, 258859.583, 140
Trd, 258859.633, 126
Trd, 258859.733, 126
Trd, 258859.883, 117
Trd, 258860.033, 117
Trd, 258860.550, 116
Trd, 258860.817, 134
Trd, 258860.950, 123
Trd, 258860.967, 115
Trd, 258861.283, 113
Trd, 258861.817, 110
Trd, 258861.833, 108
Trd, 258861.917, 112
Trd, 258862.333, 110
Trd, 258862.367, 107
Trd, 258862.667, 106
Trd, 258862.683, 126
Trd, 258863.133, 115
Trd, 258863.283, 109
Trd, 258863.300, 109
Trd, 258863.400, 116
Trd, 258863.467, 110
Trd, 258863.833, 81
Trd, 258864.367, 114
Trd, 258864.400, 113
Trd, 258864.783, 90
Trd, 258865.117, 124
Trd, 258865.783, 140
Trd, 258866.050, 136
Trd, 258866.267, 102
Trd, 258866.350, 125
Trd, 258866.550, 112
Trd, 258866.683, 121
Trd, 258866.700, 104
Trd, 258867.400, 103
Trd, 258867.467, 102
Trd, 258868.200, 119
Trd, 258868.250, 118
Trd, 258868.317, 139
Trd, 258868.400, 115
Trd, 258868.483, 111
Trd, 258868.733, 110
Trd, 258869.067, 124
Trd, 258869.233, 110
Trd, 258869.550, 106
Trd, 258869.800, 110
Trd, 258869.883, 109
Trd, 258869.900, 97
Trd, 258869.917, 113
Trd, 258870.000, 116
Trd, 258870.383, 98
Trd, 258870.400, 97
Trd, 258870.450, 95
Trd, 258871.117, 137
Trd, 258871.533, 125
Trd, 258871.550, 124
Trd, 258871.733, 115
Trd, 258872.050, 127
Trd, 258872.300, 118
Trd, 258872.600, 124
Trd, 258872.983, 103
Trd, 258873.150, 110
Trd, 258873.217, 102
Trd, 258873.400, 100
Trd, 258873.450, 92
Trd, 258873.467, 91
Trd, 258873.633, 110
Trd, 258873.750, 102
Trd, 258873.850, 100
Trd, 258873.967, 85
Trd, 258874.467, 140
Trd, 258874.533, 136
Trd, 258874.733, 95
Trd, 258874.750, 94
Trd, 258874.867, 95
Trd, 258875.800, 139
Trd, 258875.917, 134
Trd, 258876.017, 127
Trd, 258876.750, 105
Trd, 258877.517, 126
Trd, 258877.683, 115
Trd, 258877.717, 100
Trd, 258877.917, 120
Trd, 258877.983, 137
Trd, 258878.267, 140
Trd, 258878.667, 139
Trd, 258879.467, 140
Trd, 258879.500, 140
Trd, 258880.033, 140
Trd, 258880.167, 140
Trd, 258880.183, 139
Trd, 258880.433, 132
Trd, 258880.483, 118
Trd, 258880.533, 116
Trd, 258880.567, 114
Trd, 258880.867, 137
Trd, 258881.383, 140
Trd, 258882.067, 122
Trd, 258882.467, 123
Trd, 258882.500, 122
Trd, 258882.750, 127
Trd, 258882.800, 112
Trd, 258883.200, 125
Trd, 258883.500, 129
Trd, 258883.917, 138
Trd, 258884.150, 137
Trd, 258884.417, 120
Trd, 258884.567, 129
Trd, 258885.133, 116
Trd, 258885.350, 112
Trd, 258885.367, 111
Trd, 258885.683, 127
Trd, 258886.250, 121
Trd, 258886.467, 110
Trd, 258887.150, 110
Trd, 258887.667, 125
Trd, 258887.983, 140
Trd, 258888.067, 140
Trd, 258888.167, 119
Trd, 258888.333, 131
Trd, 258888.600, 138
Trd, 258888.683, 125
Trd, 258888.883, 124
Trd, 258889.317, 125
Trd, 258889.600, 122
Trd, 258889.783, 123
Trd, 258890.100, 118
Trd, 258890.133, 116
Trd, 258890.350, 140
Trd, 258890.600, 130
Trd, 258890.933, 138
Trd, 258891.533, 121
Trd, 258891.650, 120
Trd, 258891.850, 120
Trd, 258891.950, 117
Trd, 258892.000, 113
Trd, 258892.333, 114
Trd, 258892.350, 110
Trd, 258892.900, 104
Trd, 258892.950, 114
Trd, 258893.000, 100
Trd, 258893.717, 126
Trd, 258893.950, 122
Trd, 258894.717, 123
Trd, 258894.783, 106
Trd, 258894.917, 106
Trd, 258895.033, 105
Trd, 258895.317, 110
Trd, 258896.117, 107
Trd, 258896.267, 102
Trd, 258896.883, 138
Trd, 258897.000, 136
Trd, 258897.017, 126
Trd, 258897.317, 125
Trd, 258897.700, 133
Trd, 258898.333, 107
Trd, 258898.617, 123
Trd, 258899.067, 140
Trd, 258899.117, 137
Trd, 258899.233, 124
Trd, 258899.250, 121
Trd, 258899.550, 115
Trd, 258899.800, 125
Trd, 258900.433, 126
Trd, 258900.650, 139
Trd, 258900.717, 110
Trd, 258900.883, 140
Trd, 258901.417, 135
Trd, 258901.450, 128
Trd, 258901.850, 125
Trd, 258901.900, 125
Trd, 258902.733, 139
Trd, 258902.783, 131
Trd, 258902.817, 130
Trd, 258902.867, 129
Trd, 258902.950, 123
Trd, 258903.067, 119
Trd, 258903.217, 125
Trd, 258903.250, 114
Trd, 258903.450, 119
Trd, 258904.000, 116
Trd, 258904.167, 129
Trd, 258904.333, 112
Trd, 258904.517, 109
Trd, 258905.067, 131
Trd, 258905.167, 125
Trd, 258905.300, 117
Trd, 258905.333, 112
Trd, 258905.783, 104
Trd, 258905.850, 112
Trd, 258906.317, 103
Trd, 258906.417, 97
Trd, 258906.500, 93
Trd, 258906.533, 92
Trd, 258906.767, 89
Trd, 258907.267, 93
Trd, 258907.383, 94
Trd, 258907.817, 107
Trd, 258908.083, 121
Trd, 258908.117, 118
Trd, 258908.217, 125
Trd, 258908.633, 120
Trd, 258908.933, 116
Trd, 258909.167, 109
Trd, 258909.567, 140
Trd, 258909.867, 139
Trd, 258909.933, 126
Trd, 258909.950, 104
Trd, 258910.017, 103
Trd, 258910.117, 96
Trd, 258910.167, 94
Trd, 258910.350, 112
Trd, 258911.383, 140
Trd, 258911.583, 140
Trd, 258911.767, 138
Trd, 258911.950, 131
Trd, 258912.100, 131
Trd, 258912.300, 128
Trd, 258912.600, 128
Trd, 258912.667, 127
Trd, 258912.683, 118
Trd, 258912.700, 118
Trd, 258912.967, 116
Trd, 258913.267, 120
Trd, 258913.467, 125
Trd, 258913.533, 124
Trd, 258913.883, 120
Trd, 258914.017, 134
Trd, 258914.667, 118
Trd, 258914.833, 116
Trd, 258915.017, 120
Trd, 258915.100, 108
Trd, 258915.467, 140
Trd, 258915.917, 107
Trd, 258916.300, 97
Trd, 258916.417, 95
Trd, 258916.850, 92
Trd, 258917.733, 103
Trd, 258917.833, 140
Trd, 258917.883, 108
Trd, 258918.217, 96
Trd, 258918.350, 89
Trd, 258918.517, 90
Trd, 258918.783, 105
Trd, 258918.917, 89
Trd, 258919.033, 88
Trd, 258919.100, 117
Trd, 258919.467, 102
Trd, 258919.550, 89
Trd, 258919.850, 105
Trd, 258920.217, 130
Trd, 258920.367, 129
Trd, 258920.383, 128
Trd, 258921.067, 116
Trd, 258921.283, 100
Trd, 258922.000, 138
Trd, 258922.400, 117
Trd, 258922.467, 111
Trd, 258922.533, 109
Trd, 258922.633, 108
Trd, 258922.783, 98
Trd, 258922.817, 136
Trd, 258923.083, 113
Trd, 258923.500, 139
Trd, 258923.567, 97
Trd, 258923.750, 119
Trd, 258924.417, 110
Trd, 258925.300, 140
Trd, 258925.417, 140
Trd, 258925.900, 135
Trd, 258925.983, 133
Trd, 258926.000, 132
Trd, 258926.050, 127
Trd, 258926.150, 124
Trd, 258926.233, 114
Trd, 258926.250, 112
Trd, 258926.783, 105
Trd, 258927.183, 103
Trd, 258927.367, 99
Trd, 258927.633, 139
Trd, 258927.700, 119
Trd, 258927.817, 98
Trd, 258928.333, 107
Trd, 258928.667, 105
Trd, 258929.283, 109
Trd, 258929.750, 132
Trd, 258930.150, 140
Trd, 258930.300, 140
Trd, 258930.417, 139
Trd, 258930.600, 128
Trd, 258930.667, 123
Trd, 258930.717, 116
Trd, 258931.567, 111
Trd, 258931.867, 121
Trd, 258931.933, 123
Trd, 258931.983, 112
Trd, 258932.517, 126
Trd, 258932.550, 106
Trd, 258932.583, 104
Trd, 258932.833, 99
Trd, 258932.950, 132
Trd, 258933.383, 100
Trd, 258934.100, 103
Trd, 258934.250, 99
Trd, 258934.450, 107
Trd, 258934.483, 94
Trd, 258934.600, 92
Trd, 258934.667, 90
Trd, 258934.733, 89
Trd, 258934.983, 140
Trd, 258935.367, 140
Trd, 258935.550, 131
Trd, 258935.833, 129
Trd, 258936.050, 114
Trd, 258936.417, 139
Trd, 258936.650, 137
Trd, 258936.783, 126
Trd, 258937.000, 119
Trd, 258937.517, 127
Trd, 258937.900, 118
Trd, 258938.683, 135
Trd, 258938.983, 134
Trd, 258939.117, 115
Trd, 258939.167, 113
Trd, 258939.233, 110
Trd, 258939.600, 140
Trd, 258939.783, 140
Trd, 258940.050, 126
Trd, 258940.300, 118
Trd, 258940.700, 118
Trd, 258940.717, 117
Trd, 258940.817, 128
Trd, 258941.067, 132
Trd, 258941.167, 127
Trd, 258941.867, 139
Trd, 258941.967, 137
Trd, 258942.317, 116
Trd, 258942.400, 113
Trd, 258942.817, 130
Trd, 258942.867, 113
Trd, 258942.983, 112
Trd, 258943.183, 112
Trd, 258943.250, 121
Trd, 258943.350, 111
Trd, 258943.583, 113
Trd, 258943.683, 110
Trd, 258943.817, 126
Trd, 258945.233, 140
Trd, 258945.400, 105
Trd, 258945.950, 115
Trd, 258946.133, 128
Trd, 258946.217, 107
Trd, 258946.517, 106
Trd, 258946.917, 100
Trd, 258947.233, 99
Trd, 258947.533, 124
Trd, 258947.650, 140
Trd, 258947.667, 129
Trd, 258947.833, 112
Trd, 258947.933, 104
Trd, 258948.050, 131
Trd, 258948.367, 100
Trd, 258948.767, 138
Trd, 258949.033, 121
Trd, 258949.300, 118
Trd, 258949.417, 140
Trd, 258949.433, 112
Trd, 258949.917, 125
Trd, 258950.350, 140
Trd, 258950.950, 140
Trd, 258951.217, 133
Trd, 258951.983, 139
Trd, 258952.233, 132
Trd, 258952.283, 129
Trd, 258952.467, 140
Trd, 258952.483, 118
Trd, 258952.667, 117
Trd, 258953.033, 131
Trd, 258953.083, 117
Trd, 258953.100, 115
Trd, 258953.517, 111
Trd, 258953.700, 129
Trd, 258953.850, 122
Trd, 258954.200, 113
Trd, 258954.367, 108
Trd, 258954.583, 114
Trd, 258954.667, 113
Trd, 258955.050, 90
Trd, 258955.083, 90
Trd, 258955.133, 86
Trd, 258955.700, 130
Trd, 258956.000, 137
Trd, 258956.083, 127
Trd, 258956.217, 124
Trd, 258956.800, 117
Trd, 258957.033, 117
Trd, 258957.067, 112
Trd, 258957.300, 95
Trd, 258957.550, 89
Trd, 258958.233, 139
Trd, 258958.367, 125
Trd, 258958.400, 121
Trd, 258958.517, 119
Trd, 258958.850, 116
Trd, 258959.083, 115
Trd, 258959.100, 102
Trd, 258959.483, 140
Trd, 258959.533, 139
Trd, 258959.733, 100
Trd, 258960.000, 140
Trd, 258960.200, 127
Trd, 258960.500, 119
Trd, 258961.317, 139
Trd, 258961.517, 139
Trd, 258961.633, 130
Trd, 258961.850, 133
Trd, 258961.900, 128
Trd, 258962.067, 127
Trd, 258962.117, 115
Trd, 258962.233, 111
Trd, 258962.317, 125
Trd, 258963.267, 129
Trd, 258963.283, 125
Trd, 258963.617, 124
Trd, 258963.733, 119
Trd, 258964.100, 131
Trd, 258964.133, 119
Trd, 258964.167, 118
Trd, 258964.667, 128
Trd, 258964.883, 107
Trd, 258965.350, 104
Trd, 258965.500, 107
Trd, 258965.733, 138
Trd, 258965.783, 121
Trd, 258965.817, 99
Trd, 258965.950, 140
Trd, 258966.200, 94
Trd, 258966.867, 111
Trd, 258966.900, 105
Trd, 258966.933, 103
Trd, 258967.033, 85
Trd, 258967.400, 80
Trd, 258967.683, 97
Trd, 258968.250, 107
Trd, 258968.883, 110
Trd, 258969.050, 106
Trd, 258969.067, 103
Trd, 258969.600, 136
Trd, 258969.683, 135
Trd, 258970.317, 128
Trd, 258970.467, 121
Trd, 258970.500, 112
Trd, 258970.900, 140
Trd, 258971.183, 115
Trd, 258971.433, 109
Trd, 258971.533, 109
Trd, 258971.700, 123
Trd, 258971.850, 135
Trd, 258972.100, 118
Trd, 258972.433, 112
Trd, 258972.767, 140
Trd, 258973.033, 123
Trd, 258973.233, 113
Trd, 258973.250, 106
Trd, 258974.100, 140
Trd, 258974.233, 140
Trd, 258974.467, 134
Trd, 258974.733, 127
Trd, 258974.817, 123
Trd, 258975.083, 119
Trd, 258975.433, 103
Trd, 258975.450, 102
Trd, 258976.117, 106
Trd, 258977.033, 140
Trd, 258977.200, 140
Trd, 258977.467, 140
Trd, 258977.700, 140
Trd, 258978.133, 127
Trd, 258978.517, 129
Trd, 258978.750, 121
Trd, 258978.950, 116
Trd, 258979.033, 114
Trd, 258979.600, 107
Trd, 258979.683, 108
Trd, 258979.717, 120
Trd, 258979.733, 106
Trd, 258979.750, 105
Trd, 258980.017, 101
Trd, 258980.067, 100
Trd, 258980.300, 98
Trd, 258980.517, 140
Trd, 258981.150, 140
Trd, 258981.300, 118
Trd, 258981.667, 109
Trd, 258981.917, 80
Trd, 258982.200, 117
Trd, 258982.233, 107
Trd, 258982.517, 102
Trd, 258982.650, 101
Trd, 258982.800, 87
Trd, 258983.100, 125
Trd, 258983.167, 92
Trd, 258983.867, 122
Trd, 258984.000, 122
Trd, 258984.167, 111
Trd, 258984.567, 99
Trd, 258984.583, 96
Trd, 258984.950, 87
Trd, 258986.250, 140
Trd, 258986.450, 126
Trd, 258986.600, 126
Trd, 258986.883, 140
Trd, 258987.317, 131
Trd, 258987.583, 130
Trd, 258987.817, 130
Trd, 258987.867, 119
Trd, 258987.933, 131
Trd, 258988.117, 131
Trd, 258988.333, 134
Trd, 258988.367, 130
Trd, 258988.500, 109
Trd, 258988.583, 113
Trd, 258988.683, 133
Trd, 258989.317, 135
Trd, 258989.617, 121
Trd, 258989.800, 113
Trd, 258989.833, 108
Trd, 258989.983, 131
Trd, 258990.150, 129
Trd, 258990.250, 100
Trd, 258990.600, 135
Trd, 258990.767, 115
Trd, 258992.233, 107
Trd, 258992.300, 105
Trd, 258992.700, 115
Trd, 258992.717, 105
Trd, 258993.250, 115
Trd, 258993.267, 99
Trd, 258993.550, 116
Trd, 258993.717, 119
Trd, 258994.150, 120
Trd, 258994.550, 98
Trd, 258994.700, 113
Trd, 258994.767, 96
Trd, 258994.850, 93
Trd, 258995.117, 108
Trd, 258995.400, 131
Trd, 258995.950, 132
Trd, 258996.050, 130
Trd, 258996.067, 129
Trd, 258996.150, 134
Trd, 258996.483, 111
Trd, 258996.733, 135
Trd, 258996.900, 105
Trd, 258997.217, 140
Trd, 258997.433, 104
Trd, 258997.567, 118
Trd, 258997.717, 94
Trd, 258998.050, 81
Trd, 258998.167, 90
Trd, 258998.250, 80
Trd, 258998.517, 73
Trd, 258998.633, 113
Trd, 258998.933, 85
Trd, 258999.233, 107
Trd, 258999.467, 106
Trd, 258999.550, 111
Trd, 258999.567, 123
Trd, 258999.767, 100
Trd, 258999.900, 89
Trd, 259000.200, 107
Trd, 259000.250, 94
Trd, 259000.583, 138
Trd, 259000.817, 111
Trd, 259000.867, 91
Trd, 259000.950, 88
Trd, 259001.100, 81
Trd, 259001.117, 82
Trd, 259001.250, 107
Trd, 259001.933, 62
Trd, 259001.983, 63
Trd, 259002.567, 91
Trd, 259002.933, 79
Trd, 259002.967, 77
Trd, 259003.117, 93
Trd, 259003.417, 75
Trd, 259003.633, 90
Trd, 259003.767, 77
Trd, 259004.133, 80
Trd, 259004.167, 78
Trd, 259004.333, 139
Trd, 259004.350, 132
Trd, 259005.400, 132
Trd, 259006.167, 134
Trd, 259006.367, 139
Trd, 259006.567, 126
Trd, 259006.900, 138
Trd, 259007.067, 126
Trd, 259007.200, 125
Trd, 259007.267, 115
Trd, 259007.600, 138
Trd, 259008.100, 110
Trd, 259008.817, 108
Trd, 259009.100, 111
Trd, 259009.250, 112
Trd, 259009.267, 110
Trd, 259009.317, 104
Trd, 259009.450, 140
Trd, 259009.483, 127
Trd, 259009.583, 140
Trd, 259009.850, 131
Trd, 259010.567, 123
Trd, 259010.817, 102
Trd, 259010.867, 103
Trd, 259011.217, 116
Trd, 259011.367, 108
Trd, 259011.617, 126
Trd, 259012.150, 121
Trd, 259012.450, 115
Trd, 259012.933, 96
Trd, 259012.950, 95
Trd, 259013.150, 98
Trd, 259013.383, 121
Trd, 259013.483, 131
Trd, 259013.683, 101
Trd, 259013.933, 138
Trd, 259014.017, 109
Trd, 259014.183, 137
Trd, 259014.267, 132
Trd, 259014.500, 140
Trd, 259014.733, 122
Trd, 259014.800, 118
Trd, 259015.167, 110
Trd, 259015.317, 112
Trd, 259015.417, 115
Trd, 259015.933, 140
Trd, 259016.117, 126
Trd, 259016.450, 110
Trd, 259017.267, 108
Trd, 259017.300, 104
Trd, 259017.417, 93
Trd, 259017.550, 84
Trd, 259017.750, 85
Trd, 259018.000, 130
Trd, 259018.317, 102
Trd, 259018.817, 134
Trd, 259018.917, 106
Trd, 259019.517, 127
Trd, 259019.567, 105
Trd, 259019.583, 104
Trd, 259019.650, 110
Trd, 259019.667, 90
Trd, 259019.850, 110
Trd, 259019.967, 88
Trd, 259020.233, 119
Trd, 259020.450, 129
Trd, 259020.617, 138
Trd, 259020.650, 118
Trd, 259020.833, 110
Trd, 259020.900, 109
Trd, 259021.117, 121
Trd, 259021.217, 113
Trd, 259021.233, 112
Trd, 259021.350, 114
Trd, 259021.367, 122
Trd, 259021.750, 112
Trd, 259022.583, 86
Trd, 259022.900, 92
Trd, 259023.000, 125
Trd, 259023.067, 88
Trd, 259023.133, 109
Trd, 259023.283, 103
Trd, 259023.533, 125
Trd, 259023.667, 105
Trd, 259023.783, 101
Trd, 259024.233, 140
Trd, 259024.300, 113
Trd, 259024.717, 139
Trd, 259025.267, 139
Trd, 259025.317, 138
Trd, 259026.067, 138
Trd, 259026.150, 137
Trd, 259026.583, 132
Trd, 259026.733, 121
Trd, 259026.850, 117
Trd, 259026.917, 112
Trd, 259027.017, 138
Trd, 259027.083, 134
Trd, 259027.250, 103
Trd, 259028.050, 123
Trd, 259028.783, 111
Trd, 259029.267, 106
Trd, 259029.900, 118
Trd, 259030.100, 133
Trd, 259030.517, 104
Trd, 259030.883, 103
Trd, 259031.067, 103
Trd, 259031.117, 100
Trd, 259031.200, 97
Trd, 259031.533, 110
Trd, 259031.767, 93
Trd, 259031.833, 113
Trd, 259031.983, 91
Trd, 259032.017, 87
Trd, 259032.333, 129
Trd, 259032.500, 86
Trd, 259032.567, 85
Trd, 259033.200, 112
Trd, 259033.233, 100
Trd, 259033.333, 139
Trd, 259033.417, 120
Trd, 259033.700, 99
Trd, 259033.783, 99
Trd, 259033.983, 96
Trd, 259035.017, 131
Trd, 259035.033, 96
Trd, 259035.317, 118
Trd, 259035.617, 140
Trd, 259035.967, 115
Trd, 259036.333, 120
Trd, 259036.967, 139
Trd, 259037.117, 133
Trd, 259037.133, 127
Trd, 259037.333, 123
Trd, 259037.583, 133
Trd, 259037.667, 112
Trd, 259037.850, 108
Trd, 259037.983, 107
Trd, 259038.400, 108
Trd, 259038.500, 129
Trd, 259038.600, 125
Trd, 259038.617, 121
Trd, 259038.650, 119
Trd, 259038.667, 106
Trd, 259038.883, 140
Trd, 259038.967, 139
Trd, 259038.983, 110
Trd, 259039.333, 132
Trd, 259040.417, 138
Trd, 259041.083, 137
Trd, 259041.733, 136
Trd, 259041.800, 129
Trd, 259041.883, 124
Trd, 259042.133, 123
Trd, 259042.250, 140
Trd, 259042.283, 114
Trd, 259042.333, 111
Trd, 259042.733, 104
Trd, 259042.850, 129
Trd, 259043.067, 130
Trd, 259043.100, 104
Trd, 259043.800, 128
Trd, 259044.267, 121
Trd, 259044.283, 111
Trd, 259044.850, 140
Trd, 259044.983, 140
Trd, 259045.150, 136
Trd, 259045.233, 135
Trd, 259045.317, 132
Trd, 259045.400, 140
Trd, 259045.417, 128
Trd, 259045.533, 117
Trd, 259045.617, 121
Trd, 259045.850, 115
Trd, 259046.350, 118
Trd, 259046.850, 114
Trd, 259046.933, 104
Trd, 259047.433, 132
Trd, 259047.700, 131
Trd, 259047.867, 126
Trd, 259048.250, 121
Trd, 259048.400, 127
Trd, 259048.500, 111
Trd, 259048.633, 129
Trd, 259049.267, 140
Trd, 259049.667, 136
Trd, 259050.300, 131
Trd, 259050.317, 128
Trd, 259050.350, 127
Trd, 259050.483, 124
Trd, 259050.500, 120
Trd, 259050.633, 110
Trd, 259050.867, 92
Trd, 259051.150, 101
Trd, 259051.217, 89
Trd, 259051.533, 130
Trd, 259052.067, 129
Trd, 259052.233, 126
Trd, 259052.850, 140
Trd, 259052.933, 117
Trd, 259053.117, 132
Trd, 259053.617, 121
Trd, 259053.900, 135
Trd, 259054.200, 117
Trd, 259054.650, 123
Trd, 259054.750, 119
Trd, 259054.833, 119
Trd, 259055.233, 125
Trd, 259055.300, 112
Trd, 259055.717, 112
Trd, 259055.850, 111
Trd, 259056.050, 140
Trd, 259056.333, 133
Trd, 259056.683, 138
Trd, 259056.700, 137
Trd, 259056.967, 127
Trd, 259057.200, 126
Trd, 259057.283, 125
Trd, 259057.367, 116
Trd, 259057.417, 111
Trd, 259057.617, 135
Trd, 259057.650, 127
Trd, 259057.700, 108
Trd, 259058.033, 115
Trd, 259058.667, 109
Trd, 259058.717, 94
Trd, 259058.933, 128
Trd, 259059.450, 127
Trd, 259060.133, 140
Trd, 259060.183, 120
Trd, 259060.217, 110
Trd, 259060.400, 104
Trd, 259060.483, 100
Trd, 259061.100, 102
Trd, 259061.250, 119
Trd, 259061.333, 123
Trd, 259062.033, 130
Trd, 259062.083, 126
Trd, 259062.167, 123
Trd, 259062.533, 140
Trd, 259062.800, 140
Trd, 259063.133, 140
Trd, 259063.433, 137
Trd, 259063.617, 130
Trd, 259063.833, 128
Trd, 259064.100, 119
Trd, 259064.300, 126
Trd, 259064.650, 119
Trd, 259064.800, 140
Trd, 259065.183, 140
Trd, 259065.383, 136
Trd, 259065.417, 132
Trd, 259065.500, 124
Trd, 259065.617, 111
Trd, 259066.100, 113
Trd, 259066.167, 112
Trd, 259066.500, 139
Trd, 259066.550, 102
Trd, 259066.817, 118
Trd, 259066.833, 96
Trd, 259067.017, 91
Trd, 259067.367, 135
Trd, 259067.450, 140
Trd, 259067.550, 134
Trd, 259067.883, 120
Trd, 259068.083, 105
Trd, 259068.433, 127
Trd, 259069.500, 93
Trd, 259070.283, 110
Trd, 259070.317, 110
Trd, 259070.717, 116
Trd, 259070.750, 109
Trd, 259070.767, 98
Trd, 259070.850, 95
Trd, 259070.867, 93
Trd, 259070.950, 105
Trd, 259071.067, 96
Trd, 259071.133, 91
Trd, 259071.283, 107
Trd, 259071.367, 117
Trd, 259071.467, 91
Trd, 259072.000, 139
Trd, 259072.667, 128
Trd, 259073.700, 139
Trd, 259073.717, 132
Trd, 259073.900, 134
Trd, 259073.967, 123
Trd, 259074.400, 136
Trd, 259074.500, 129
Trd, 259074.533, 119
Trd, 259075.167, 115
Trd, 259075.200, 106
Trd, 259075.483, 129
Trd, 259075.717, 105
Trd, 259075.767, 101
Trd, 259075.817, 97
Trd, 259076.033, 127
Trd, 259076.517, 99
Trd, 259076.600, 117
Trd, 259076.800, 93
Trd, 259077.417, 108
Trd, 259077.667, 137
Trd, 259077.683, 134
Trd, 259078.267, 137
Trd, 259078.367, 108
Trd, 259078.517, 106
Trd, 259078.733, 132
Trd, 259079.017, 139
Trd, 259079.417, 127
Trd, 259079.433, 110
Trd, 259080.067, 104
Trd, 259080.283, 98
Trd, 259080.350, 96
Trd, 259080.367, 92
Trd, 259080.417, 92
Trd, 259080.467, 105
Trd, 259080.650, 114
Trd, 259080.850, 118
Trd, 259080.917, 100
Trd, 259081.083, 99
Trd, 259081.433, 88
Trd, 259081.667, 119
Trd, 259082.183, 104
Trd, 259082.367, 103
Trd, 259082.433, 112
Trd, 259082.500, 91
Trd, 259082.683, 88
Trd, 259082.883, 96
Trd, 259082.950, 78
Trd, 259083.183, 116
Trd, 259083.967, 119
Trd, 259083.983, 118
Trd, 259084.133, 109
Trd, 259084.400, 112
Trd, 259084.750, 126
Trd, 259084.767, 120
Trd, 259084.800, 108
Trd, 259085.200, 107
Trd, 259085.350, 114
Trd, 259085.433, 116
Trd, 259085.900, 109
Trd, 259086.067, 116
Trd, 259086.217, 113
Trd, 259087.467, 140
Trd, 259087.683, 120
Trd, 259088.067, 130
Trd, 259088.117, 124
Trd, 259088.267, 125
Trd, 259088.417, 119
Trd, 259088.567, 116
Trd, 259088.633, 139
Trd, 259089.067, 132
Trd, 259089.133, 123
Trd, 259089.200, 121
Trd, 259089.433, 116
Trd, 259089.467, 111
Trd, 259089.817, 122
Trd, 259090.383, 137
Trd, 259090.450, 92
Trd, 259090.733, 130
Trd, 259090.900, 104
Trd, 259091.117, 99
Trd, 259092.033, 99
Trd, 259092.050, 101
Trd, 259092.483, 94
Trd, 259092.700, 85
Trd, 259093.083, 105
Trd, 259093.333, 87
Trd, 259093.383, 110
Trd, 259093.433, 85
Trd, 259093.567, 120
Trd, 259093.683, 124
Trd, 259093.700, 125
Trd, 259094.350, 129
Trd, 259094.383, 132
Trd, 259094.733, 107
Trd, 259095.450, 109
Trd, 259095.567, 127
Trd, 259095.667, 120
Trd, 259095.700, 105
Trd, 259095.950, 104
Trd, 259096.067, 105
Trd, 259096.200, 131
Trd, 259096.500, 121
Trd, 259096.883, 131
Trd, 259096.950, 114
Trd, 259097.200, 130
Trd, 259097.217, 128
Trd, 259098.067, 124
Trd, 259098.533, 118
Trd, 259098.783, 111
Trd, 259098.883, 104
Trd, 259099.000, 102
Trd, 259099.233, 109
Trd, 259099.750, 120
Trd, 259099.800, 117
Trd, 259099.833, 116
Trd, 259100.200, 108
Trd, 259100.400, 131
Trd, 259100.633, 109
Trd, 259100.850, 109
Trd, 259101.383, 140
Trd, 259101.417, 132
Trd, 259101.483, 117
Trd, 259102.283, 140
Trd, 259102.300, 139
Trd, 259102.600, 137
Trd, 259102.800, 126
Trd, 259102.950, 117
Trd, 259102.983, 117
Trd, 259103.050, 116
Trd, 259103.150, 115
Trd, 259103.433, 133
Trd, 259103.700, 127
Trd, 259103.750, 111
Trd, 259103.883, 139
Trd, 259104.183, 109
Trd, 259104.200, 106
Trd, 259104.550, 99
Trd, 259104.983, 116
Trd, 259105.067, 114
Trd, 259105.200, 106
Trd, 259105.483, 99
Trd, 259105.550, 91
Trd, 259105.950, 128
Trd, 259106.000, 107
Trd, 259106.083, 87
Trd, 259106.933, 131
Trd, 259106.950, 132
Trd, 259106.983, 130
Trd, 259107.017, 107
Trd, 259107.167, 94
Trd, 259107.183, 81
Trd, 259107.450, 129
Trd, 259107.833, 84
Trd, 259108.100, 114
Trd, 259108.533, 111
Trd, 259108.583, 101
Trd, 259108.767, 106
Trd, 259109.117, 120
Trd, 259109.450, 96
Trd, 259109.650, 117
Trd, 259109.800, 97
Trd, 259110.167, 98
Trd, 259110.500, 125
Trd, 259110.550, 135
Trd, 259110.767, 122
Trd, 259111.117, 121
Trd, 259111.200, 121
Trd, 259111.250, 117
Trd, 259111.967, 115
Trd, 259112.267, 108
Trd, 259112.600, 127
Trd, 259112.683, 138
Trd, 259112.817, 117
Trd, 259112.917, 119
Trd, 259112.933, 115
Trd, 259113.083, 109
Trd, 259113.267, 113
Trd, 259113.433, 112
Trd, 259113.867, 135
Trd, 259114.367, 140
Trd, 259114.800, 139
Trd, 259114.950, 124
Trd, 259114.983, 122
Trd, 259115.350, 119
Trd, 259115.833, 131
Trd, 259115.967, 125
Trd, 259116.417, 125
Trd, 259116.600, 116
Trd, 259116.767, 116
Trd, 259116.783, 115
Trd, 259116.967, 115
Trd, 259117.133, 140
Trd, 259117.317, 107
Trd, 259117.700, 104
Trd, 259118.000, 108
Trd, 259118.050, 111
Trd, 259118.667, 99
Trd, 259118.767, 111
Trd, 259118.950, 112
Trd, 259119.283, 137
Trd, 259119.350, 136
Trd, 259119.367, 135
Trd, 259119.383, 128
Trd, 259119.517, 94
Trd, 259119.933, 125
Trd, 259119.983, 116
Trd, 259120.217, 106
Trd, 259120.500, 107
Trd, 259120.833, 97
Trd, 259121.250, 98
Trd, 259121.383, 117
Trd, 259121.617, 99
Trd, 259121.700, 98
Trd, 259121.883, 97
Trd, 259122.017, 91
Trd, 259122.350, 122
Trd, 259122.400, 114
Trd, 259122.700, 84
Trd, 259123.433, 118
Trd, 259123.567, 118
Trd, 259123.917, 124
Trd, 259124.133, 140
Trd, 259124.367, 106
Trd, 259124.400, 105
Trd, 259124.550, 109
Trd, 259124.633, 122
Trd, 259124.650, 103
Trd, 259124.717, 91
Trd, 259124.867, 124
Trd, 259125.033, 123
Trd, 259126.000, 139
Trd, 259126.267, 122
Trd, 259126.500, 140
Trd, 259126.667, 130
Trd, 259126.917, 112
Trd, 259127.067, 112
Trd, 259127.083, 101
Trd, 259127.467, 118
Trd, 259127.500, 93
Trd, 259128.017, 122
Trd, 259128.183, 115
Trd, 259128.433, 139
Trd, 259128.750, 138
Trd, 259128.883, 115
Trd, 259129.617, 128
Trd, 259129.883, 117
Trd, 259130.017, 114
Trd, 259130.083, 113
Trd, 259130.367, 124
Trd, 259130.733, 108
Trd, 259130.950, 107
Trd, 259131.167, 111
Trd, 259131.267, 136
Trd, 259131.483, 139
Trd, 259131.550, 132
Trd, 259131.783, 114
Trd, 259131.833, 140
Trd, 259131.983, 111
Trd, 259132.433, 140
Trd, 259132.583, 135
Trd, 259132.900, 133
Trd, 259133.017, 132
Trd, 259133.150, 124
Trd, 259133.200, 98
Trd, 259133.300, 137
Trd, 259133.400, 108
Trd, 259134.100, 136
Trd, 259134.600, 129
Trd, 259134.683, 140
Trd, 259135.117, 128
Trd, 259135.200, 122
Trd, 259135.367, 97
Trd, 259135.517, 95
Trd, 259135.950, 88
Trd, 259136.133, 99
Trd, 259136.267, 101
Trd, 259136.533, 87
Trd, 259136.750, 85
Trd, 259136.783, 80
Trd, 259136.883, 88
Trd, 259137.017, 81
Trd, 259137.117, 69
Trd, 259137.133, 102
Trd, 259138.067, 64
Trd, 259138.100, 72
Trd, 259138.300, 105
Trd, 259138.400, 114
Trd, 259138.633, 98
Trd, 259138.683, 96
Trd, 259138.833, 91
Trd, 259138.900, 88
Trd, 259139.250, 94
Trd, 259139.400, 102
Trd, 259139.567, 78
Trd, 259140.583, 140
Trd, 259140.717, 139
Trd, 259140.933, 129
Trd, 259141.467, 131
Trd, 259141.667, 122
Trd, 259141.867, 121
Trd, 259142.033, 124
Trd, 259142.200, 100
Trd, 259142.417, 117
Trd, 259142.817, 112
Trd, 259143.067, 130
Trd, 259143.400, 137
Trd, 259143.800, 113
Trd, 259143.950, 120
Trd, 259144.000, 122
Trd, 259144.067, 115
Trd, 259144.117, 108
Trd, 259144.317, 108
Trd, 259144.517, 130
Trd, 259144.767, 128
Trd, 259144.933, 117
Trd, 259145.750, 139
Trd, 259146.483, 127
Trd, 259146.567, 123
Trd, 259146.633, 122
Trd, 259146.667, 121
Trd, 259147.667, 117
Trd, 259147.800, 116
Trd, 259147.983, 113
Trd, 259148.033, 118
Trd, 259148.283, 118
Trd, 259148.433, 131
Trd, 259148.583, 117
Trd, 259148.750, 115
Trd, 259148.900, 111
Trd, 259148.950, 108
Trd, 259149.067, 129
Trd, 259149.733, 105
Trd, 259149.750, 132
Trd, 259149.917, 114
Trd, 259150.133, 126
Trd, 259150.633, 108
Trd, 259150.733, 111
Trd, 259151.083, 139
Trd, 259151.117, 139
Trd, 259151.183, 130
Trd, 259151.267, 123
Trd, 259151.733, 140
Trd, 259152.150, 119
Trd, 259152.600, 118
Trd, 259153.133, 137
Trd, 259153.183, 136
Trd, 259153.367, 125
Trd, 259153.817, 133
Trd, 259154.433, 132
Trd, 259154.467, 127
Trd, 259154.517, 124
Trd, 259154.617, 120
Trd, 259154.683, 115
Trd, 259154.950, 107
Trd, 259155.033, 120
Trd, 259155.550, 140
Trd, 259155.567, 128
Trd, 259155.617, 119
Trd, 259155.750, 109
Trd, 259156.017, 139
Trd, 259156.083, 122
Trd, 259156.117, 100
Trd, 259156.417, 139
Trd, 259156.667, 102
Trd, 259156.933, 83
Trd, 259157.767, 101
Trd, 259157.800, 97
Trd, 259158.200, 96
Trd, 259158.283, 128
Trd, 259159.333, 126
Trd, 259159.467, 115
Trd, 259159.583, 138
Trd, 259159.717, 109
Trd, 259160.333, 102
Trd, 259160.583, 139
Trd, 259160.967, 128
Trd, 259161.167, 107
Trd, 259161.183, 102
Trd, 259161.233, 101
Trd, 259161.783, 114
Trd, 259161.800, 114
Trd, 259161.933, 119
Trd, 259162.083, 110
Trd, 259162.200, 119
Trd, 259163.117, 113
Trd, 259163.233, 94
Trd, 259163.500, 140
Trd, 259163.600, 138
Trd, 259163.633, 120
Trd, 259163.667, 135
Trd, 259163.933, 114
Trd, 259164.000, 138
Trd, 259164.417, 122
Trd, 259164.483, 111
Trd, 259164.517, 110
Trd, 259164.600, 110
Trd, 259164.617, 114
Trd, 259164.717, 108
Trd, 259165.200, 103
Trd, 259165.233, 103
Trd, 259165.333, 97
Trd, 259165.433, 92
Trd, 259165.767, 90
Trd, 259166.267, 80
Trd, 259166.283, 109
Trd, 259166.733, 78
Trd, 259166.917, 105
Trd, 259166.950, 121
Trd, 259167.450, 75
Trd, 259167.683, 92
Trd, 259168.150, 96
Trd, 259168.450, 125
Trd, 259168.600, 89
Trd, 259168.683, 92
Trd, 259168.717, 86
Trd, 259168.783, 96
Trd, 259168.883, 106
Trd, 259169.600, 107
Trd, 259170.150, 101
Trd, 259170.517, 119
Trd, 259170.617, 107
Trd, 259170.750, 130
Trd, 259170.867, 120
Trd, 259170.883, 117
Trd, 259171.050, 114
Trd, 259171.283, 118
Trd, 259171.400, 125
Trd, 259171.750, 109
Trd, 259172.183, 103
Trd, 259172.467, 108
Trd, 259172.633, 140
Trd, 259172.817, 140
Trd, 259173.000, 140
Trd, 259173.433, 139
Trd, 259173.667, 123
Trd, 259173.900, 118
Trd, 259174.383, 114
Trd, 259174.867, 115
Trd, 259175.033, 111
Trd, 259175.383, 111
Trd, 259175.433, 109
Trd, 259175.667, 103
Trd, 259175.750, 99
Trd, 259175.817, 98
Trd, 259175.867, 92
Trd, 259176.217, 97
Trd, 259176.283, 89
Trd, 259176.433, 138
Trd, 259176.500, 120
Trd, 259176.850, 140
Trd, 259176.917, 115
Trd, 259177.467, 86
Trd, 259177.700, 130
Trd, 259177.900, 120
Trd, 259178.133, 98
Trd, 259178.650, 138
Trd, 259178.950, 127
Trd, 259178.983, 114
Trd, 259179.017, 107
Trd, 259179.300, 128
Trd, 259179.417, 120
Trd, 259180.050, 133
Trd, 259180.250, 132
Trd, 259180.817, 121
Trd, 259180.850, 120
Trd, 259180.900, 116
Trd, 259181.017, 115
Trd, 259181.050, 115
Trd, 259181.967, 137
Trd, 259182.000, 131
Trd, 259182.550, 130
Trd, 259182.867, 122
Trd, 259182.933, 120
Trd, 259183.083, 117
Trd, 259183.100, 106
Trd, 259183.333, 105
Trd, 259183.800, 135
Trd, 259183.867, 132
Trd, 259183.950, 118
Trd, 259184.033, 98
Trd, 259184.067, 97
Trd, 259184.250, 95
Trd, 259184.667, 114
Trd, 259184.983, 102
Trd, 259185.150, 94
Trd, 259185.683, 121
Trd, 259185.950, 122
Trd, 259186.050, 120
Trd, 259186.083, 139
Trd, 259186.200, 119
Trd, 259186.333, 118
Trd, 259186.350, 112
Trd, 259186.383, 108
Trd, 259186.517, 107
Trd, 259186.900, 125
Trd, 259187.483, 116
Trd, 259187.950, 106
Trd, 259188.117, 101
Trd, 259188.800, 96
Trd, 259189.083, 91
Trd, 259189.133, 94
Trd, 259189.183, 86
Trd, 259189.333, 83
Trd, 259189.467, 106
Trd, 259189.833, 79
Trd, 259189.933, 77
Trd, 259190.083, 108
Trd, 259190.517, 109
Trd, 259190.967, 89
Trd, 259191.067, 88
Trd, 259191.117, 114
Trd, 259191.250, 137
Trd, 259191.400, 130
Trd, 259191.567, 140
Trd, 259192.067, 139
Trd, 259192.317, 117
Trd, 259192.600, 103
Trd, 259192.733, 103
Trd, 259192.867, 101
Trd, 259192.967, 99
Trd, 259193.133, 118
Trd, 259193.150, 98
Trd, 259193.417, 97
Trd, 259193.933, 123
Trd, 259194.033, 138
Trd, 259194.083, 115
Trd, 259194.133, 108
Trd, 259194.300, 102
Trd, 259195.050, 106
Trd, 259195.367, 113
Trd, 259195.383, 99
Trd, 259195.900, 140
Trd, 259196.517, 140
Trd, 259196.733, 138
Trd, 259196.767, 137
Trd, 259197.417, 139
Trd, 259197.667, 138
Trd, 259198.250, 128
Trd, 259198.367, 135
Trd, 259199.067, 140
Trd, 259199.183, 124
Trd, 259199.250, 123
Trd, 259199.617, 138
