Trd, 258583.350, 108
Trd, 258583.817, 129
Trd, 258584.233, 130
Trd, 258584.250, 126
Trd, 258584.683, 134
Trd, 258584.817, 133
Trd, 258585.133, 102
Trd, 258585.150, 102
Trd, 258585.683, 98
Trd, 258585.717, 95
Trd, 258585.850, 112
Trd, 258586.200, 131
Trd, 258586.250, 86
Trd, 258586.450, 81
Trd, 258586.467, 80
Trd, 258586.500, 140
Trd, 258587.117, 127
Trd, 258587.533, 140
Trd, 258587.667, 140
Trd, 258587.817, 140
Trd, 258587.900, 139
Trd, 258587.933, 135
Trd, 258588.217, 133
Trd, 258588.317, 133
Trd, 258588.350, 132
Trd, 258588.917, 132
Trd, 258589.017, 131
Trd, 258589.450, 132
Trd, 258589.533, 101
Trd, 258589.567, 133
Trd, 258589.617, 134
Trd, 258590.133, 106
Trd, 258590.500, 105
Trd, 258591.233, 129
Trd, 258591.250, 122
Trd, 258591.433, 94
Trd, 258591.483, 113
Trd, 258591.500, 133
Trd, 258591.700, 132
Trd, 258591.833, 133
Trd, 258592.450, 134
Trd, 258592.633, 134
Trd, 258593.133, 139
Trd, 258593.250, 123
Trd, 258593.367, 123
Trd, 258593.450, 122
Trd, 258593.733, 119
Trd, 258594.150, 104
Trd, 258594.217, 103
Trd, 258594.567, 132
Trd, 258595.150, 131
Trd, 258595.417, 139
Trd, 258596.033, 138
Trd, 258596.050, 137
Trd, 258596.133, 133
Trd, 258596.183, 110
Trd, 258596.367, 114
Trd, 258596.717, 138
Trd, 258596.850, 121
Trd, 258597.000, 95
Trd, 258597.133, 129
Trd, 258597.300, 91
Trd, 258597.583, 97
Trd, 258597.800, 91
Trd, 258597.817, 90
Trd, 258597.833, 98
Trd, 258598.083, 124
Trd, 258598.583, 112
Trd, 258598.867, 103
Trd, 258599.683, 131
Trd, 258599.917, 130
Trd, 258600.233, 129
Trd, 258600.367, 133
Trd, 258600.400, 128
Trd, 258600.583, 125
Trd, 258600.683, 113
Trd, 258600.700, 93
Trd, 258600.733, 134
Trd, 258601.167, 137
Trd, 258601.533, 129
Trd, 258602.017, 138
Trd, 258602.133, 137
Trd, 258602.300, 138
Trd, 258602.350, 134
Trd, 258602.583, 140
Trd, 258602.667, 111
Trd, 258603.000, 97
Trd, 258603.083, 97
Trd, 258603.900, 140
Trd, 258604.017, 140
Trd, 258604.383, 135
Trd, 258604.500, 126
Trd, 258605.050, 125
Trd, 258605.267, 118
Trd, 258605.433, 114
Trd, 258605.750, 140
Trd, 258605.867, 139
Trd, 258605.883, 135
Trd, 258605.967, 119
Trd, 258606.383, 128
Trd, 258606.667, 106
Trd, 258606.767, 123
Trd, 258606.850, 123
Trd, 258607.017, 108
Trd, 258607.050, 105
Trd, 258607.483, 108
Trd, 258607.550, 114
Trd, 258608.000, 130
Trd, 258608.533, 140
Trd, 258608.817, 126
Trd, 258609.467, 139
Trd, 258609.700, 117
Trd, 258609.833, 125
Trd, 258609.850, 116
Trd, 258609.867, 104
Trd, 258610.033, 130
Trd, 258610.067, 101
Trd, 258610.167, 112
Trd, 258610.250, 102
Trd, 258610.333, 115
Trd, 258610.467, 96
Trd, 258610.567, 125
Trd, 258610.950, 139
Trd, 258611.083, 140
Trd, 258611.317, 131
Trd, 258611.850, 119
Trd, 258612.217, 127
Trd, 258612.367, 136
Trd, 258612.433, 98
Trd, 258612.633, 134
Trd, 258612.983, 124
Trd, 258613.500, 124
Trd, 258613.867, 138
Trd, 258614.183, 124
Trd, 258614.200, 123
Trd, 258614.983, 118
Trd, 258615.067, 118
Trd, 258615.367, 112
Trd, 258615.583, 109
Trd, 258616.017, 140
Trd, 258616.217, 140
Trd, 258616.367, 124
Trd, 258616.600, 127
Trd, 258616.733, 140
Trd, 258616.817, 112
Trd, 258616.850, 106
Trd, 258616.917, 98
Trd, 258617.150, 131
Trd, 258617.617, 138
Trd, 258617.633, 131
Trd, 258617.667, 108
Trd, 258617.683, 108
Trd, 258618.117, 102
Trd, 258618.200, 113
Trd, 258618.217, 101
Trd, 258618.567, 133
Trd, 258618.617, 132
Trd, 258618.900, 138
Trd, 258619.233, 118
Trd, 258619.533, 122
Trd, 258619.967, 140
Trd, 258620.233, 140
Trd, 258620.383, 132
Trd, 258620.517, 129
Trd, 258621.417, 140
Trd, 258621.483, 140
Trd, 258622.150, 137
Trd, 258622.283, 133
Trd, 258622.383, 124
Trd, 258622.450, 125
Trd, 258622.717, 128
Trd, 258623.250, 139
Trd, 258623.350, 140
Trd, 258623.733, 140
Trd, 258623.883, 122
Trd, 258623.917, 107
Trd, 258624.533, 112
Trd, 258624.650, 111
Trd, 258625.183, 128
Trd, 258625.683, 134
Trd, 258625.783, 140
Trd, 258625.817, 121
Trd, 258625.867, 111
Trd, 258626.100, 137
Trd, 258626.317, 139
Trd, 258626.367, 109
Trd, 258626.517, 128
Trd, 258626.633, 127
Trd, 258626.783, 99
Trd, 258627.267, 114
Trd, 258627.417, 99
Trd, 258627.433, 115
Trd, 258627.617, 98
Trd, 258627.733, 92
Trd, 258627.750, 87
Trd, 258627.933, 87
Trd, 258628.183, 85
Trd, 258628.383, 119
Trd, 258628.617, 120
Trd, 258628.733, 103
Trd, 258628.750, 102
Trd, 258629.067, 140
Trd, 258629.400, 140
Trd, 258629.550, 123
Trd, 258630.217, 126
Trd, 258630.550, 126
Trd, 258630.700, 132
Trd, 258630.933, 122
Trd, 258631.750, 121
Trd, 258631.950, 108
Trd, 258632.117, 135
Trd, 258632.200, 111
Trd, 258632.250, 136
Trd, 258632.983, 138
Trd, 258633.233, 127
Trd, 258633.250, 126
Trd, 258633.983, 140
Trd, 258634.000, 134
Trd, 258634.167, 127
Trd, 258634.717, 135
Trd, 258634.833, 134
Trd, 258634.917, 129
Trd, 258635.067, 117
Trd, 258635.083, 110
Trd, 258635.200, 92
Trd, 258635.617, 119
Trd, 258636.067, 120
Trd, 258636.167, 117
Trd, 258636.300, 124
Trd, 258636.500, 136
Trd, 258636.533, 137
Trd, 258636.567, 109
Trd, 258637.250, 99
Trd, 258637.500, 132
Trd, 258637.583, 99
Trd, 258637.650, 102
Trd, 258637.667, 97
Trd, 258637.983, 86
Trd, 258638.033, 106
Trd, 258638.100, 107
Trd, 258638.217, 70
Trd, 258638.450, 90
Trd, 258638.933, 108
Trd, 258640.000, 108
Trd, 258640.067, 109
Trd, 258640.100, 85
Trd, 258640.167, 110
Trd, 258640.417, 94
Trd, 258641.067, 122
Trd, 258641.433, 134
Trd, 258641.450, 133
Trd, 258641.467, 118
Trd, 258641.533, 110
Trd, 258641.717, 81
Trd, 258641.967, 140
Trd, 258642.067, 133
Trd, 258642.367, 111
Trd, 258642.383, 85
Trd, 258643.067, 140
Trd, 258643.183, 140
Trd, 258643.500, 140
Trd, 258643.567, 138
Trd, 258643.633, 139
Trd, 258644.400, 138
Trd, 258644.517, 137
Trd, 258644.833, 131
Trd, 258645.050, 127
Trd, 258645.367, 119
Trd, 258645.533, 118
Trd, 258645.867, 132
Trd, 258646.217, 124
Trd, 258646.617, 139
Trd, 258647.183, 139
Trd, 258647.450, 129
Trd, 258648.017, 140
Trd, 258648.517, 135
Trd, 258648.650, 136
Trd, 258648.783, 134
Trd, 258648.817, 127
Trd, 258648.950, 126
Trd, 258649.150, 138
Trd, 258649.583, 128
Trd, 258649.650, 130
Trd, 258649.850, 125
Trd, 258650.050, 124
Trd, 258650.083, 131
Trd, 258650.117, 117
Trd, 258650.133, 115
Trd, 258650.317, 103
Trd, 258650.450, 86
Trd, 258650.483, 114
Trd, 258651.150, 140
Trd, 258651.533, 139
Trd, 258651.567, 126
Trd, 258652.100, 140
Trd, 258652.117, 94
Trd, 258652.433, 140
Trd, 258652.900, 140
Trd, 258652.983, 140
Trd, 258653.000, 133
Trd, 258653.067, 132
Trd, 258653.450, 140
Trd, 258653.567, 140
Trd, 258653.833, 135
Trd, 258654.100, 130
Trd, 258654.233, 138
Trd, 258654.267, 128
Trd, 258654.500, 125
Trd, 258655.367, 135
Trd, 258656.133, 140
Trd, 258656.383, 140
Trd, 258656.400, 129
Trd, 258656.650, 129
Trd, 258656.800, 130
Trd, 258656.967, 125
Trd, 258657.083, 124
Trd, 258657.233, 121
Trd, 258657.517, 115
Trd, 258657.533, 109
Trd, 258657.550, 129
Trd, 258657.950, 130
Trd, 258658.000, 131
Trd, 258658.233, 122
Trd, 258658.583, 124
Trd, 258658.633, 97
Trd, 258658.750, 87
Trd, 258658.767, 86
Trd, 258659.183, 120
Trd, 258659.500, 140
Trd, 258659.617, 139
Trd, 258659.767, 121
Trd, 258659.900, 140
Trd, 258659.933, 113
Trd, 258660.083, 92
Trd, 258660.383, 140
Trd, 258660.500, 126
Trd, 258660.817, 124
Trd, 258661.017, 123
Trd, 258662.067, 112
Trd, 258662.400, 111
Trd, 258662.450, 108
Trd, 258662.467, 117
Trd, 258662.483, 104
Trd, 258663.517, 111
Trd, 258663.550, 114
Trd, 258663.567, 110
Trd, 258663.667, 106
Trd, 258664.167, 119
Trd, 258664.317, 118
Trd, 258664.367, 112
Trd, 258664.683, 140
Trd, 258664.783, 96
Trd, 258664.983, 91
Trd, 258665.367, 134
Trd, 258665.500, 123
Trd, 258666.117, 140
Trd, 258666.700, 139
Trd, 258666.767, 117
Trd, 258667.067, 121
Trd, 258667.250, 118
Trd, 258667.383, 135
Trd, 258667.633, 128
Trd, 258667.800, 131
Trd, 258667.850, 128
Trd, 258668.183, 127
Trd, 258668.533, 140
Trd, 258668.567, 139
Trd, 258668.583, 135
Trd, 258669.050, 140
Trd, 258669.133, 111
Trd, 258669.150, 104
Trd, 258669.467, 101
Trd, 258669.633, 78
Trd, 258669.800, 69
Trd, 258669.850, 109
Trd, 258670.283, 112
Trd, 258670.383, 78
Trd, 258671.200, 65
Trd, 258671.533, 64
Trd, 258671.633, 108
Trd, 258671.817, 91
Trd, 258671.833, 92
Trd, 258671.850, 93
Trd, 258672.033, 71
Trd, 258672.117, 78
Trd, 258672.617, 140
Trd, 258673.100, 111
Trd, 258673.317, 110
Trd, 258673.400, 127
Trd, 258673.633, 105
Trd, 258673.683, 103
Trd, 258673.750, 89
Trd, 258673.900, 106
Trd, 258674.100, 106
Trd, 258674.233, 131
Trd, 258675.433, 103
Trd, 258675.483, 77
Trd, 258675.650, 96
Trd, 258675.833, 126
Trd, 258676.033, 124
Trd, 258676.333, 140
Trd, 258676.367, 132
Trd, 258676.567, 137
Trd, 258676.867, 140
Trd, 258677.283, 138
Trd, 258677.383, 123
Trd, 258677.583, 122
Trd, 258677.750, 127
Trd, 258678.050, 94
Trd, 258678.133, 127
Trd, 258678.333, 137
Trd, 258678.350, 130
Trd, 258678.967, 140
Trd, 258679.167, 137
Trd, 258679.183, 136
Trd, 258679.517, 139
Trd, 258679.833, 139
Trd, 258680.117, 138
Trd, 258680.250, 137
Trd, 258680.567, 133
Trd, 258680.700, 140
Trd, 258680.867, 132
Trd, 258681.150, 124
Trd, 258681.300, 99
Trd, 258681.583, 97
Trd, 258681.617, 93
Trd, 258681.733, 98
Trd, 258682.000, 137
Trd, 258682.633, 132
Trd, 258682.900, 112
Trd, 258683.133, 110
Trd, 258683.517, 116
Trd, 258683.533, 105
Trd, 258683.683, 118
Trd, 258684.117, 103
Trd, 258685.400, 134
Trd, 258685.583, 136
Trd, 258685.800, 110
Trd, 258686.150, 128
Trd, 258686.350, 110
Trd, 258686.483, 139
Trd, 258686.650, 107
Trd, 258686.717, 96
Trd, 258687.350, 140
Trd, 258687.417, 140
Trd, 258687.617, 86
Trd, 258687.717, 68
Trd, 258687.900, 118
Trd, 258687.950, 139
Trd, 258688.300, 134
Trd, 258688.750, 134
Trd, 258688.850, 133
Trd, 258688.917, 129
Trd, 258689.017, 125
Trd, 258689.200, 122
Trd, 258689.683, 109
Trd, 258689.867, 127
Trd, 258689.950, 137
Trd, 258690.017, 138
Trd, 258690.283, 133
Trd, 258690.400, 132
Trd, 258690.750, 132
Trd, 258690.817, 131
Trd, 258690.850, 128
Trd, 258691.117, 80
Trd, 258691.150, 76
Trd, 258691.383, 66
Trd, 258691.600, 61
Trd, 258691.700, 63
Trd, 258691.783, 89
Trd, 258692.217, 118
Trd, 258692.533, 136
Trd, 258692.633, 126
Trd, 258693.167, 98
Trd, 258693.333, 102
Trd, 258693.517, 124
Trd, 258693.550, 77
Trd, 258693.800, 68
Trd, 258693.933, 63
Trd, 258693.983, 61
Trd, 258694.050, 83
Trd, 258694.483, 62
Trd, 258694.950, 60
Trd, 258695.367, 60
Trd, 258695.483, 60
Trd, 258695.533, 61
Trd, 258695.567, 64
Trd, 258696.017, 106
Trd, 258696.133, 104
Trd, 258696.783, 119
Trd, 258696.800, 121
Trd, 258696.883, 127
Trd, 258697.317, 107
Trd, 258698.100, 140
Trd, 258698.267, 139
Trd, 258698.400, 138
Trd, 258698.583, 104
Trd, 258699.117, 138
Trd, 258699.800, 134
Trd, 258699.850, 133
Trd, 258700.000, 138
Trd, 258700.167, 130
Trd, 258700.650, 124
Trd, 258700.917, 123
Trd, 258701.217, 139
Trd, 258701.417, 133
Trd, 258701.667, 133
Trd, 258702.100, 138
Trd, 258702.283, 123
Trd, 258702.450, 136
Trd, 258702.517, 119
Trd, 258703.017, 113
Trd, 258703.267, 126
Trd, 258703.883, 140
Trd, 258704.000, 139
Trd, 258704.133, 139
Trd, 258704.767, 138
Trd, 258705.033, 130
Trd, 258705.067, 123
Trd, 258705.083, 120
Trd, 258705.200, 138
Trd, 258705.317, 138
Trd, 258705.383, 139
Trd, 258705.400, 129
Trd, 258705.533, 135
Trd, 258705.717, 125
Trd, 258705.917, 138
Trd, 258706.000, 128
Trd, 258706.017, 118
Trd, 258706.567, 139
Trd, 258706.600, 125
Trd, 258707.033, 124
Trd, 258707.083, 121
Trd, 258707.433, 101
Trd, 258707.467, 69
Trd, 258707.733, 121
Trd, 258707.750, 63
Trd, 258708.150, 123
Trd, 258708.200, 112
Trd, 258708.900, 100
Trd, 258708.983, 112
Trd, 258709.400, 93
Trd, 258709.417, 92
Trd, 258709.617, 130
Trd, 258709.817, 128
Trd, 258710.050, 140
Trd, 258710.283, 90
Trd, 258710.683, 140
Trd, 258710.750, 140
Trd, 258711.700, 139
Trd, 258712.267, 140
Trd, 258712.367, 140
Trd, 258712.533, 132
Trd, 258712.967, 139
Trd, 258712.983, 132
Trd, 258713.100, 118
Trd, 258713.467, 127
Trd, 258713.533, 136
Trd, 258713.617, 117
Trd, 258713.933, 126
Trd, 258714.033, 108
Trd, 258714.683, 105
Trd, 258714.750, 104
Trd, 258714.800, 120
Trd, 258715.317, 132
Trd, 258715.367, 131
Trd, 258716.167, 128
Trd, 258716.200, 122
Trd, 258716.300, 121
Trd, 258716.533, 132
Trd, 258716.633, 134
Trd, 258716.683, 135
Trd, 258716.917, 139
Trd, 258717.200, 122
Trd, 258717.383, 140
Trd, 258717.617, 120
Trd, 258717.750, 104
Trd, 258717.883, 107
Trd, 258718.700, 116
Trd, 258718.767, 115
Trd, 258719.067, 139
Trd, 258719.200, 127
Trd, 258719.400, 126
Trd, 258719.617, 123
Trd, 258720.217, 132
Trd, 258720.267, 132
Trd, 258720.367, 133
Trd, 258720.700, 140
Trd, 258720.933, 139
Trd, 258721.200, 140
Trd, 258721.683, 133
Trd, 258721.867, 120
Trd, 258721.933, 118
Trd, 258722.017, 139
Trd, 258722.333, 138
Trd, 258722.933, 139
Trd, 258723.200, 131
Trd, 258723.317, 128
Trd, 258723.417, 134
Trd, 258723.750, 129
Trd, 258723.817, 131
Trd, 258724.017, 131
Trd, 258724.483, 128
Trd, 258724.583, 126
Trd, 258724.650, 131
Trd, 258724.700, 125
Trd, 258724.767, 120
Trd, 258724.817, 106
Trd, 258725.450, 140
Trd, 258726.050, 133
Trd, 258726.067, 132
Trd, 258726.083, 107
Trd, 258726.367, 129
Trd, 258726.700, 111
Trd, 258726.983, 110
Trd, 258727.017, 107
Trd, 258727.200, 82
Trd, 258727.300, 92
Trd, 258727.517, 140
Trd, 258727.967, 130
Trd, 258728.100, 125
Trd, 258728.250, 114
Trd, 258728.383, 112
Trd, 258728.567, 112
Trd, 258728.983, 113
Trd, 258729.300, 107
Trd, 258729.500, 102
Trd, 258729.600, 120
Trd, 258729.650, 100
Trd, 258729.850, 123
Trd, 258729.983, 94
Trd, 258730.017, 79
Trd, 258730.483, 89
Trd, 258730.517, 114
Trd, 258730.700, 124
Trd, 258730.783, 125
Trd, 258731.083, 113
Trd, 258731.517, 140
Trd, 258731.950, 140
Trd, 258732.217, 136
Trd, 258732.333, 138
Trd, 258732.850, 133
Trd, 258732.933, 131
Trd, 258733.000, 131
Trd, 258733.200, 123
Trd, 258733.533, 113
Trd, 258733.583, 115
Trd, 258733.650, 107
Trd, 258733.750, 139
Trd, 258734.167, 140
Trd, 258734.183, 140
Trd, 258734.750, 140
Trd, 258735.317, 139
Trd, 258735.717, 134
Trd, 258736.283, 138
Trd, 258736.733, 129
Trd, 258736.850, 128
Trd, 258736.917, 126
Trd, 258737.217, 131
Trd, 258737.250, 130
Trd, 258737.267, 117
Trd, 258737.433, 116
Trd, 258737.483, 115
Trd, 258737.650, 113
Trd, 258738.050, 112
Trd, 258738.833, 107
Trd, 258738.917, 109
Trd, 258739.000, 110
Trd, 258739.083, 113
Trd, 258739.100, 102
Trd, 258739.250, 130
Trd, 258739.400, 135
Trd, 258739.467, 115
Trd, 258739.533, 110
Trd, 258739.767, 83
Trd, 258740.200, 140
Trd, 258740.233, 82
Trd, 258740.333, 82
Trd, 258740.717, 81
Trd, 258741.350, 114
Trd, 258741.400, 101
Trd, 258741.633, 112
Trd, 258741.900, 96
Trd, 258742.400, 140
Trd, 258742.450, 137
Trd, 258742.950, 140
Trd, 258743.117, 131
Trd, 258743.500, 130
Trd, 258743.783, 129
Trd, 258743.850, 124
Trd, 258743.983, 126
Trd, 258744.150, 122
Trd, 258744.217, 126
Trd, 258744.417, 93
Trd, 258744.783, 137
Trd, 258744.933, 138
Trd, 258745.133, 136
Trd, 258745.167, 133
Trd, 258745.917, 130
Trd, 258745.950, 129
Trd, 258746.000, 124
Trd, 258746.700, 134
Trd, 258746.783, 128
Trd, 258747.167, 124
Trd, 258747.517, 139
Trd, 258747.550, 118
Trd, 258747.600, 116
Trd, 258747.883, 130
Trd, 258748.167, 140
Trd, 258748.783, 140
Trd, 258749.250, 134
Trd, 258749.367, 118
Trd, 258749.917, 134
Trd, 258750.350, 118
Trd, 258750.367, 118
Trd, 258750.517, 115
Trd, 258750.633, 110
Trd, 258750.683, 106
Trd, 258750.867, 127
Trd, 258751.067, 103
Trd, 258751.150, 93
Trd, 258751.350, 96
Trd, 258751.367, 129
Trd, 258751.433, 91
Trd, 258751.483, 80
Trd, 258751.567, 65
Trd, 258751.683, 94
Trd, 258751.983, 130
Trd, 258752.250, 131
Trd, 258752.433, 128
Trd, 258752.700, 127
Trd, 258752.867, 135
Trd, 258752.917, 120
Trd, 258753.233, 118
Trd, 258753.500, 117
Trd, 258753.617, 139
Trd, 258753.817, 117
Trd, 258753.867, 100
Trd, 258754.083, 88
Trd, 258755.283, 140
Trd, 258755.383, 136
Trd, 258755.600, 108
Trd, 258755.850, 89
Trd, 258756.700, 140
Trd, 258757.117, 140
Trd, 258757.433, 140
Trd, 258757.633, 140
Trd, 258757.833, 140
Trd, 258758.067, 139
Trd, 258758.233, 132
Trd, 258758.267, 131
Trd, 258758.333, 137
Trd, 258758.533, 130
Trd, 258759.000, 134
Trd, 258759.167, 136
Trd, 258759.433, 130
Trd, 258759.633, 129
Trd, 258759.667, 128
Trd, 258759.867, 133
Trd, 258759.967, 119
Trd, 258760.550, 137
Trd, 258761.150, 137
Trd, 258761.267, 138
Trd, 258761.517, 136
Trd, 258761.550, 133
Trd, 258761.567, 114
Trd, 258761.733, 113
Trd, 258761.833, 108
Trd, 258762.367, 136
Trd, 258762.450, 129
Trd, 258762.467, 116
Trd, 258762.567, 106
Trd, 258763.067, 120
Trd, 258764.067, 140
Trd, 258764.167, 139
Trd, 258764.217, 139
Trd, 258764.233, 138
Trd, 258765.117, 140
Trd, 258765.167, 140
Trd, 258765.950, 137
Trd, 258766.067, 137
Trd, 258766.100, 136
Trd, 258766.300, 120
Trd, 258766.683, 118
Trd, 258766.767, 111
Trd, 258766.983, 109
Trd, 258767.267, 140
Trd, 258767.617, 138
Trd, 258768.300, 134
Trd, 258768.583, 132
Trd, 258768.600, 131
Trd, 258768.767, 130
Trd, 258768.950, 130
Trd, 258769.067, 129
Trd, 258769.167, 122
Trd, 258769.383, 135
Trd, 258769.433, 113
Trd, 258769.567, 116
Trd, 258769.617, 135
Trd, 258769.867, 117
Trd, 258769.983, 132
Trd, 258770.117, 116
Trd, 258770.533, 132
Trd, 258770.650, 117
Trd, 258770.967, 118
Trd, 258771.100, 116
Trd, 258771.167, 114
Trd, 258771.183, 109
Trd, 258771.300, 108
Trd, 258771.467, 91
Trd, 258771.783, 128
Trd, 258772.100, 133
Trd, 258772.417, 140
Trd, 258772.717, 140
Trd, 258773.017, 140
Trd, 258773.033, 133
Trd, 258773.150, 140
Trd, 258773.233, 127
Trd, 258773.500, 119
Trd, 258773.533, 110
Trd, 258773.767, 110
Trd, 258774.017, 124
Trd, 258774.400, 108
Trd, 258774.700, 111
Trd, 258775.183, 138
Trd, 258775.233, 134
Trd, 258775.717, 140
Trd, 258775.750, 139
Trd, 258775.950, 138
Trd, 258776.133, 132
Trd, 258776.433, 129
Trd, 258777.000, 124
Trd, 258777.017, 106
Trd, 258777.150, 139
Trd, 258777.450, 94
Trd, 258777.833, 124
Trd, 258777.850, 128
Trd, 258778.133, 127
Trd, 258778.383, 128
Trd, 258778.433, 106
Trd, 258778.650, 133
Trd, 258778.717, 132
Trd, 258779.133, 131
Trd, 258779.183, 114
Trd, 258779.883, 140
Trd, 258779.950, 135
Trd, 258780.017, 136
Trd, 258780.067, 135
Trd, 258780.533, 139
Trd, 258780.700, 112
Trd, 258781.083, 106
Trd, 258781.267, 82
Trd, 258781.400, 121
Trd, 258781.600, 107
Trd, 258781.650, 106
Trd, 258781.733, 82
Trd, 258781.917, 88
Trd, 258781.950, 86
Trd, 258782.833, 112
Trd, 258783.017, 139
Trd, 258784.650, 138
Trd, 258785.067, 138
Trd, 258785.367, 136
Trd, 258785.600, 128
Trd, 258785.617, 129
Trd, 258785.683, 121
Trd, 258785.767, 98
Trd, 258785.867, 111
Trd, 258786.017, 112
Trd, 258786.033, 113
Trd, 258786.083, 116
Trd, 258786.333, 130
Trd, 258786.600, 99
Trd, 258786.867, 124
Trd, 258787.050, 123
Trd, 258787.333, 119
Trd, 258787.517, 119
Trd, 258787.767, 117
Trd, 258788.017, 131
Trd, 258788.550, 139
Trd, 258788.667, 138
Trd, 258788.817, 139
Trd, 258789.167, 140
Trd, 258789.333, 135
Trd, 258789.417, 131
Trd, 258789.450, 129
Trd, 258789.717, 126
Trd, 258789.933, 132
Trd, 258790.283, 123
Trd, 258790.350, 122
Trd, 258790.417, 110
Trd, 258790.833, 109
Trd, 258790.917, 111
Trd, 258791.000, 122
Trd, 258791.017, 123
Trd, 258791.100, 124
Trd, 258791.200, 128
Trd, 258791.867, 140
Trd, 258792.017, 140
Trd, 258792.683, 140
Trd, 258792.717, 132
Trd, 258792.767, 121
Trd, 258792.850, 105
Trd, 258792.867, 84
Trd, 258793.183, 96
Trd, 258793.300, 80
Trd, 258793.667, 93
Trd, 258793.783, 78
Trd, 258793.867, 133
Trd, 258794.350, 137
Trd, 258794.467, 139
Trd, 258794.483, 133
Trd, 258795.383, 136
Trd, 258795.400, 135
Trd, 258795.700, 137
Trd, 258795.850, 109
Trd, 258795.900, 105
Trd, 258796.900, 135
Trd, 258797.000, 136
Trd, 258797.083, 134
Trd, 258797.350, 140
Trd, 258797.483, 131
Trd, 258797.517, 130
Trd, 258797.883, 129
Trd, 258798.283, 126
Trd, 258798.533, 121
Trd, 258798.567, 112
Trd, 258798.883, 126
Trd, 258799.000, 111
Trd, 258799.133, 140
Trd, 258799.167, 130
Trd, 258799.483, 97
Trd, 258799.583, 89
Trd, 258799.617, 88
Trd, 258799.817, 132
Trd, 258799.833, 135
Trd, 258799.917, 79
Trd, 258800.000, 78
Trd, 258800.183, 88
Trd, 258800.317, 89
Trd, 258801.267, 131
Trd, 258801.350, 126
Trd, 258801.833, 126
Trd, 258802.483, 124
Trd, 258802.767, 119
Trd, 258803.333, 118
Trd, 258803.650, 116
Trd, 258803.667, 135
Trd, 258803.800, 128
Trd, 258803.983, 120
Trd, 258804.050, 136
Trd, 258804.083, 112
Trd, 258805.167, 137
Trd, 258805.317, 136
Trd, 258805.567, 135
Trd, 258805.833, 128
Trd, 258806.533, 139
Trd, 258806.750, 123
Trd, 258807.167, 125
Trd, 258807.533, 125
Trd, 258807.583, 123
Trd, 258807.850, 129
Trd, 258807.967, 117
Trd, 258808.233, 112
Trd, 258808.650, 107
Trd, 258808.700, 106
Trd, 258808.850, 105
Trd, 258809.033, 134
Trd, 258809.167, 135
Trd, 258809.217, 135
Trd, 258810.467, 122
Trd, 258810.817, 116
Trd, 258810.917, 140
Trd, 258811.550, 139
Trd, 258811.617, 138
Trd, 258811.867, 116
Trd, 258811.967, 115
Trd, 258812.000, 117
Trd, 258812.083, 130
Trd, 258812.267, 131
Trd, 258812.617, 139
Trd, 258813.100, 140
Trd, 258813.133, 140
Trd, 258813.200, 140
Trd, 258813.500, 124
Trd, 258813.617, 108
Trd, 258813.733, 120
Trd, 258813.817, 109
Trd, 258814.150, 135
Trd, 258814.500, 118
Trd, 258814.683, 133
Trd, 258814.767, 114
Trd, 258815.483, 129
Trd, 258815.800, 122
Trd, 258815.900, 128
Trd, 258816.033, 120
Trd, 258816.583, 129
Trd, 258817.017, 127
Trd, 258817.067, 119
Trd, 258817.167, 129
Trd, 258817.283, 119
Trd, 258817.500, 128
Trd, 258817.633, 134
Trd, 258817.917, 127
Trd, 258817.983, 96
Trd, 258818.050, 92
Trd, 258818.233, 139
Trd, 258818.300, 137
Trd, 258818.483, 133
Trd, 258818.500, 127
Trd, 258818.683, 122
Trd, 258818.833, 89
Trd, 258819.200, 64
Trd, 258819.250, 92
Trd, 258819.317, 128
Trd, 258819.700, 64
Trd, 258820.317, 98
Trd, 258820.467, 100
Trd, 258820.517, 98
Trd, 258820.550, 80
Trd, 258820.800, 122
Trd, 258820.933, 117
Trd, 258821.117, 140
Trd, 258821.883, 140
Trd, 258822.533, 140
Trd, 258822.583, 139
Trd, 258823.167, 127
Trd, 258823.550, 125
Trd, 258823.933, 124
Trd, 258823.967, 118
Trd, 258824.217, 116
Trd, 258824.433, 110
Trd, 258824.967, 124
Trd, 258825.000, 119
Trd, 258825.100, 121
Trd, 258825.250, 113
Trd, 258825.350, 113
Trd, 258825.367, 101
Trd, 258825.600, 135
Trd, 258825.650, 136
Trd, 258825.867, 124
Trd, 258826.283, 140
Trd, 258826.383, 139
Trd, 258826.500, 112
Trd, 258827.317, 114
Trd, 258827.483, 138
Trd, 258827.967, 114
Trd, 258828.100, 113
Trd, 258828.650, 125
Trd, 258828.783, 123
Trd, 258828.883, 121
Trd, 258829.183, 135
Trd, 258829.533, 117
Trd, 258829.683, 134
Trd, 258829.850, 135
Trd, 258830.267, 139
Trd, 258830.383, 129
Trd, 258830.483, 125
Trd, 258830.517, 104
Trd, 258830.550, 102
Trd, 258830.833, 139
Trd, 258831.433, 104
Trd, 258831.550, 111
Trd, 258831.783, 102
Trd, 258832.117, 100
Trd, 258832.700, 105
Trd, 258832.867, 117
Trd, 258833.267, 108
Trd, 258833.517, 118
Trd, 258833.650, 128
Trd, 258833.717, 106
Trd, 258833.733, 105
Trd, 258833.833, 101
Trd, 258833.950, 105
Trd, 258834.233, 114
Trd, 258834.483, 91
Trd, 258834.833, 140
Trd, 258835.217, 126
Trd, 258835.517, 139
Trd, 258835.650, 116
Trd, 258835.700, 123
Trd, 258836.100, 137
Trd, 258836.300, 107
Trd, 258836.750, 135
Trd, 258836.850, 137
Trd, 258837.267, 128
Trd, 258837.700, 126
Trd, 258837.783, 125
Trd, 258837.800, 123
Trd, 258837.817, 119
Trd, 258838.117, 90
Trd, 258838.383, 133
Trd, 258838.600, 133
Trd, 258838.800, 122
Trd, 258838.883, 137
Trd, 258839.050, 97
Trd, 258839.200, 124
Trd, 258839.317, 138
Trd, 258839.417, 87
Trd, 258839.483, 107
Trd, 258839.833, 129
Trd, 258840.083, 139
Trd, 258840.400, 117
Trd, 258841.067, 140
Trd, 258841.483, 128
Trd, 258841.517, 127
Trd, 258841.767, 121
Trd, 258841.800, 121
Trd, 258842.067, 114
Trd, 258842.083, 109
Trd, 258842.133, 98
Trd, 258842.300, 135
Trd, 258842.583, 137
Trd, 258842.900, 120
Trd, 258843.267, 119
Trd, 258844.017, 137
Trd, 258844.133, 133
Trd, 258844.283, 120
Trd, 258844.400, 114
Trd, 258844.483, 110
Trd, 258844.633, 93
Trd, 258844.783, 86
Trd, 258844.833, 93
Trd, 258844.967, 94
Trd, 258845.017, 85
Trd, 258845.133, 108
Trd, 258845.833, 139
Trd, 258846.167, 139
Trd, 258846.667, 140
Trd, 258846.800, 140
Trd, 258846.967, 139
Trd, 258847.033, 138
Trd, 258848.050, 139
Trd, 258848.183, 136
Trd, 258848.233, 136
Trd, 258848.350, 132
Trd, 258848.383, 132
Trd, 258848.500, 130
Trd, 258848.933, 139
Trd, 258849.017, 135
Trd, 258849.383, 140
Trd, 258849.400, 130
Trd, 258849.783, 129
Trd, 258849.950, 122
Trd, 258850.117, 140
Trd, 258850.317, 132
Trd, 258850.567, 114
Trd, 258851.067, 135
Trd, 258851.100, 126
Trd, 258851.317, 117
Trd, 258851.583, 103
Trd, 258851.667, 91
Trd, 258851.850, 133
Trd, 258851.867, 136
Trd, 258852.400, 108
Trd, 258852.500, 101
Trd, 258852.683, 140
Trd, 258852.767, 99
Trd, 258853.217, 136
Trd, 258853.283, 129
Trd, 258853.767, 113
Trd, 258854.400, 139
Trd, 258855.100, 140
Trd, 258855.233, 140
Trd, 258855.317, 139
Trd, 258855.783, 140
Trd, 258855.883, 136
Trd, 258856.167, 136
Trd, 258856.333, 135
Trd, 258857.217, 136
Trd, 258857.483, 134
Trd, 258857.583, 125
Trd, 258857.617, 119
Trd, 258857.800, 134
Trd, 258858.250, 138
Trd, 258858.383, 138
Trd, 258858.433, 140
Trd, 258858.467, 137
Trd, 258858.483, 133
Trd, 258858.550, 125
Trd, 258859.200, 139
Trd, 258859.717, 136
Trd, 258860.050, 138
Trd, 258860.067, 137
Trd, 258860.333, 138
Trd, 258860.400, 134
Trd, 258860.550, 138
Trd, 258860.617, 134
Trd, 258860.683, 128
Trd, 258860.733, 132
Trd, 258860.800, 121
Trd, 258862.150, 140
Trd, 258862.267, 140
Trd, 258862.750, 140
Trd, 258863.500, 140
Trd, 258863.533, 139
Trd, 258863.550, 137
Trd, 258863.700, 135
Trd, 258863.750, 134
Trd, 258863.900, 132
Trd, 258864.133, 125
Trd, 258864.317, 118
Trd, 258864.650, 124
Trd, 258865.000, 120
Trd, 258865.017, 108
Trd, 258865.483, 129
Trd, 258865.683, 121
Trd, 258865.733, 120
Trd, 258865.867, 128
Trd, 258866.100, 95
Trd, 258866.167, 92
Trd, 258866.233, 77
Trd, 258866.333, 75
Trd, 258866.850, 65
Trd, 258866.983, 65
Trd, 258867.233, 131
Trd, 258867.600, 100
Trd, 258867.767, 99
Trd, 258867.850, 90
Trd, 258868.117, 88
Trd, 258868.650, 140
Trd, 258868.767, 83
Trd, 258869.083, 119
Trd, 258869.283, 131
Trd, 258869.933, 117
Trd, 258870.267, 100
Trd, 258870.317, 99
Trd, 258870.367, 129
Trd, 258871.217, 119
Trd, 258871.400, 138
Trd, 258871.467, 139
Trd, 258871.667, 131
Trd, 258872.183, 140
Trd, 258872.317, 140
Trd, 258872.467, 140
Trd, 258872.617, 138
Trd, 258872.633, 134
Trd, 258872.750, 131
Trd, 258873.067, 135
Trd, 258873.267, 128
Trd, 258873.350, 136
Trd, 258873.717, 128
Trd, 258873.850, 125
Trd, 258874.033, 130
Trd, 258874.750, 106
Trd, 258874.867, 136
Trd, 258875.283, 105
Trd, 258875.783, 105
Trd, 258875.950, 127
Trd, 258876.250, 140
Trd, 258876.467, 103
Trd, 258877.067, 115
Trd, 258877.150, 112
Trd, 258877.217, 100
Trd, 258877.933, 124
Trd, 258878.050, 109
Trd, 258878.083, 125
Trd, 258878.150, 92
Trd, 258878.167, 126
Trd, 258878.250, 93
Trd, 258878.300, 91
Trd, 258878.417, 84
Trd, 258878.450, 76
Trd, 258878.583, 69
Trd, 258878.833, 74
Trd, 258879.100, 132
Trd, 258879.583, 135
Trd, 258879.867, 131
Trd, 258880.433, 135
Trd, 258880.583, 123
Trd, 258880.717, 122
Trd, 258880.983, 108
Trd, 258881.150, 137
Trd, 258881.283, 105
Trd, 258881.333, 106
Trd, 258881.700, 131
Trd, 258881.833, 105
Trd, 258882.250, 139
Trd, 258882.800, 140
Trd, 258882.817, 135
Trd, 258883.117, 140
Trd, 258883.917, 135
Trd, 258884.267, 138
Trd, 258884.567, 136
Trd, 258884.683, 125
Trd, 258884.717, 123
Trd, 258884.783, 120
Trd, 258884.983, 137
Trd, 258885.183, 121
Trd, 258885.200, 120
Trd, 258885.367, 126
Trd, 258885.417, 140
Trd, 258885.967, 140
Trd, 258886.267, 137
Trd, 258886.500, 131
Trd, 258887.050, 138
Trd, 258887.367, 138
Trd, 258887.400, 128
Trd, 258887.467, 139
Trd, 258887.517, 122
Trd, 258887.567, 116
Trd, 258888.083, 130
Trd, 258888.183, 129
Trd, 258888.317, 128
Trd, 258888.350, 122
Trd, 258888.367, 117
Trd, 258888.583, 115
Trd, 258889.233, 129
Trd, 258889.650, 132
Trd, 258890.033, 120
Trd, 258890.233, 137
Trd, 258890.467, 140
Trd, 258890.717, 121
Trd, 258891.000, 120
Trd, 258891.117, 106
Trd, 258891.300, 130
Trd, 258891.483, 114
Trd, 258891.733, 125
Trd, 258892.783, 138
Trd, 258892.983, 136
Trd, 258893.017, 135
Trd, 258893.150, 138
Trd, 258893.300, 139
Trd, 258893.333, 138
Trd, 258893.600, 124
Trd, 258893.733, 124
Trd, 258894.283, 134
Trd, 258894.300, 121
Trd, 258894.400, 133
Trd, 258894.433, 119
Trd, 258895.283, 117
Trd, 258895.433, 106
Trd, 258895.583, 109
Trd, 258895.917, 128
Trd, 258895.967, 123
Trd, 258895.983, 129
Trd, 258896.250, 134
Trd, 258896.283, 101
Trd, 258896.683, 139
Trd, 258896.800, 135
Trd, 258897.217, 131
Trd, 258897.233, 122
Trd, 258897.517, 99
Trd, 258897.683, 101
Trd, 258897.767, 118
Trd, 258897.850, 91
Trd, 258898.050, 140
Trd, 258898.583, 139
Trd, 258898.600, 137
Trd, 258898.650, 122
Trd, 258898.900, 94
Trd, 258898.983, 131
Trd, 258899.100, 130
Trd, 258899.267, 125
Trd, 258899.450, 81
Trd, 258899.617, 129
Trd, 258899.767, 128
Trd, 258900.167, 117
Trd, 258900.283, 114
Trd, 258900.300, 82
Trd, 258900.517, 108
Trd, 258900.967, 114
Trd, 258901.217, 128
Trd, 258901.483, 140
Trd, 258901.833, 139
Trd, 258901.900, 138
Trd, 258902.000, 108
Trd, 258902.750, 140
Trd, 258902.867, 140
Trd, 258903.400, 140
Trd, 258903.600, 138
Trd, 258903.750, 136
Trd, 258903.833, 135
Trd, 258903.917, 140
Trd, 258904.017, 120
Trd, 258904.433, 139
Trd, 258904.567, 128
Trd, 258904.650, 116
Trd, 258905.233, 135
Trd, 258905.533, 129
Trd, 258905.633, 115
Trd, 258905.783, 136
Trd, 258905.867, 111
Trd, 258906.317, 137
Trd, 258906.533, 120
Trd, 258906.633, 108
Trd, 258906.683, 105
Trd, 258906.700, 104
Trd, 258907.100, 139
Trd, 258907.333, 139
Trd, 258907.367, 135
Trd, 258907.483, 135
Trd, 258908.117, 139
Trd, 258908.217, 124
Trd, 258908.383, 118
Trd, 258908.483, 87
Trd, 258908.600, 79
Trd, 258908.750, 140
Trd, 258908.767, 76
Trd, 258908.800, 66
Trd, 258909.367, 140
Trd, 258909.400, 136
Trd, 258910.317, 140
Trd, 258910.483, 139
Trd, 258910.700, 137
Trd, 258910.767, 136
Trd, 258910.867, 133
Trd, 258911.083, 137
Trd, 258911.233, 135
Trd, 258911.483, 140
Trd, 258911.700, 130
Trd, 258911.900, 125
Trd, 258911.950, 121
Trd, 258912.000, 119
Trd, 258912.183, 114
Trd, 258912.233, 112
Trd, 258912.467, 126
Trd, 258912.500, 93
Trd, 258912.683, 127
Trd, 258912.933, 128
Trd, 258913.767, 130
Trd, 258913.833, 124
Trd, 258914.100, 140
Trd, 258914.550, 133
Trd, 258914.733, 140
Trd, 258915.517, 120
Trd, 258915.900, 132
Trd, 258916.000, 131
Trd, 258916.067, 128
Trd, 258916.200, 129
Trd, 258916.400, 139
Trd, 258916.700, 140
Trd, 258917.767, 140
Trd, 258918.117, 140
Trd, 258918.133, 139
Trd, 258918.150, 135
Trd, 258918.367, 133
Trd, 258918.417, 132
Trd, 258918.483, 121
Trd, 258919.367, 135
Trd, 258919.400, 135
Trd, 258919.633, 132
Trd, 258919.767, 131
Trd, 258919.833, 114
Trd, 258919.933, 108
Trd, 258920.250, 138
Trd, 258920.717, 115
Trd, 258920.733, 105
Trd, 258921.017, 133
Trd, 258921.033, 132
Trd, 258921.383, 137
Trd, 258921.567, 138
Trd, 258921.700, 138
Trd, 258921.783, 124
Trd, 258922.417, 111
Trd, 258922.533, 100
Trd, 258922.567, 99
Trd, 258923.083, 135
Trd, 258923.283, 117
Trd, 258923.383, 124
Trd, 258923.733, 120
Trd, 258924.117, 119
Trd, 258924.133, 131
Trd, 258924.150, 116
Trd, 258924.483, 131
Trd, 258924.667, 112
Trd, 258925.033, 125
Trd, 258925.183, 124
Trd, 258925.400, 123
Trd, 258925.567, 121
Trd, 258925.817, 114
Trd, 258925.850, 136
Trd, 258926.050, 135
Trd, 258926.083, 114
Trd, 258926.200, 113
Trd, 258926.583, 136
Trd, 258926.667, 137
Trd, 258926.817, 133
Trd, 258927.083, 105
Trd, 258927.217, 140
Trd, 258927.767, 140
Trd, 258927.817, 114
Trd, 258928.333, 120
Trd, 258928.600, 113
Trd, 258928.667, 137
Trd, 258928.983, 139
Trd, 258929.383, 133
Trd, 258929.750, 133
Trd, 258929.800, 132
Trd, 258929.900, 134
Trd, 258930.150, 133
Trd, 258930.467, 140
Trd, 258930.900, 133
Trd, 258930.933, 132
Trd, 258931.017, 136
Trd, 258931.067, 103
Trd, 258931.483, 140
Trd, 258931.833, 139
Trd, 258931.867, 116
Trd, 258932.300, 133
Trd, 258932.317, 103
Trd, 258932.533, 131
Trd, 258933.917, 140
Trd, 258934.050, 140
Trd, 258934.417, 139
Trd, 258934.617, 138
Trd, 258934.800, 137
Trd, 258935.083, 135
Trd, 258935.433, 124
Trd, 258935.850, 138
Trd, 258935.917, 129
Trd, 258936.650, 119
Trd, 258936.950, 126
Trd, 258936.983, 137
Trd, 258937.083, 125
Trd, 258937.167, 121
Trd, 258937.217, 138
Trd, 258937.333, 108
Trd, 258937.350, 87
Trd, 258937.400, 86
Trd, 258937.450, 82
Trd, 258937.500, 75
Trd, 258937.567, 128
Trd, 258938.317, 140
Trd, 258938.483, 140
Trd, 258938.850, 140
Trd, 258939.200, 140
Trd, 258939.483, 140
Trd, 258939.533, 137
Trd, 258939.600, 126
Trd, 258939.650, 110
Trd, 258940.050, 106
Trd, 258940.233, 106
Trd, 258940.883, 139
Trd, 258941.200, 138
Trd, 258941.533, 136
Trd, 258941.633, 136
Trd, 258942.200, 137
Trd, 258942.283, 136
Trd, 258942.617, 123
Trd, 258942.850, 117
Trd, 258942.983, 140
Trd, 258943.183, 140
Trd, 258943.217, 140
Trd, 258943.767, 140
Trd, 258943.867, 139
Trd, 258944.083, 137
Trd, 258944.867, 139
Trd, 258944.967, 134
Trd, 258945.250, 139
Trd, 258945.700, 130
Trd, 258946.517, 126
Trd, 258946.567, 132
Trd, 258946.783, 140
Trd, 258946.817, 139
Trd, 258946.883, 132
Trd, 258946.917, 131
Trd, 258947.033, 123
Trd, 258947.417, 125
Trd, 258947.500, 108
Trd, 258947.533, 107
Trd, 258947.733, 106
Trd, 258947.783, 96
Trd, 258947.950, 130
Trd, 258947.967, 96
Trd, 258948.400, 96
Trd, 258949.100, 92
Trd, 258949.133, 91
Trd, 258949.150, 131
Trd, 258949.233, 89
Trd, 258949.500, 89
Trd, 258949.533, 102
Trd, 258951.233, 140
Trd, 258951.317, 140
Trd, 258951.700, 140
Trd, 258951.967, 140
Trd, 258952.133, 140
Trd, 258952.233, 140
Trd, 258952.583, 140
Trd, 258952.617, 139
Trd, 258953.183, 140
Trd, 258953.233, 138
Trd, 258953.283, 135
Trd, 258953.517, 133
Trd, 258953.700, 133
Trd, 258953.800, 132
Trd, 258953.967, 116
Trd, 258953.983, 118
Trd, 258954.383, 134
Trd, 258954.600, 133
Trd, 258954.950, 134
Trd, 258955.283, 119
Trd, 258955.667, 112
Trd, 258955.733, 111
Trd, 258955.800, 102
Trd, 258956.250, 89
Trd, 258956.417, 103
Trd, 258956.450, 101
Trd, 258956.550, 88
Trd, 258957.083, 120
Trd, 258957.350, 89
Trd, 258957.517, 127
Trd, 258957.817, 113
Trd, 258958.050, 112
Trd, 258958.367, 95
Trd, 258958.633, 99
Trd, 258958.883, 118
Trd, 258958.933, 105
Trd, 258959.267, 119
Trd, 258959.283, 126
Trd, 258959.350, 97
Trd, 258959.550, 109
Trd, 258959.583, 93
Trd, 258959.800, 139
Trd, 258960.167, 96
Trd, 258960.317, 93
Trd, 258960.433, 114
Trd, 258960.767, 101
Trd, 258961.083, 97
Trd, 258961.183, 129
Trd, 258961.233, 109
Trd, 258961.283, 98
Trd, 258961.900, 128
Trd, 258962.033, 129
Trd, 258962.067, 128
Trd, 258962.200, 126
Trd, 258962.317, 122
Trd, 258962.350, 128
Trd, 258962.367, 80
Trd, 258962.700, 123
Trd, 258963.117, 132
Trd, 258963.150, 136
Trd, 258963.783, 127
Trd, 258963.850, 127
Trd, 258963.933, 125
Trd, 258963.983, 138
Trd, 258964.200, 140
Trd, 258964.383, 122
Trd, 258965.333, 139
Trd, 258965.450, 131
Trd, 258965.983, 128
Trd, 258966.067, 121
Trd, 258966.100, 140
Trd, 258966.767, 121
Trd, 258967.250, 135
Trd, 258967.267, 134
Trd, 258967.317, 136
Trd, 258967.633, 129
Trd, 258967.667, 126
Trd, 258967.867, 115
Trd, 258967.983, 101
Trd, 258968.250, 101
Trd, 258968.350, 99
Trd, 258968.483, 104
Trd, 258968.933, 139
Trd, 258969.167, 138
Trd, 258969.283, 137
Trd, 258969.900, 140
Trd, 258970.133, 140
Trd, 258970.183, 138
Trd, 258970.450, 138
Trd, 258970.583, 120
Trd, 258970.817, 140
Trd, 258971.533, 140
Trd, 258971.567, 126
Trd, 258971.867, 127
Trd, 258972.017, 126
Trd, 258972.383, 102
Trd, 258972.500, 138
Trd, 258972.850, 99
Trd, 258972.950, 138
Trd, 258973.183, 98
Trd, 258973.467, 121
Trd, 258973.567, 97
Trd, 258973.683, 99
Trd, 258973.700, 98
Trd, 258973.717, 91
Trd, 258973.917, 80
Trd, 258974.350, 63
Trd, 258974.550, 94
Trd, 258975.183, 111
Trd, 258975.300, 108
Trd, 258975.383, 115
Trd, 258975.800, 121
Trd, 258975.950, 103
Trd, 258976.117, 102
Trd, 258976.233, 91
Trd, 258976.583, 88
Trd, 258976.850, 84
Trd, 258977.200, 133
Trd, 258977.567, 122
Trd, 258977.733, 106
Trd, 258977.833, 96
Trd, 258977.900, 134
Trd, 258978.050, 95
Trd, 258978.433, 118
Trd, 258978.633, 91
Trd, 258978.900, 86
Trd, 258979.117, 72
Trd, 258979.183, 128
Trd, 258979.450, 76
Trd, 258979.483, 77
Trd, 258979.667, 130
Trd, 258979.700, 95
Trd, 258979.833, 94
Trd, 258979.933, 132
Trd, 258980.050, 134
Trd, 258980.083, 135
Trd, 258980.483, 125
Trd, 258980.833, 114
Trd, 258981.100, 127
Trd, 258981.250, 102
Trd, 258981.533, 101
Trd, 258981.567, 134
Trd, 258981.583, 99
Trd, 258982.033, 125
Trd, 258982.333, 139
Trd, 258982.950, 140
Trd, 258983.050, 139
Trd, 258983.100, 135
Trd, 258983.183, 108
Trd, 258983.300, 105
Trd, 258984.000, 123
Trd, 258984.017, 122
Trd, 258984.450, 140
Trd, 258984.633, 136
Trd, 258984.700, 135
Trd, 258984.900, 133
Trd, 258985.167, 115
Trd, 258985.767, 129
Trd, 258986.050, 137
Trd, 258986.200, 137
Trd, 258986.217, 127
Trd, 258986.233, 115
Trd, 258986.283, 138
Trd, 258986.517, 110
Trd, 258986.717, 138
Trd, 258986.950, 139
Trd, 258987.233, 129
Trd, 258988.233, 140
Trd, 258988.633, 140
Trd, 258988.667, 140
Trd, 258988.683, 140
Trd, 258988.733, 135
Trd, 258988.750, 109
Trd, 258988.833, 107
Trd, 258988.950, 136
Trd, 258989.050, 106
Trd, 258989.233, 114
Trd, 258989.450, 125
Trd, 258989.567, 120
Trd, 258989.683, 125
Trd, 258989.717, 109
Trd, 258990.083, 103
Trd, 258990.400, 140
Trd, 258990.700, 134
Trd, 258991.300, 114
Trd, 258991.467, 100
Trd, 258992.017, 126
Trd, 258992.217, 87
Trd, 258992.250, 126
Trd, 258992.283, 128
Trd, 258992.450, 86
Trd, 258992.600, 84
Trd, 258992.733, 129
Trd, 258992.933, 82
Trd, 258993.167, 117
Trd, 258993.283, 75
Trd, 258993.300, 129
Trd, 258993.800, 96
Trd, 258994.400, 140
Trd, 258994.683, 139
Trd, 258995.083, 131
Trd, 258995.300, 132
Trd, 258996.250, 139
Trd, 258996.367, 138
Trd, 258996.750, 134
Trd, 258996.817, 132
Trd, 258997.033, 121
Trd, 258997.233, 136
Trd, 258997.450, 131
Trd, 258997.567, 131
Trd, 258997.583, 130
Trd, 258997.600, 119
Trd, 258997.667, 113
Trd, 258998.017, 125
Trd, 258998.417, 126
Trd, 258998.483, 127
Trd, 258998.750, 128
Trd, 258998.950, 114
Trd, 258999.417, 102
Trd, 258999.667, 130
Trd, 259000.017, 101
Trd, 259000.067, 89
Trd, 259000.200, 136
Trd, 259000.300, 127
Trd, 259000.533, 120
Trd, 259000.917, 121
Trd, 259001.533, 139
Trd, 259001.750, 126
Trd, 259001.783, 119
Trd, 259001.867, 134
Trd, 259001.883, 106
Trd, 259002.100, 101
Trd, 259002.200, 81
Trd, 259002.333, 135
Trd, 259002.983, 140
Trd, 259003.233, 140
Trd, 259003.767, 138
Trd, 259003.983, 139
Trd, 259004.083, 138
Trd, 259004.117, 135
Trd, 259004.167, 134
Trd, 259004.217, 125
Trd, 259004.517, 137
Trd, 259004.833, 116
Trd, 259004.967, 107
Trd, 259005.050, 137
Trd, 259005.183, 123
Trd, 259005.550, 140
Trd, 259005.617, 115
Trd, 259006.283, 139
Trd, 259006.417, 132
Trd, 259006.467, 134
Trd, 259006.700, 125
Trd, 259007.167, 127
Trd, 259007.567, 140
Trd, 259007.700, 140
Trd, 259007.900, 136
Trd, 259008.100, 118
Trd, 259008.217, 117
Trd, 259008.367, 114
Trd, 259008.650, 112
Trd, 259008.733, 111
Trd, 259008.800, 107
Trd, 259008.983, 93
Trd, 259009.500, 93
Trd, 259010.500, 139
Trd, 259010.667, 138
Trd, 259010.717, 136
Trd, 259010.783, 133
Trd, 259010.900, 106
Trd, 259011.283, 137
Trd, 259011.433, 138
Trd, 259011.867, 94
Trd, 259012.383, 100
Trd, 259012.483, 101
Trd, 259012.517, 100
Trd, 259012.733, 99
Trd, 259012.800, 98
Trd, 259012.867, 115
Trd, 259013.183, 118
Trd, 259013.200, 115
Trd, 259013.433, 96
Trd, 259013.500, 99
Trd, 259013.933, 121
Trd, 259013.983, 122
Trd, 259014.000, 130
Trd, 259014.083, 132
Trd, 259014.333, 140
Trd, 259014.650, 98
Trd, 259014.733, 89
Trd, 259015.017, 131
Trd, 259015.333, 107
Trd, 259015.717, 118
Trd, 259016.800, 112
Trd, 259016.833, 111
Trd, 259016.950, 137
Trd, 259017.517, 136
Trd, 259017.767, 113
Trd, 259017.950, 136
Trd, 259018.200, 107
Trd, 259018.517, 108
Trd, 259018.717, 140
Trd, 259019.000, 136
Trd, 259019.283, 139
Trd, 259019.500, 138
Trd, 259019.617, 134
Trd, 259019.783, 139
Trd, 259019.867, 136
Trd, 259020.150, 137
Trd, 259020.167, 133
Trd, 259020.267, 132
Trd, 259020.500, 133
Trd, 259020.700, 133
Trd, 259020.717, 132
Trd, 259020.833, 139
Trd, 259020.850, 128
Trd, 259021.083, 120
Trd, 259021.450, 140
Trd, 259021.800, 132
Trd, 259021.867, 129
Trd, 259022.283, 134
Trd, 259022.333, 103
Trd, 259022.500, 136
Trd, 259022.600, 99
Trd, 259022.933, 95
Trd, 259023.317, 126
Trd, 259023.450, 132
Trd, 259023.733, 137
Trd, 259024.033, 131
Trd, 259024.283, 133
Trd, 259024.433, 108
Trd, 259024.583, 107
Trd, 259024.700, 113
Trd, 259024.717, 122
Trd, 259024.767, 95
Trd, 259025.317, 108
Trd, 259025.333, 102
Trd, 259025.933, 88
Trd, 259026.050, 85
Trd, 259026.083, 67
Trd, 259026.700, 72
Trd, 259027.033, 66
Trd, 259027.083, 110
Trd, 259027.100, 111
Trd, 259027.333, 112
Trd, 259027.367, 76
Trd, 259027.617, 87
Trd, 259027.950, 109
Trd, 259028.700, 109
Trd, 259029.033, 92
Trd, 259029.267, 112
Trd, 259029.283, 97
Trd, 259029.467, 136
Trd, 259029.483, 107
Trd, 259029.500, 80
Trd, 259029.633, 72
Trd, 259029.867, 118
Trd, 259029.883, 111
Trd, 259030.050, 94
Trd, 259030.450, 104
Trd, 259030.567, 124
Trd, 259030.700, 117
Trd, 259030.833, 102
Trd, 259031.267, 127
Trd, 259031.483, 131
Trd, 259031.617, 127
Trd, 259031.817, 132
Trd, 259032.100, 126
Trd, 259032.133, 121
Trd, 259032.983, 133
Trd, 259033.117, 116
Trd, 259033.417, 134
Trd, 259033.983, 140
Trd, 259034.067, 139
Trd, 259034.617, 140
Trd, 259034.750, 136
Trd, 259034.983, 133
Trd, 259035.350, 126
Trd, 259035.850, 139
Trd, 259036.150, 138
Trd, 259036.383, 139
Trd, 259036.567, 131
Trd, 259036.967, 133
Trd, 259037.017, 133
Trd, 259037.217, 132
Trd, 259038.533, 139
Trd, 259038.633, 139
Trd, 259038.750, 139
Trd, 259038.883, 138
Trd, 259039.000, 134
Trd, 259039.183, 133
Trd, 259039.267, 134
Trd, 259039.383, 120
Trd, 259039.417, 111
Trd, 259039.583, 103
Trd, 259039.650, 116
Trd, 259039.883, 102
Trd, 259040.150, 101
Trd, 259040.400, 131
Trd, 259040.650, 106
Trd, 259040.867, 139
Trd, 259041.350, 116
Trd, 259041.500, 109
Trd, 259041.550, 127
Trd, 259041.633, 108
Trd, 259041.900, 133
Trd, 259042.067, 105
Trd, 259042.133, 135
Trd, 259042.250, 120
Trd, 259042.683, 112
Trd, 259042.800, 107
Trd, 259042.917, 107
Trd, 259043.117, 132
Trd, 259043.567, 110
Trd, 259043.583, 109
Trd, 259043.633, 134
Trd, 259043.800, 97
Trd, 259043.867, 94
Trd, 259044.350, 127
Trd, 259044.433, 118
Trd, 259045.017, 114
Trd, 259045.167, 122
Trd, 259045.333, 98
Trd, 259045.367, 97
Trd, 259045.683, 122
Trd, 259045.983, 138
Trd, 259046.033, 131
Trd, 259046.583, 120
Trd, 259046.600, 112
Trd, 259046.983, 111
Trd, 259047.183, 107
Trd, 259047.233, 79
Trd, 259047.400, 135
Trd, 259047.750, 131
Trd, 259047.983, 131
Trd, 259048.083, 112
Trd, 259048.167, 136
Trd, 259048.400, 128
Trd, 259048.600, 136
Trd, 259048.983, 140
Trd, 259049.217, 135
Trd, 259049.600, 135
Trd, 259049.700, 132
Trd, 259049.767, 111
Trd, 259050.017, 109
Trd, 259050.233, 103
Trd, 259050.383, 133
Trd, 259050.450, 134
Trd, 259050.567, 100
Trd, 259051.350, 140
Trd, 259051.600, 140
Trd, 259051.767, 139
Trd, 259051.833, 135
Trd, 259052.117, 138
Trd, 259052.317, 139
Trd, 259052.917, 137
Trd, 259053.233, 133
Trd, 259053.300, 132
Trd, 259053.700, 131
Trd, 259053.767, 130
Trd, 259053.783, 129
Trd, 259053.983, 132
Trd, 259054.367, 129
Trd, 259054.767, 121
Trd, 259055.100, 121
Trd, 259055.533, 132
Trd, 259055.800, 130
Trd, 259056.033, 129
Trd, 259056.083, 126
Trd, 259056.150, 129
Trd, 259056.250, 120
Trd, 259056.367, 128
Trd, 259056.433, 111
Trd, 259056.583, 131
Trd, 259057.050, 129
Trd, 259057.317, 111
Trd, 259057.517, 115
Trd, 259057.600, 109
Trd, 259058.183, 136
Trd, 259058.317, 119
Trd, 259058.467, 140
Trd, 259058.617, 104
Trd, 259058.750, 112
Trd, 259058.800, 116
Trd, 259058.850, 102
Trd, 259058.933, 116
Trd, 259059.600, 130
Trd, 259059.817, 117
Trd, 259060.167, 140
Trd, 259060.183, 102
Trd, 259060.583, 136
Trd, 259061.117, 140
Trd, 259061.267, 140
Trd, 259061.367, 110
Trd, 259061.750, 102
Trd, 259061.833, 103
Trd, 259062.233, 140
Trd, 259062.250, 135
Trd, 259062.467, 100
Trd, 259062.883, 139
Trd, 259063.050, 139
Trd, 259064.167, 135
Trd, 259064.283, 134
Trd, 259064.467, 129
Trd, 259064.583, 133
Trd, 259064.883, 135
Trd, 259065.183, 135
Trd, 259065.267, 129
Trd, 259065.300, 126
Trd, 259065.367, 117
Trd, 259065.450, 125
Trd, 259065.567, 97
Trd, 259065.950, 131
Trd, 259066.200, 134
Trd, 259066.233, 131
Trd, 259066.250, 130
Trd, 259066.483, 124
Trd, 259066.750, 105
Trd, 259066.800, 102
Trd, 259066.817, 101
Trd, 259067.250, 135
Trd, 259067.483, 136
Trd, 259068.550, 132
Trd, 259068.650, 130
Trd, 259068.667, 112
Trd, 259069.450, 135
Trd, 259069.467, 137
Trd, 259069.667, 118
Trd, 259069.817, 140
Trd, 259069.950, 113
Trd, 259070.050, 139
Trd, 259070.417, 137
Trd, 259071.050, 133
Trd, 259071.500, 133
Trd, 259071.600, 133
Trd, 259071.717, 138
Trd, 259072.100, 125
Trd, 259072.417, 114
Trd, 259072.550, 127
Trd, 259072.733, 112
Trd, 259073.167, 107
Trd, 259074.300, 140
Trd, 259074.433, 132
Trd, 259074.483, 127
Trd, 259074.583, 126
Trd, 259074.650, 112
Trd, 259074.933, 140
Trd, 259075.183, 134
Trd, 259075.683, 135
Trd, 259075.817, 131
Trd, 259075.833, 131
Trd, 259076.100, 130
Trd, 259076.400, 127
Trd, 259076.733, 140
Trd, 259076.833, 139
Trd, 259076.900, 139
Trd, 259076.933, 124
Trd, 259077.400, 140
Trd, 259077.450, 119
Trd, 259077.583, 112
Trd, 259077.600, 106
Trd, 259078.267, 103
Trd, 259078.317, 102
Trd, 259078.433, 77
Trd, 259078.500, 110
Trd, 259078.767, 112
Trd, 259079.350, 90
Trd, 259079.450, 116
Trd, 259080.217, 87
Trd, 259080.267, 79
Trd, 259080.433, 133
Trd, 259080.967, 131
Trd, 259081.033, 129
Trd, 259081.167, 124
Trd, 259081.267, 112
Trd, 259081.283, 98
Trd, 259081.517, 139
Trd, 259081.817, 138
Trd, 259081.983, 131
Trd, 259082.183, 128
Trd, 259082.333, 128
Trd, 259082.500, 127
Trd, 259082.583, 126
Trd, 259082.783, 98
Trd, 259082.867, 90
Trd, 259083.200, 74
Trd, 259083.450, 92
Trd, 259083.800, 60
Trd, 259083.983, 92
Trd, 259084.200, 140
Trd, 259084.517, 131
Trd, 259085.083, 129
Trd, 259085.183, 128
Trd, 259085.683, 137
Trd, 259085.767, 125
Trd, 259085.867, 124
Trd, 259086.117, 132
Trd, 259086.200, 122
Trd, 259086.350, 116
Trd, 259086.483, 112
Trd, 259086.533, 91
Trd, 259086.733, 128
Trd, 259087.250, 131
Trd, 259087.717, 119
Trd, 259087.917, 122
Trd, 259087.983, 105
Trd, 259088.133, 123
Trd, 259089.117, 140
Trd, 259089.233, 140
Trd, 259089.283, 140
Trd, 259089.583, 130
Trd, 259089.667, 140
Trd, 259089.733, 129
Trd, 259089.850, 130
Trd, 259089.933, 106
Trd, 259090.550, 118
Trd, 259090.917, 108
Trd, 259091.000, 133
Trd, 259091.117, 138
Trd, 259091.517, 125
Trd, 259091.800, 124
Trd, 259092.267, 123
Trd, 259092.300, 119
Trd, 259092.417, 115
Trd, 259092.617, 108
Trd, 259092.700, 107
Trd, 259093.017, 130
Trd, 259093.917, 140
Trd, 259094.167, 140
Trd, 259094.217, 136
Trd, 259094.550, 133
Trd, 259094.617, 132
Trd, 259094.850, 131
Trd, 259095.100, 135
Trd, 259095.167, 125
Trd, 259095.300, 125
Trd, 259095.467, 130
Trd, 259095.783, 129
Trd, 259096.050, 132
Trd, 259096.133, 129
Trd, 259096.450, 136
Trd, 259096.750, 140
Trd, 259096.900, 140
Trd, 259096.983, 133
Trd, 259097.167, 130
Trd, 259097.800, 124
Trd, 259098.650, 104
Trd, 259099.100, 88
Trd, 259099.233, 115
Trd, 259099.867, 128
Trd, 259099.883, 129
Trd, 259099.917, 96
Trd, 259099.967, 91
Trd, 259100.067, 86
Trd, 259100.267, 76
Trd, 259100.667, 95
Trd, 259100.767, 95
Trd, 259100.983, 95
Trd, 259101.083, 129
Trd, 259101.100, 78
Trd, 259101.533, 126
Trd, 259101.617, 110
Trd, 259101.650, 105
Trd, 259101.683, 74
Trd, 259101.800, 115
Trd, 259101.933, 109
Trd, 259102.133, 87
Trd, 259102.333, 95
Trd, 259103.050, 140
Trd, 259103.400, 91
Trd, 259103.500, 116
Trd, 259103.683, 89
Trd, 259103.950, 107
Trd, 259104.117, 116
Trd, 259104.350, 83
Trd, 259104.717, 96
Trd, 259105.083, 80
Trd, 259105.233, 114
Trd, 259105.350, 120
Trd, 259105.417, 111
Trd, 259106.200, 140
Trd, 259106.233, 140
Trd, 259106.350, 139
Trd, 259106.833, 134
Trd, 259107.167, 140
Trd, 259107.217, 137
Trd, 259107.400, 130
Trd, 259108.200, 140
Trd, 259108.583, 140
Trd, 259108.700, 140
Trd, 259109.183, 140
Trd, 259109.333, 139
Trd, 259109.467, 135
Trd, 259109.500, 132
Trd, 259109.533, 131
Trd, 259109.617, 131
Trd, 259110.517, 138
Trd, 259110.667, 137
Trd, 259111.000, 137
Trd, 259111.450, 137
Trd, 259111.567, 134
Trd, 259111.900, 122
Trd, 259112.167, 122
Trd, 259112.183, 121
Trd, 259113.000, 140
Trd, 259113.067, 135
Trd, 259113.383, 116
Trd, 259113.917, 119
Trd, 259114.067, 135
Trd, 259114.117, 115
Trd, 259114.367, 135
Trd, 259114.833, 129
Trd, 259115.417, 122
Trd, 259115.500, 123
Trd, 259115.567, 115
Trd, 259115.750, 116
Trd, 259115.900, 115
Trd, 259116.683, 134
Trd, 259116.867, 140
Trd, 259116.917, 122
Trd, 259117.200, 135
Trd, 259117.250, 119
Trd, 259117.450, 109
Trd, 259117.500, 125
Trd, 259117.667, 128
Trd, 259117.750, 122
Trd, 259117.867, 100
Trd, 259118.000, 99
Trd, 259118.300, 110
Trd, 259118.317, 100
Trd, 259118.333, 93
Trd, 259118.467, 82
Trd, 259118.767, 94
Trd, 259118.817, 72
Trd, 259118.933, 134
Trd, 259119.133, 77
Trd, 259119.983, 133
Trd, 259120.050, 135
Trd, 259120.350, 122
Trd, 259120.667, 139
Trd, 259121.183, 134
Trd, 259121.267, 132
Trd, 259121.367, 138
Trd, 259122.083, 136
Trd, 259122.567, 136
Trd, 259122.767, 132
Trd, 259122.783, 137
Trd, 259122.883, 138
Trd, 259123.383, 126
Trd, 259123.400, 139
Trd, 259123.450, 116
Trd, 259123.767, 104
Trd, 259123.833, 107
Trd, 259123.983, 102
Trd, 259124.200, 127
Trd, 259124.433, 124
Trd, 259124.833, 138
Trd, 259125.167, 136
Trd, 259125.183, 130
Trd, 259125.217, 106
Trd, 259125.900, 125
Trd, 259126.183, 122
Trd, 259126.367, 121
Trd, 259126.417, 120
Trd, 259126.467, 93
Trd, 259126.683, 94
Trd, 259126.800, 89
Trd, 259127.517, 79
Trd, 259127.567, 95
Trd, 259127.617, 74
Trd, 259128.150, 140
Trd, 259128.467, 140
Trd, 259128.817, 100
Trd, 259129.267, 126
Trd, 259129.383, 102
Trd, 259129.433, 111
Trd, 259129.783, 116
Trd, 259130.917, 134
Trd, 259130.983, 128
Trd, 259131.083, 122
Trd, 259131.117, 138
Trd, 259131.417, 95
Trd, 259131.717, 93
Trd, 259131.833, 92
Trd, 259131.867, 91
Trd, 259132.000, 137
Trd, 259132.100, 88
Trd, 259132.533, 137
Trd, 259132.600, 135
Trd, 259132.733, 123
Trd, 259132.800, 123
Trd, 259132.950, 132
Trd, 259133.450, 63
Trd, 259133.467, 105
Trd, 259133.783, 78
Trd, 259134.150, 118
Trd, 259134.167, 113
Trd, 259134.317, 134
Trd, 259134.367, 95
Trd, 259134.383, 75
Trd, 259135.567, 140
Trd, 259135.867, 140
Trd, 259135.983, 140
Trd, 259136.167, 139
Trd, 259136.217, 132
Trd, 259136.500, 126
Trd, 259136.600, 124
Trd, 259136.817, 125
Trd, 259137.033, 140
Trd, 259137.467, 89
Trd, 259137.733, 85
Trd, 259137.883, 124
Trd, 259138.017, 122
Trd, 259138.283, 70
Trd, 259138.800, 140
Trd, 259138.833, 140
Trd, 259139.333, 140
Trd, 259139.500, 140
Trd, 259139.833, 140
Trd, 259140.083, 135
Trd, 259140.517, 135
Trd, 259140.783, 134
Trd, 259140.850, 133
Trd, 259140.900, 122
Trd, 259141.250, 136
Trd, 259141.617, 137
Trd, 259141.967, 140
Trd, 259142.283, 140
Trd, 259142.600, 140
Trd, 259142.900, 140
Trd, 259143.133, 140
Trd, 259143.217, 124
Trd, 259143.500, 106
Trd, 259143.633, 104
Trd, 259143.967, 140
Trd, 259144.267, 134
Trd, 259144.450, 133
Trd, 259144.650, 113
Trd, 259144.783, 108
Trd, 259144.867, 124
Trd, 259145.767, 129
Trd, 259145.800, 129
Trd, 259146.200, 139
Trd, 259146.217, 135
Trd, 259146.283, 130
Trd, 259146.317, 126
Trd, 259146.867, 120
Trd, 259147.267, 125
Trd, 259147.283, 117
Trd, 259147.417, 99
Trd, 259147.500, 84
Trd, 259147.833, 138
Trd, 259148.383, 134
Trd, 259148.850, 140
Trd, 259148.983, 138
Trd, 259149.133, 137
Trd, 259149.183, 139
Trd, 259149.967, 130
Trd, 259149.983, 126
Trd, 259150.100, 136
Trd, 259150.300, 124
Trd, 259150.317, 123
Trd, 259150.383, 135
Trd, 259150.733, 133
Trd, 259150.817, 120
Trd, 259151.083, 125
Trd, 259151.150, 128
Trd, 259151.583, 132
Trd, 259151.617, 86
Trd, 259151.833, 113
Trd, 259152.167, 127
Trd, 259153.117, 126
Trd, 259153.133, 123
Trd, 259153.333, 97
Trd, 259153.550, 86
Trd, 259153.567, 127
Trd, 259153.850, 114
Trd, 259154.350, 138
Trd, 259154.367, 91
Trd, 259154.400, 90
Trd, 259154.417, 87
Trd, 259154.633, 119
Trd, 259154.950, 81
Trd, 259155.350, 101
Trd, 259155.433, 112
Trd, 259155.683, 78
Trd, 259155.950, 108
Trd, 259156.600, 131
Trd, 259156.900, 134
Trd, 259157.000, 92
Trd, 259157.483, 126
Trd, 259157.667, 140
Trd, 259157.900, 135
Trd, 259158.433, 123
Trd, 259158.450, 119
Trd, 259158.667, 118
Trd, 259158.867, 101
Trd, 259159.300, 101
Trd, 259159.317, 117
Trd, 259159.383, 100
Trd, 259159.583, 118
Trd, 259159.633, 103
Trd, 259159.717, 89
Trd, 259159.817, 110
Trd, 259160.500, 136
Trd, 259160.783, 135
Trd, 259161.050, 137
Trd, 259161.100, 133
Trd, 259161.217, 130
Trd, 259161.383, 131
Trd, 259161.433, 130
Trd, 259161.683, 136
Trd, 259161.850, 118
Trd, 259162.033, 140
Trd, 259162.133, 102
Trd, 259162.250, 120
Trd, 259162.350, 128
Trd, 259162.683, 123
Trd, 259163.100, 121
Trd, 259163.233, 121
Trd, 259163.383, 128
Trd, 259163.483, 137
Trd, 259163.700, 127
Trd, 259163.750, 138
Trd, 259164.517, 137
Trd, 259164.600, 138
Trd, 259165.017, 137
Trd, 259165.333, 131
Trd, 259165.400, 130
Trd, 259165.533, 130
Trd, 259165.567, 122
Trd, 259165.850, 125
Trd, 259166.000, 139
Trd, 259167.100, 135
Trd, 259167.267, 131
Trd, 259167.367, 111
Trd, 259167.467, 104
Trd, 259167.567, 99
Trd, 259168.017, 127
Trd, 259168.083, 126
Trd, 259168.850, 128
Trd, 259168.983, 121
Trd, 259169.333, 129
Trd, 259169.367, 111
Trd, 259169.500, 140
Trd, 259170.017, 138
Trd, 259170.050, 134
Trd, 259170.250, 95
Trd, 259170.867, 140
Trd, 259171.133, 140
Trd, 259171.283, 140
Trd, 259171.350, 139
Trd, 259171.433, 135
Trd, 259171.583, 134
Trd, 259171.817, 139
Trd, 259172.267, 126
Trd, 259172.867, 121
Trd, 259173.133, 129
Trd, 259173.183, 117
Trd, 259173.300, 101
Trd, 259174.033, 139
Trd, 259174.267, 118
Trd, 259174.350, 139
Trd, 259174.500, 140
Trd, 259174.667, 130
Trd, 259174.850, 97
Trd, 259174.867, 90
Trd, 259175.017, 86
Trd, 259175.050, 137
Trd, 259175.200, 138
Trd, 259175.967, 81
Trd, 259176.233, 131
Trd, 259176.517, 121
Trd, 259177.500, 138
Trd, 259178.100, 140
Trd, 259178.200, 139
Trd, 259178.333, 135
Trd, 259178.967, 138
Trd, 259179.017, 138
Trd, 259179.133, 140
Trd, 259179.183, 134
Trd, 259179.400, 130
Trd, 259180.083, 135
Trd, 259180.300, 130
Trd, 259180.883, 129
Trd, 259180.950, 128
Trd, 259181.017, 136
Trd, 259181.117, 125
Trd, 259181.683, 128
Trd, 259181.833, 130
Trd, 259181.967, 115
Trd, 259182.250, 109
Trd, 259182.267, 106
Trd, 259182.317, 121
Trd, 259182.367, 89
Trd, 259182.717, 122
Trd, 259182.850, 122
Trd, 259183.000, 100
Trd, 259183.233, 135
Trd, 259183.800, 140
Trd, 259183.817, 140
Trd, 259184.233, 107
Trd, 259184.350, 111
Trd, 259184.550, 108
Trd, 259184.700, 101
Trd, 259184.717, 101
Trd, 259184.817, 138
Trd, 259184.883, 108
Trd, 259185.050, 123
Trd, 259185.233, 123
Trd, 259185.317, 119
Trd, 259185.733, 134
Trd, 259186.067, 124
Trd, 259186.117, 124
Trd, 259186.317, 107
Trd, 259186.583, 123
Trd, 259186.667, 140
Trd, 259186.683, 132
Trd, 259187.417, 127
Trd, 259188.033, 127
Trd, 259188.350, 124
Trd, 259188.533, 105
Trd, 259188.583, 102
Trd, 259188.750, 109
Trd, 259189.050, 107
Trd, 259189.667, 138
Trd, 259190.083, 140
Trd, 259190.133, 139
Trd, 259190.600, 140
Trd, 259190.783, 139
Trd, 259190.883, 138
Trd, 259190.967, 137
Trd, 259191.033, 135
Trd, 259191.050, 134
Trd, 259191.150, 138
Trd, 259191.183, 134
Trd, 259191.217, 130
Trd, 259191.333, 129
Trd, 259191.550, 129
Trd, 259191.933, 140
Trd, 259191.967, 132
Trd, 259191.983, 118
Trd, 259192.200, 109
Trd, 259192.483, 108
Trd, 259192.867, 108
Trd, 259192.900, 106
Trd, 259193.033, 100
Trd, 259193.350, 91
Trd, 259193.383, 91
Trd, 259193.567, 86
Trd, 259193.717, 92
Trd, 259193.733, 130
Trd, 259193.767, 85
Trd, 259194.467, 140
Trd, 259194.600, 138
Trd, 259195.233, 140
Trd, 259195.317, 139
Trd, 259196.033, 138
Trd, 259196.150, 134
Trd, 259196.483, 138
Trd, 259196.550, 128
Trd, 259196.750, 121
Trd, 259197.217, 121
Trd, 259197.350, 118
Trd, 259197.700, 112
Trd, 259197.717, 111
Trd, 259197.850, 102
Trd, 259197.917, 126
Trd, 259197.933, 99
Trd, 259198.150, 118
Trd, 259198.433, 116
Trd, 259198.850, 115
Trd, 259199.033, 139
Trd, 259199.133, 128
Trd, 259199.883, 114
Trd, 259199.967, 120
