Trd, 258567.050, 119
Trd, 258567.200, 120
Trd, 258567.217, 118
Trd, 258567.283, 118
Trd, 258568.033, 114
Trd, 258568.083, 135
Trd, 258568.217, 112
Trd, 258568.517, 100
Trd, 258569.100, 118
Trd, 258569.317, 101
Trd, 258569.667, 101
Trd, 258569.700, 98
Trd, 258569.800, 124
Trd, 258569.900, 96
Trd, 258570.217, 120
Trd, 258570.250, 106
Trd, 258570.383, 91
Trd, 258570.950, 118
Trd, 258571.033, 123
Trd, 258571.367, 117
Trd, 258571.633, 116
Trd, 258571.833, 129
Trd, 258571.917, 116
Trd, 258572.050, 128
Trd, 258572.217, 116
Trd, 258572.300, 115
Trd, 258572.983, 112
Trd, 258573.950, 124
Trd, 258574.100, 121
Trd, 258574.350, 119
Trd, 258574.600, 120
Trd, 258574.750, 120
Trd, 258575.033, 118
Trd, 258575.800, 116
Trd, 258575.900, 114
Trd, 258576.000, 113
Trd, 258576.200, 107
Trd, 258576.533, 120
Trd, 258576.617, 119
Trd, 258576.633, 118
Trd, 258576.817, 106
Trd, 258576.883, 106
Trd, 258577.017, 121
Trd, 258577.283, 122
Trd, 258577.433, 101
Trd, 258577.500, 110
Trd, 258578.100, 130
Trd, 258578.650, 130
Trd, 258578.967, 132
Trd, 258579.333, 129
Trd, 258579.750, 132
Trd, 258580.150, 140
Trd, 258581.000, 139
Trd, 258581.017, 136
Trd, 258581.050, 136
Trd, 258581.283, 131
Trd, 258581.617, 133
Trd, 258582.350, 133
Trd, 258582.467, 131
Trd, 258582.900, 129
Trd, 258583.000, 121
Trd, 258583.333, 119
Trd, 258583.417, 113
Trd, 258583.867, 119
Trd, 258583.900, 117
Trd, 258583.967, 117
Trd, 258584.167, 130
Trd, 258584.633, 126
Trd, 258585.033, 120
Trd, 258585.617, 121
Trd, 258585.683, 120
Trd, 258585.700, 120
Trd, 258585.817, 119
Trd, 258586.050, 119
Trd, 258586.750, 128
Trd, 258586.900, 132
Trd, 258586.950, 125
Trd, 258586.967, 116
Trd, 258587.200, 115
Trd, 258587.550, 126
Trd, 258588.250, 135
Trd, 258588.367, 114
Trd, 258588.467, 100
Trd, 258588.633, 99
Trd, 258588.650, 119
Trd, 258589.433, 131
Trd, 258590.033, 131
Trd, 258590.300, 132
Trd, 258590.817, 131
Trd, 258591.800, 130
Trd, 258591.933, 131
Trd, 258591.983, 129
Trd, 258592.083, 129
Trd, 258592.417, 116
Trd, 258592.567, 97
Trd, 258592.933, 117
Trd, 258593.000, 109
Trd, 258593.067, 94
Trd, 258593.217, 92
Trd, 258593.233, 87
Trd, 258594.000, 103
Trd, 258594.017, 105
Trd, 258594.033, 126
Trd, 258594.283, 91
Trd, 258594.850, 90
Trd, 258594.883, 89
Trd, 258595.283, 107
Trd, 258595.433, 103
Trd, 258595.817, 103
Trd, 258596.150, 103
Trd, 258596.167, 104
Trd, 258596.367, 127
Trd, 258596.600, 119
Trd, 258596.683, 118
Trd, 258596.750, 117
Trd, 258597.400, 118
Trd, 258597.817, 116
Trd, 258598.200, 121
Trd, 258598.250, 110
Trd, 258598.550, 113
Trd, 258599.050, 96
Trd, 258599.067, 95
Trd, 258599.367, 115
Trd, 258599.800, 111
Trd, 258599.967, 108
Trd, 258600.550, 107
Trd, 258600.567, 106
Trd, 258600.750, 106
Trd, 258600.917, 119
Trd, 258601.000, 114
Trd, 258601.150, 120
Trd, 258601.200, 101
Trd, 258601.217, 100
Trd, 258601.700, 109
Trd, 258601.783, 95
Trd, 258602.050, 117
Trd, 258602.100, 94
Trd, 258602.117, 93
Trd, 258602.533, 85
Trd, 258602.617, 85
Trd, 258602.817, 103
Trd, 258603.383, 87
Trd, 258603.483, 86
Trd, 258603.633, 116
Trd, 258603.800, 95
Trd, 258603.950, 120
Trd, 258604.367, 77
Trd, 258604.433, 94
Trd, 258605.283, 111
Trd, 258605.367, 110
Trd, 258605.533, 99
Trd, 258606.150, 102
Trd, 258606.217, 109
Trd, 258606.250, 110
Trd, 258606.483, 107
Trd, 258606.750, 108
Trd, 258606.883, 139
Trd, 258607.217, 106
Trd, 258607.650, 106
Trd, 258607.717, 105
Trd, 258608.367, 130
Trd, 258608.417, 129
Trd, 258608.717, 127
Trd, 258608.783, 122
Trd, 258609.267, 134
Trd, 258609.350, 125
Trd, 258609.500, 124
Trd, 258609.650, 123
Trd, 258610.050, 124
Trd, 258610.067, 121
Trd, 258610.500, 117
Trd, 258610.633, 114
Trd, 258610.750, 108
Trd, 258611.817, 117
Trd, 258612.183, 118
Trd, 258612.517, 112
Trd, 258612.650, 111
Trd, 258612.750, 120
Trd, 258612.833, 133
Trd, 258612.850, 103
Trd, 258612.917, 138
Trd, 258613.283, 129
Trd, 258613.450, 101
Trd, 258613.950, 108
Trd, 258614.267, 92
Trd, 258614.650, 81
Trd, 258615.950, 123
Trd, 258615.967, 125
Trd, 258616.367, 125
Trd, 258616.500, 124
Trd, 258616.550, 124
Trd, 258616.750, 123
Trd, 258617.083, 121
Trd, 258617.317, 120
Trd, 258617.433, 121
Trd, 258617.483, 120
Trd, 258617.617, 120
Trd, 258617.733, 126
Trd, 258617.833, 114
Trd, 258617.933, 113
Trd, 258618.500, 122
Trd, 258619.367, 119
Trd, 258619.517, 129
Trd, 258619.567, 118
Trd, 258620.283, 128
Trd, 258620.500, 117
Trd, 258620.867, 120
Trd, 258621.133, 116
Trd, 258621.250, 113
Trd, 258621.467, 106
Trd, 258621.567, 112
Trd, 258621.967, 112
Trd, 258622.350, 111
Trd, 258622.500, 111
Trd, 258622.617, 111
Trd, 258622.900, 112
Trd, 258623.033, 111
Trd, 258623.200, 110
Trd, 258623.317, 105
Trd, 258623.483, 113
Trd, 258623.750, 105
Trd, 258624.150, 98
Trd, 258624.183, 103
Trd, 258624.333, 97
Trd, 258625.267, 99
Trd, 258625.633, 109
Trd, 258625.650, 99
Trd, 258625.950, 95
Trd, 258626.150, 113
Trd, 258626.333, 97
Trd, 258626.650, 96
Trd, 258626.717, 92
Trd, 258627.483, 111
Trd, 258628.050, 97
Trd, 258628.517, 130
Trd, 258628.700, 131
Trd, 258628.917, 130
Trd, 258629.217, 138
Trd, 258629.500, 133
Trd, 258629.667, 136
Trd, 258629.733, 133
Trd, 258629.750, 125
Trd, 258630.017, 125
Trd, 258630.150, 124
Trd, 258630.233, 107
Trd, 258630.383, 107
Trd, 258630.417, 125
Trd, 258631.083, 102
Trd, 258631.367, 104
Trd, 258631.650, 112
Trd, 258632.217, 101
Trd, 258632.300, 110
Trd, 258632.317, 99
Trd, 258632.550, 94
Trd, 258632.717, 94
Trd, 258632.750, 135
Trd, 258633.017, 106
Trd, 258633.500, 136
Trd, 258633.567, 134
Trd, 258634.167, 130
Trd, 258634.233, 128
Trd, 258634.283, 115
Trd, 258634.417, 113
Trd, 258635.800, 113
Trd, 258635.817, 101
Trd, 258636.117, 109
Trd, 258636.217, 102
Trd, 258636.383, 114
Trd, 258636.700, 139
Trd, 258636.717, 116
Trd, 258637.183, 140
Trd, 258637.433, 140
Trd, 258637.650, 140
Trd, 258637.700, 139
Trd, 258637.733, 132
Trd, 258637.867, 127
Trd, 258637.967, 122
Trd, 258638.517, 125
Trd, 258638.917, 116
Trd, 258639.750, 129
Trd, 258640.167, 122
Trd, 258640.233, 121
Trd, 258640.250, 120
Trd, 258640.433, 119
Trd, 258640.667, 116
Trd, 258641.000, 115
Trd, 258641.283, 118
Trd, 258641.350, 114
Trd, 258641.400, 105
Trd, 258641.550, 100
Trd, 258641.767, 119
Trd, 258641.867, 110
Trd, 258642.000, 102
Trd, 258642.500, 103
Trd, 258642.683, 113
Trd, 258642.867, 119
Trd, 258643.083, 121
Trd, 258643.150, 115
Trd, 258643.367, 112
Trd, 258644.100, 112
Trd, 258644.283, 111
Trd, 258644.850, 112
Trd, 258644.867, 111
Trd, 258644.950, 110
Trd, 258645.017, 110
Trd, 258645.050, 107
Trd, 258645.617, 113
Trd, 258646.033, 114
Trd, 258646.500, 107
Trd, 258646.533, 116
Trd, 258646.550, 99
Trd, 258646.617, 117
Trd, 258646.917, 113
Trd, 258647.150, 112
Trd, 258647.200, 104
Trd, 258647.417, 138
Trd, 258648.600, 120
Trd, 258648.667, 109
Trd, 258648.767, 109
Trd, 258649.267, 110
Trd, 258649.450, 113
Trd, 258649.667, 107
Trd, 258650.200, 106
Trd, 258650.550, 130
Trd, 258650.783, 118
Trd, 258651.117, 127
Trd, 258651.300, 129
Trd, 258651.450, 120
Trd, 258651.500, 119
Trd, 258652.367, 120
Trd, 258652.400, 125
Trd, 258652.583, 119
Trd, 258652.683, 118
Trd, 258652.700, 118
Trd, 258652.800, 110
Trd, 258652.867, 98
Trd, 258653.300, 114
Trd, 258653.433, 107
Trd, 258653.550, 116
Trd, 258653.567, 106
Trd, 258653.683, 105
Trd, 258653.700, 91
Trd, 258653.983, 121
Trd, 258654.100, 99
Trd, 258654.133, 87
Trd, 258654.683, 121
Trd, 258655.500, 111
Trd, 258655.750, 102
Trd, 258655.817, 102
Trd, 258656.183, 110
Trd, 258656.467, 129
Trd, 258656.967, 122
Trd, 258657.050, 121
Trd, 258657.650, 132
Trd, 258657.900, 135
Trd, 258657.917, 133
Trd, 258657.950, 133
Trd, 258658.050, 132
Trd, 258658.467, 130
Trd, 258658.817, 131
Trd, 258658.933, 129
Trd, 258659.133, 125
Trd, 258660.467, 140
Trd, 258660.800, 140
Trd, 258661.150, 139
Trd, 258661.550, 138
Trd, 258661.617, 137
Trd, 258661.683, 134
Trd, 258661.933, 133
Trd, 258662.000, 130
Trd, 258662.083, 129
Trd, 258662.183, 128
Trd, 258662.250, 124
Trd, 258662.317, 118
Trd, 258662.567, 133
Trd, 258662.633, 129
Trd, 258662.667, 114
Trd, 258663.083, 113
Trd, 258663.133, 102
Trd, 258663.567, 114
Trd, 258663.767, 109
Trd, 258664.000, 108
Trd, 258664.050, 108
Trd, 258664.333, 106
Trd, 258664.583, 117
Trd, 258664.800, 105
Trd, 258664.883, 105
Trd, 258665.033, 104
Trd, 258665.067, 104
Trd, 258665.783, 109
Trd, 258666.000, 114
Trd, 258666.650, 113
Trd, 258666.717, 108
Trd, 258666.850, 109
Trd, 258666.883, 114
Trd, 258666.933, 103
Trd, 258667.167, 115
Trd, 258667.267, 115
Trd, 258667.550, 108
Trd, 258667.900, 107
Trd, 258668.633, 107
Trd, 258668.883, 123
Trd, 258668.950, 130
Trd, 258669.033, 100
Trd, 258669.150, 97
Trd, 258669.433, 99
Trd, 258669.850, 120
Trd, 258670.300, 102
Trd, 258670.350, 95
Trd, 258670.617, 109
Trd, 258671.400, 85
Trd, 258671.500, 94
Trd, 258671.567, 95
Trd, 258673.083, 121
Trd, 258673.350, 121
Trd, 258673.483, 122
Trd, 258673.567, 119
Trd, 258674.017, 128
Trd, 258674.317, 119
Trd, 258674.533, 118
Trd, 258674.567, 118
Trd, 258674.750, 134
Trd, 258674.850, 117
Trd, 258674.867, 116
Trd, 258675.050, 135
Trd, 258676.250, 113
Trd, 258676.283, 112
Trd, 258676.367, 125
Trd, 258676.550, 133
Trd, 258676.783, 123
Trd, 258676.900, 123
Trd, 258676.967, 117
Trd, 258677.133, 114
Trd, 258677.433, 90
Trd, 258677.550, 90
Trd, 258678.017, 103
Trd, 258678.550, 103
Trd, 258678.600, 105
Trd, 258678.967, 103
Trd, 258679.017, 102
Trd, 258679.450, 99
Trd, 258679.650, 90
Trd, 258679.883, 88
Trd, 258680.317, 88
Trd, 258680.550, 94
Trd, 258680.733, 87
Trd, 258680.867, 110
Trd, 258681.250, 92
Trd, 258681.600, 88
Trd, 258682.017, 92
Trd, 258682.100, 87
Trd, 258682.317, 93
Trd, 258682.350, 83
Trd, 258682.450, 102
Trd, 258682.550, 72
Trd, 258682.750, 111
Trd, 258682.767, 95
Trd, 258683.233, 84
Trd, 258683.400, 100
Trd, 258683.683, 87
Trd, 258683.733, 101
Trd, 258684.033, 96
Trd, 258684.083, 106
Trd, 258684.617, 95
Trd, 258684.783, 138
Trd, 258685.017, 126
Trd, 258685.050, 106
Trd, 258685.533, 113
Trd, 258685.717, 99
Trd, 258686.133, 115
Trd, 258686.933, 120
Trd, 258687.067, 114
Trd, 258687.200, 102
Trd, 258687.567, 102
Trd, 258687.783, 121
Trd, 258688.050, 124
Trd, 258688.083, 102
Trd, 258688.133, 125
Trd, 258688.350, 108
Trd, 258688.517, 108
Trd, 258688.817, 108
Trd, 258689.467, 132
Trd, 258689.667, 132
Trd, 258689.683, 131
Trd, 258689.883, 130
Trd, 258689.917, 129
Trd, 258690.183, 137
Trd, 258690.200, 129
Trd, 258690.600, 127
Trd, 258690.783, 116
Trd, 258690.967, 131
Trd, 258691.533, 131
Trd, 258691.867, 129
Trd, 258692.483, 130
Trd, 258692.733, 128
Trd, 258692.817, 128
Trd, 258692.933, 123
Trd, 258694.167, 139
Trd, 258694.300, 138
Trd, 258694.583, 136
Trd, 258694.700, 135
Trd, 258694.750, 134
Trd, 258695.217, 133
Trd, 258695.500, 132
Trd, 258695.867, 129
Trd, 258696.150, 124
Trd, 258696.283, 124
Trd, 258696.300, 121
Trd, 258696.417, 114
Trd, 258696.700, 113
Trd, 258696.750, 107
Trd, 258696.783, 107
Trd, 258697.483, 122
Trd, 258697.550, 134
Trd, 258697.617, 134
Trd, 258697.683, 133
Trd, 258698.017, 104
Trd, 258699.217, 113
Trd, 258699.433, 104
Trd, 258699.517, 113
Trd, 258700.017, 106
Trd, 258700.117, 105
Trd, 258700.700, 106
Trd, 258700.933, 104
Trd, 258701.100, 101
Trd, 258701.133, 99
Trd, 258701.600, 100
Trd, 258701.750, 107
Trd, 258701.883, 119
Trd, 258702.167, 133
Trd, 258702.317, 126
Trd, 258702.583, 108
Trd, 258702.817, 115
Trd, 258702.967, 107
Trd, 258703.567, 123
Trd, 258704.050, 123
Trd, 258704.267, 122
Trd, 258704.500, 121
Trd, 258704.567, 121
Trd, 258705.567, 135
Trd, 258705.717, 134
Trd, 258705.767, 132
Trd, 258705.967, 128
Trd, 258706.150, 138
Trd, 258706.733, 132
Trd, 258707.217, 134
Trd, 258707.317, 135
Trd, 258707.417, 134
Trd, 258707.617, 133
Trd, 258707.800, 133
Trd, 258708.033, 136
Trd, 258708.250, 135
Trd, 258708.500, 132
Trd, 258708.700, 129
Trd, 258708.800, 130
Trd, 258709.000, 122
Trd, 258709.150, 137
Trd, 258709.267, 136
Trd, 258709.583, 112
Trd, 258709.983, 111
Trd, 258710.367, 107
Trd, 258710.600, 106
Trd, 258710.683, 106
Trd, 258710.750, 103
Trd, 258711.133, 114
Trd, 258711.350, 97
Trd, 258711.950, 137
Trd, 258712.367, 125
Trd, 258712.417, 122
Trd, 258712.617, 124
Trd, 258713.033, 111
Trd, 258713.133, 111
Trd, 258713.717, 113
Trd, 258714.000, 130
Trd, 258714.450, 129
Trd, 258714.600, 116
Trd, 258715.517, 126
Trd, 258715.550, 120
Trd, 258716.017, 122
Trd, 258716.150, 122
Trd, 258716.233, 120
Trd, 258716.367, 132
Trd, 258716.467, 121
Trd, 258716.533, 120
Trd, 258716.833, 120
Trd, 258717.017, 103
Trd, 258717.400, 133
Trd, 258717.517, 132
Trd, 258717.767, 128
Trd, 258718.183, 115
Trd, 258718.217, 101
Trd, 258718.500, 88
Trd, 258718.633, 125
Trd, 258719.067, 135
Trd, 258719.567, 128
Trd, 258719.917, 126
Trd, 258720.117, 127
Trd, 258721.000, 132
Trd, 258721.033, 122
Trd, 258721.350, 121
Trd, 258721.683, 107
Trd, 258721.817, 107
Trd, 258721.833, 106
Trd, 258721.850, 120
Trd, 258722.050, 118
Trd, 258722.533, 103
Trd, 258722.567, 96
Trd, 258722.617, 95
Trd, 258722.750, 102
Trd, 258722.983, 103
Trd, 258723.400, 117
Trd, 258723.417, 113
Trd, 258723.700, 104
Trd, 258723.917, 115
Trd, 258724.000, 119
Trd, 258724.367, 120
Trd, 258724.533, 102
Trd, 258724.800, 101
Trd, 258725.100, 101
Trd, 258725.150, 100
Trd, 258725.833, 139
Trd, 258725.983, 139
Trd, 258726.033, 135
Trd, 258726.283, 128
Trd, 258726.750, 121
Trd, 258726.950, 133
Trd, 258726.983, 135
Trd, 258727.283, 122
Trd, 258727.367, 119
Trd, 258727.717, 110
Trd, 258728.633, 124
Trd, 258728.683, 112
Trd, 258729.217, 107
Trd, 258729.617, 117
Trd, 258729.683, 110
Trd, 258729.750, 102
Trd, 258729.800, 114
Trd, 258730.300, 105
Trd, 258730.533, 139
Trd, 258730.617, 138
Trd, 258732.017, 133
Trd, 258732.600, 132
Trd, 258732.750, 140
Trd, 258732.900, 138
Trd, 258732.983, 137
Trd, 258733.033, 131
Trd, 258733.250, 127
Trd, 258733.600, 126
Trd, 258733.917, 131
Trd, 258734.267, 138
Trd, 258734.600, 120
Trd, 258734.983, 121
Trd, 258735.350, 119
Trd, 258735.700, 131
Trd, 258735.717, 115
Trd, 258735.950, 105
Trd, 258735.967, 102
Trd, 258736.250, 101
Trd, 258736.350, 100
Trd, 258736.700, 113
Trd, 258736.867, 102
Trd, 258736.917, 101
Trd, 258736.950, 99
Trd, 258737.000, 115
Trd, 258737.317, 98
Trd, 258738.333, 115
Trd, 258738.383, 116
Trd, 258738.750, 109
Trd, 258738.900, 110
Trd, 258739.433, 126
Trd, 258739.533, 109
Trd, 258739.700, 108
Trd, 258740.633, 126
Trd, 258741.300, 127
Trd, 258741.433, 126
Trd, 258741.833, 124
Trd, 258741.883, 124
Trd, 258741.900, 123
Trd, 258741.933, 114
Trd, 258742.217, 97
Trd, 258742.433, 92
Trd, 258742.517, 88
Trd, 258742.833, 131
Trd, 258743.050, 126
Trd, 258743.067, 125
Trd, 258743.333, 127
Trd, 258743.783, 127
Trd, 258744.500, 140
Trd, 258744.550, 127
Trd, 258744.867, 126
Trd, 258745.033, 125
Trd, 258745.400, 132
Trd, 258745.550, 123
Trd, 258745.683, 120
Trd, 258746.167, 118
Trd, 258746.633, 114
Trd, 258747.167, 134
Trd, 258747.417, 117
Trd, 258747.583, 117
Trd, 258747.883, 117
Trd, 258747.933, 126
Trd, 258747.967, 136
Trd, 258747.983, 138
Trd, 258748.083, 116
Trd, 258748.150, 115
Trd, 258748.483, 115
Trd, 258748.517, 111
Trd, 258749.317, 113
Trd, 258749.417, 132
Trd, 258749.650, 120
Trd, 258749.700, 111
Trd, 258749.767, 98
Trd, 258749.983, 95
Trd, 258750.450, 94
Trd, 258750.883, 91
Trd, 258750.967, 110
Trd, 258751.083, 111
Trd, 258751.500, 100
Trd, 258751.567, 88
Trd, 258751.600, 120
Trd, 258752.067, 120
Trd, 258752.133, 117
Trd, 258753.017, 121
Trd, 258753.050, 107
Trd, 258753.250, 124
Trd, 258753.383, 109
Trd, 258753.617, 110
Trd, 258753.900, 125
Trd, 258754.100, 125
Trd, 258754.200, 123
Trd, 258754.433, 121
Trd, 258754.567, 110
Trd, 258754.783, 105
Trd, 258755.050, 121
Trd, 258755.350, 109
Trd, 258755.517, 109
Trd, 258755.717, 106
Trd, 258755.783, 115
Trd, 258755.850, 105
Trd, 258755.967, 99
Trd, 258756.150, 99
Trd, 258756.933, 108
Trd, 258757.067, 95
Trd, 258757.433, 131
Trd, 258757.700, 96
Trd, 258757.733, 138
Trd, 258758.017, 129
Trd, 258758.267, 122
Trd, 258758.683, 123
Trd, 258758.733, 120
Trd, 258758.833, 108
Trd, 258759.267, 95
Trd, 258759.367, 94
Trd, 258759.817, 109
Trd, 258759.867, 128
Trd, 258760.067, 97
Trd, 258761.000, 95
Trd, 258761.650, 100
Trd, 258761.750, 98
Trd, 258761.867, 96
Trd, 258762.083, 99
Trd, 258762.150, 96
Trd, 258762.183, 100
Trd, 258762.383, 102
Trd, 258762.567, 103
Trd, 258762.583, 95
Trd, 258762.617, 109
Trd, 258762.717, 95
Trd, 258763.517, 104
Trd, 258763.683, 92
Trd, 258763.700, 91
Trd, 258764.350, 118
Trd, 258764.383, 104
Trd, 258764.417, 103
Trd, 258765.367, 139
Trd, 258765.683, 133
Trd, 258765.867, 132
Trd, 258766.017, 129
Trd, 258766.167, 134
Trd, 258766.750, 138
Trd, 258767.033, 123
Trd, 258767.333, 120
Trd, 258767.633, 117
Trd, 258767.917, 136
Trd, 258767.950, 116
Trd, 258767.983, 116
Trd, 258768.300, 122
Trd, 258768.983, 114
Trd, 258769.000, 114
Trd, 258769.200, 114
Trd, 258770.067, 116
Trd, 258770.100, 122
Trd, 258770.117, 129
Trd, 258770.267, 130
Trd, 258770.600, 114
Trd, 258770.833, 118
Trd, 258770.867, 119
Trd, 258770.983, 113
Trd, 258771.633, 123
Trd, 258771.650, 109
Trd, 258771.850, 108
Trd, 258772.767, 139
Trd, 258772.783, 138
Trd, 258773.017, 140
Trd, 258773.533, 130
Trd, 258773.683, 129
Trd, 258774.117, 130
Trd, 258774.367, 129
Trd, 258774.483, 128
Trd, 258774.800, 129
Trd, 258774.850, 128
Trd, 258775.033, 128
Trd, 258775.717, 132
Trd, 258775.883, 131
Trd, 258776.117, 126
Trd, 258776.417, 123
Trd, 258776.550, 120
Trd, 258776.567, 118
Trd, 258777.017, 133
Trd, 258777.750, 125
Trd, 258777.967, 124
Trd, 258778.183, 123
Trd, 258778.300, 124
Trd, 258778.333, 123
Trd, 258778.583, 118
Trd, 258778.600, 111
Trd, 258778.750, 108
Trd, 258779.000, 114
Trd, 258779.683, 112
Trd, 258779.783, 95
Trd, 258780.167, 95
Trd, 258780.183, 92
Trd, 258780.267, 83
Trd, 258780.717, 84
Trd, 258780.800, 83
Trd, 258781.350, 99
Trd, 258781.400, 100
Trd, 258781.650, 79
Trd, 258781.667, 86
Trd, 258781.883, 111
Trd, 258781.983, 80
Trd, 258782.033, 113
Trd, 258782.417, 120
Trd, 258782.500, 104
Trd, 258783.117, 96
Trd, 258783.317, 97
Trd, 258783.333, 99
Trd, 258784.517, 106
Trd, 258784.767, 101
Trd, 258784.833, 95
Trd, 258784.983, 96
Trd, 258785.067, 95
Trd, 258785.133, 91
Trd, 258785.717, 107
Trd, 258786.333, 108
Trd, 258786.350, 107
Trd, 258786.483, 107
Trd, 258787.167, 139
Trd, 258787.200, 112
Trd, 258787.933, 128
Trd, 258788.067, 127
Trd, 258788.183, 118
Trd, 258788.317, 117
Trd, 258788.400, 117
Trd, 258788.483, 117
Trd, 258788.633, 115
Trd, 258788.867, 107
Trd, 258789.567, 108
Trd, 258789.650, 119
Trd, 258789.967, 121
Trd, 258790.100, 120
Trd, 258790.233, 120
Trd, 258790.300, 108
Trd, 258790.317, 123
Trd, 258790.433, 108
Trd, 258790.517, 107
Trd, 258790.683, 107
Trd, 258790.767, 105
Trd, 258790.867, 123
Trd, 258790.933, 111
Trd, 258791.133, 101
Trd, 258791.300, 96
Trd, 258791.317, 91
Trd, 258791.883, 118
Trd, 258792.200, 110
Trd, 258792.433, 92
Trd, 258792.517, 90
Trd, 258792.817, 136
Trd, 258793.467, 123
Trd, 258793.517, 107
Trd, 258793.733, 108
Trd, 258793.850, 108
Trd, 258794.333, 126
Trd, 258794.367, 111
Trd, 258795.017, 129
Trd, 258795.467, 129
Trd, 258795.517, 136
Trd, 258795.867, 138
Trd, 258796.650, 134
Trd, 258796.683, 132
Trd, 258797.283, 134
Trd, 258797.333, 132
Trd, 258797.400, 130
Trd, 258797.433, 136
Trd, 258797.467, 128
Trd, 258797.667, 133
Trd, 258798.150, 128
Trd, 258798.417, 127
Trd, 258798.450, 126
Trd, 258798.517, 133
Trd, 258798.567, 124
Trd, 258798.733, 121
Trd, 258798.783, 109
Trd, 258799.083, 105
Trd, 258799.283, 103
Trd, 258799.467, 92
Trd, 258799.600, 91
Trd, 258799.667, 118
Trd, 258800.317, 132
Trd, 258800.383, 95
Trd, 258801.217, 135
Trd, 258801.450, 134
Trd, 258802.267, 137
Trd, 258802.883, 138
Trd, 258803.333, 139
Trd, 258803.517, 138
Trd, 258803.583, 137
Trd, 258803.967, 140
Trd, 258803.983, 137
Trd, 258804.483, 139
Trd, 258804.867, 136
Trd, 258805.450, 139
Trd, 258805.533, 133
Trd, 258805.700, 131
Trd, 258805.817, 130
Trd, 258806.350, 131
Trd, 258806.433, 129
Trd, 258807.050, 136
Trd, 258807.150, 135
Trd, 258807.167, 118
Trd, 258807.667, 132
Trd, 258807.850, 108
Trd, 258808.317, 107
Trd, 258808.467, 120
Trd, 258808.583, 120
Trd, 258808.800, 122
Trd, 258809.117, 122
Trd, 258809.250, 124
Trd, 258809.333, 123
Trd, 258809.467, 121
Trd, 258809.883, 121
Trd, 258809.950, 120
Trd, 258810.133, 130
Trd, 258810.967, 117
Trd, 258811.067, 117
Trd, 258811.433, 111
Trd, 258811.550, 111
Trd, 258811.700, 112
Trd, 258811.717, 133
Trd, 258811.783, 110
Trd, 258811.817, 109
Trd, 258812.117, 122
Trd, 258812.867, 117
Trd, 258813.250, 131
Trd, 258813.983, 128
Trd, 258814.367, 113
Trd, 258814.950, 130
Trd, 258815.283, 113
Trd, 258815.650, 130
Trd, 258815.767, 116
Trd, 258815.883, 131
Trd, 258816.217, 118
Trd, 258816.367, 117
Trd, 258816.383, 106
Trd, 258816.583, 138
Trd, 258816.800, 114
Trd, 258816.967, 127
Trd, 258817.000, 112
Trd, 258818.183, 134
Trd, 258818.217, 125
Trd, 258818.283, 121
Trd, 258819.167, 139
Trd, 258819.283, 138
Trd, 258819.850, 133
Trd, 258819.983, 131
Trd, 258820.117, 128
Trd, 258820.300, 128
Trd, 258820.383, 126
Trd, 258820.517, 123
Trd, 258820.733, 130
Trd, 258821.033, 119
Trd, 258821.100, 116
Trd, 258821.767, 121
Trd, 258821.850, 129
Trd, 258821.933, 119
Trd, 258822.267, 126
Trd, 258822.433, 125
Trd, 258822.767, 125
Trd, 258822.850, 124
Trd, 258823.283, 120
Trd, 258823.833, 125
Trd, 258823.950, 122
Trd, 258824.017, 121
Trd, 258824.100, 117
Trd, 258824.200, 116
Trd, 258824.450, 106
Trd, 258824.550, 123
Trd, 258824.750, 123
Trd, 258824.850, 106
Trd, 258825.083, 133
Trd, 258825.417, 99
Trd, 258825.967, 99
Trd, 258826.167, 100
Trd, 258826.200, 130
Trd, 258826.767, 104
Trd, 258826.783, 103
Trd, 258827.300, 115
Trd, 258827.600, 111
Trd, 258827.717, 110
Trd, 258827.733, 105
Trd, 258827.850, 99
Trd, 258828.233, 117
Trd, 258828.800, 126
Trd, 258828.817, 117
Trd, 258828.883, 116
Trd, 258829.050, 102
Trd, 258829.133, 98
Trd, 258829.267, 98
Trd, 258829.517, 115
Trd, 258829.717, 110
Trd, 258829.950, 103
Trd, 258830.367, 102
Trd, 258830.500, 88
Trd, 258830.717, 110
Trd, 258830.733, 92
Trd, 258830.817, 84
Trd, 258830.900, 83
Trd, 258831.650, 98
Trd, 258832.033, 89
Trd, 258832.367, 86
Trd, 258832.417, 88
Trd, 258832.633, 90
Trd, 258833.033, 120
Trd, 258833.117, 105
Trd, 258833.317, 104
Trd, 258833.417, 112
Trd, 258833.683, 129
Trd, 258834.183, 128
Trd, 258834.717, 127
Trd, 258834.850, 126
Trd, 258835.500, 125
Trd, 258836.400, 130
Trd, 258836.417, 121
Trd, 258837.000, 138
Trd, 258837.650, 135
Trd, 258837.667, 134
Trd, 258837.733, 128
Trd, 258837.967, 121
Trd, 258837.983, 107
Trd, 258838.183, 122
Trd, 258838.367, 137
Trd, 258838.650, 127
Trd, 258838.850, 126
Trd, 258838.867, 124
Trd, 258839.250, 107
Trd, 258839.333, 106
Trd, 258839.800, 107
Trd, 258840.167, 106
Trd, 258840.317, 105
Trd, 258840.617, 100
Trd, 258840.850, 137
Trd, 258840.867, 91
Trd, 258841.133, 100
Trd, 258841.267, 98
Trd, 258841.500, 92
Trd, 258841.833, 122
Trd, 258842.183, 102
Trd, 258842.217, 122
Trd, 258842.483, 117
Trd, 258842.583, 121
Trd, 258842.900, 121
Trd, 258843.167, 116
Trd, 258843.750, 115
Trd, 258843.917, 123
Trd, 258844.233, 133
Trd, 258844.633, 138
Trd, 258844.667, 130
Trd, 258845.017, 130
Trd, 258845.683, 119
Trd, 258845.767, 138
Trd, 258846.117, 126
Trd, 258846.183, 120
Trd, 258846.283, 118
Trd, 258846.550, 130
Trd, 258846.750, 117
Trd, 258847.217, 116
Trd, 258847.267, 115
Trd, 258847.567, 114
Trd, 258847.683, 111
Trd, 258847.733, 105
Trd, 258847.917, 101
Trd, 258848.217, 125
Trd, 258848.767, 129
Trd, 258848.933, 112
Trd, 258849.100, 112
Trd, 258849.767, 110
Trd, 258850.333, 116
Trd, 258850.383, 115
Trd, 258851.350, 130
Trd, 258851.400, 130
Trd, 258851.700, 129
Trd, 258851.767, 127
Trd, 258851.983, 126
Trd, 258852.017, 126
Trd, 258852.167, 119
Trd, 258852.417, 131
Trd, 258852.883, 113
Trd, 258853.167, 121
Trd, 258853.350, 127
Trd, 258853.633, 120
Trd, 258853.717, 114
Trd, 258853.783, 112
Trd, 258854.033, 128
Trd, 258854.400, 114
Trd, 258854.433, 109
Trd, 258854.500, 103
Trd, 258854.600, 105
Trd, 258854.967, 132
Trd, 258855.050, 95
Trd, 258855.900, 109
Trd, 258855.917, 109
Trd, 258856.067, 106
Trd, 258856.083, 123
Trd, 258856.583, 125
Trd, 258856.750, 122
Trd, 258857.317, 124
Trd, 258857.433, 123
Trd, 258857.733, 123
Trd, 258857.817, 128
Trd, 258857.983, 112
Trd, 258858.283, 109
Trd, 258858.383, 107
Trd, 258858.567, 107
Trd, 258858.683, 121
Trd, 258859.683, 131
Trd, 258860.217, 135
Trd, 258860.550, 132
Trd, 258860.717, 132
Trd, 258860.850, 131
Trd, 258861.100, 129
Trd, 258861.483, 130
Trd, 258861.617, 135
Trd, 258861.917, 140
Trd, 258861.933, 139
Trd, 258862.017, 129
Trd, 258862.150, 126
Trd, 258862.517, 125
Trd, 258862.967, 116
Trd, 258863.033, 118
Trd, 258863.333, 117
Trd, 258863.767, 116
Trd, 258863.950, 104
Trd, 258863.983, 97
Trd, 258864.050, 95
Trd, 258864.150, 99
Trd, 258864.333, 137
Trd, 258864.517, 138
Trd, 258865.117, 94
Trd, 258865.317, 86
Trd, 258865.367, 93
Trd, 258865.850, 91
Trd, 258865.900, 94
Trd, 258866.017, 90
Trd, 258866.067, 117
Trd, 258866.767, 111
Trd, 258866.933, 108
Trd, 258868.133, 117
Trd, 258868.333, 123
Trd, 258868.350, 122
Trd, 258868.367, 110
Trd, 258868.417, 109
Trd, 258869.150, 131
Trd, 258869.467, 129
Trd, 258869.850, 131
Trd, 258869.967, 130
Trd, 258870.067, 128
Trd, 258870.417, 123
Trd, 258870.550, 115
Trd, 258870.600, 109
Trd, 258870.783, 91
Trd, 258870.933, 88
Trd, 258871.500, 104
Trd, 258871.650, 83
Trd, 258871.833, 126
Trd, 258871.883, 130
Trd, 258872.033, 106
Trd, 258872.100, 95
Trd, 258872.433, 131
Trd, 258872.600, 131
Trd, 258873.250, 132
Trd, 258873.383, 130
Trd, 258873.733, 125
Trd, 258874.100, 137
Trd, 258874.700, 130
Trd, 258874.767, 128
Trd, 258875.233, 135
Trd, 258875.533, 133
Trd, 258875.633, 122
Trd, 258875.967, 120
Trd, 258876.100, 120
Trd, 258876.967, 131
Trd, 258877.133, 137
Trd, 258877.333, 139
Trd, 258877.583, 136
Trd, 258877.600, 119
Trd, 258877.817, 117
Trd, 258877.933, 118
Trd, 258878.250, 128
Trd, 258878.433, 116
Trd, 258878.583, 116
Trd, 258878.717, 116
Trd, 258879.433, 119
Trd, 258879.783, 119
Trd, 258879.817, 121
Trd, 258879.850, 130
Trd, 258880.733, 119
Trd, 258881.217, 118
Trd, 258881.267, 117
Trd, 258881.533, 118
Trd, 258881.667, 121
Trd, 258881.700, 116
Trd, 258882.083, 119
Trd, 258882.233, 115
Trd, 258882.367, 121
Trd, 258882.467, 129
Trd, 258882.567, 116
Trd, 258882.683, 115
Trd, 258882.800, 114
Trd, 258883.283, 113
Trd, 258883.550, 118
Trd, 258883.633, 116
Trd, 258883.683, 110
Trd, 258883.700, 108
Trd, 258883.917, 140
Trd, 258884.967, 133
Trd, 258885.217, 135
Trd, 258885.433, 127
Trd, 258885.617, 126
Trd, 258886.283, 126
Trd, 258886.300, 124
Trd, 258886.500, 124
Trd, 258886.667, 123
Trd, 258887.267, 135
Trd, 258887.317, 134
Trd, 258887.700, 123
Trd, 258887.867, 122
Trd, 258888.000, 137
Trd, 258888.067, 121
Trd, 258888.283, 118
Trd, 258888.683, 130
Trd, 258888.700, 127
Trd, 258888.817, 108
Trd, 258888.950, 106
Trd, 258889.250, 88
Trd, 258889.517, 124
Trd, 258889.667, 105
Trd, 258890.300, 90
Trd, 258890.383, 89
Trd, 258890.467, 101
Trd, 258891.700, 127
Trd, 258892.083, 126
Trd, 258892.517, 133
Trd, 258893.150, 131
Trd, 258893.217, 130
Trd, 258893.483, 129
Trd, 258893.533, 126
Trd, 258893.700, 123
Trd, 258894.100, 131
Trd, 258894.383, 119
Trd, 258894.567, 132
Trd, 258894.617, 132
Trd, 258894.817, 131
Trd, 258895.233, 119
Trd, 258895.883, 128
Trd, 258895.967, 127
Trd, 258896.050, 122
Trd, 258896.067, 118
Trd, 258896.483, 130
Trd, 258896.750, 132
Trd, 258896.833, 132
Trd, 258896.850, 127
Trd, 258897.333, 132
Trd, 258897.433, 121
Trd, 258897.450, 120
Trd, 258897.900, 111
Trd, 258898.017, 103
Trd, 258898.583, 103
Trd, 258898.717, 89
Trd, 258898.750, 88
Trd, 258899.100, 94
Trd, 258899.600, 93
Trd, 258899.700, 92
Trd, 258899.933, 94
Trd, 258900.017, 84
Trd, 258900.333, 99
Trd, 258900.400, 102
Trd, 258900.733, 97
Trd, 258901.350, 95
Trd, 258901.667, 82
Trd, 258902.200, 90
Trd, 258902.233, 112
Trd, 258902.350, 128
Trd, 258902.550, 86
Trd, 258902.567, 81
Trd, 258902.683, 81
Trd, 258903.267, 79
Trd, 258903.350, 129
Trd, 258903.900, 82
Trd, 258903.950, 102
Trd, 258904.367, 100
Trd, 258904.400, 107
Trd, 258904.500, 109
Trd, 258905.050, 129
Trd, 258905.600, 110
Trd, 258905.900, 109
Trd, 258906.050, 107
Trd, 258906.067, 125
Trd, 258906.700, 126
Trd, 258907.350, 109
Trd, 258908.567, 112
Trd, 258908.717, 111
Trd, 258908.733, 121
Trd, 258908.883, 122
Trd, 258909.133, 131
Trd, 258909.317, 111
Trd, 258909.400, 111
Trd, 258909.867, 120
Trd, 258909.883, 122
Trd, 258910.450, 134
Trd, 258910.550, 137
Trd, 258910.583, 127
Trd, 258910.617, 118
Trd, 258911.017, 140
Trd, 258911.150, 119
Trd, 258911.433, 134
Trd, 258911.583, 119
Trd, 258912.067, 118
Trd, 258912.133, 117
Trd, 258912.167, 116
Trd, 258913.267, 120
Trd, 258913.400, 119
Trd, 258913.483, 119
Trd, 258913.983, 119
Trd, 258914.333, 119
Trd, 258914.367, 118
Trd, 258914.383, 118
Trd, 258914.417, 117
Trd, 258914.583, 115
Trd, 258914.700, 125
Trd, 258914.767, 114
Trd, 258915.067, 110
Trd, 258915.117, 103
Trd, 258915.133, 102
Trd, 258915.483, 126
Trd, 258915.850, 97
Trd, 258916.067, 97
Trd, 258916.767, 97
Trd, 258916.933, 122
Trd, 258917.517, 117
Trd, 258917.533, 116
Trd, 258918.050, 116
Trd, 258918.117, 112
Trd, 258918.167, 109
Trd, 258918.250, 107
Trd, 258918.700, 122
Trd, 258918.917, 96
Trd, 258919.583, 139
Trd, 258920.533, 137
Trd, 258921.367, 130
Trd, 258921.583, 129
Trd, 258921.717, 130
Trd, 258922.233, 131
Trd, 258922.300, 131
Trd, 258922.783, 132
Trd, 258922.867, 137
Trd, 258922.917, 130
Trd, 258923.817, 129
Trd, 258923.950, 128
Trd, 258924.150, 127
Trd, 258924.233, 127
Trd, 258924.400, 118
Trd, 258924.517, 114
Trd, 258924.817, 113
Trd, 258924.867, 110
Trd, 258925.117, 112
Trd, 258925.450, 107
Trd, 258925.700, 115
Trd, 258925.833, 105
Trd, 258926.083, 112
Trd, 258926.417, 112
Trd, 258926.533, 117
Trd, 258926.950, 131
Trd, 258927.217, 108
Trd, 258927.850, 107
Trd, 258928.100, 108
Trd, 258928.467, 110
Trd, 258928.567, 111
Trd, 258928.700, 104
Trd, 258928.767, 103
Trd, 258928.883, 114
Trd, 258929.200, 104
Trd, 258929.700, 132
Trd, 258930.017, 129
Trd, 258930.267, 138
Trd, 258930.317, 112
Trd, 258930.750, 119
Trd, 258930.817, 119
Trd, 258931.317, 119
Trd, 258931.350, 118
Trd, 258931.517, 117
Trd, 258932.167, 111
Trd, 258932.183, 117
Trd, 258932.733, 117
Trd, 258932.800, 120
Trd, 258933.033, 110
Trd, 258933.267, 117
Trd, 258933.300, 109
Trd, 258933.367, 104
Trd, 258933.833, 108
Trd, 258933.900, 104
Trd, 258934.200, 108
Trd, 258934.400, 111
Trd, 258934.467, 106
Trd, 258934.967, 105
Trd, 258935.150, 95
Trd, 258935.267, 120
Trd, 258935.317, 90
Trd, 258935.383, 89
Trd, 258935.567, 87
Trd, 258935.650, 83
Trd, 258935.750, 117
Trd, 258936.067, 83
Trd, 258936.700, 111
Trd, 258936.717, 82
Trd, 258937.017, 76
Trd, 258937.183, 83
Trd, 258937.433, 71
Trd, 258937.950, 116
Trd, 258938.200, 113
Trd, 258938.300, 95
Trd, 258938.350, 85
Trd, 258938.817, 87
Trd, 258938.983, 89
Trd, 258939.050, 79
Trd, 258939.500, 91
Trd, 258939.900, 100
Trd, 258940.383, 132
Trd, 258940.500, 129
Trd, 258940.717, 127
Trd, 258940.750, 127
Trd, 258940.833, 126
Trd, 258941.200, 124
Trd, 258941.417, 127
Trd, 258941.467, 123
Trd, 258941.667, 122
Trd, 258942.467, 114
Trd, 258942.633, 139
Trd, 258942.783, 125
Trd, 258943.183, 113
Trd, 258943.767, 120
Trd, 258943.950, 109
Trd, 258944.167, 117
Trd, 258944.567, 138
Trd, 258944.683, 131
Trd, 258944.800, 130
Trd, 258945.117, 129
Trd, 258945.233, 128
Trd, 258945.533, 122
Trd, 258945.800, 131
Trd, 258945.950, 121
Trd, 258946.017, 118
Trd, 258946.067, 105
Trd, 258946.083, 101
Trd, 258946.233, 100
Trd, 258947.067, 100
Trd, 258947.267, 113
Trd, 258947.433, 127
Trd, 258947.617, 100
Trd, 258947.767, 124
Trd, 258948.117, 122
Trd, 258948.200, 120
Trd, 258948.950, 124
Trd, 258949.033, 112
Trd, 258949.083, 111
Trd, 258949.317, 99
Trd, 258949.550, 98
Trd, 258949.750, 93
Trd, 258949.917, 90
Trd, 258950.117, 118
Trd, 258950.167, 110
Trd, 258950.700, 115
Trd, 258950.850, 121
Trd, 258951.000, 126
Trd, 258951.167, 130
Trd, 258951.217, 110
Trd, 258951.667, 108
Trd, 258951.800, 107
Trd, 258951.817, 99
Trd, 258953.017, 117
Trd, 258953.050, 108
Trd, 258953.283, 99
Trd, 258953.333, 118
Trd, 258953.533, 117
Trd, 258953.683, 117
Trd, 258953.817, 111
Trd, 258954.383, 117
Trd, 258954.400, 106
Trd, 258954.417, 105
Trd, 258954.850, 129
Trd, 258954.967, 127
Trd, 258955.050, 125
Trd, 258955.983, 133
Trd, 258956.283, 133
Trd, 258956.683, 133
Trd, 258956.933, 132
Trd, 258957.300, 131
Trd, 258957.483, 129
Trd, 258957.983, 128
Trd, 258958.150, 127
Trd, 258958.200, 124
Trd, 258958.467, 117
Trd, 258958.483, 127
Trd, 258958.683, 112
Trd, 258958.767, 116
Trd, 258958.800, 112
Trd, 258958.850, 105
Trd, 258959.500, 100
Trd, 258960.383, 106
Trd, 258961.017, 100
Trd, 258961.117, 102
Trd, 258961.633, 103
Trd, 258961.700, 101
Trd, 258961.750, 99
Trd, 258962.200, 111
Trd, 258962.567, 136
Trd, 258963.000, 129
Trd, 258963.150, 123
Trd, 258963.300, 114
Trd, 258963.333, 113
Trd, 258964.100, 124
Trd, 258964.150, 110
Trd, 258964.167, 109
Trd, 258964.400, 116
Trd, 258965.017, 102
Trd, 258965.350, 120
Trd, 258965.400, 118
Trd, 258965.450, 103
Trd, 258965.817, 104
Trd, 258967.100, 112
Trd, 258967.117, 104
Trd, 258967.350, 115
Trd, 258967.467, 111
Trd, 258967.500, 110
Trd, 258967.800, 108
Trd, 258968.050, 118
Trd, 258968.983, 118
Trd, 258969.150, 114
Trd, 258969.500, 107
Trd, 258969.583, 99
Trd, 258970.400, 115
Trd, 258970.650, 108
Trd, 258970.667, 107
Trd, 258970.800, 106
Trd, 258970.867, 115
Trd, 258970.950, 116
Trd, 258972.100, 106
Trd, 258972.150, 115
Trd, 258972.167, 116
Trd, 258972.217, 105
Trd, 258972.300, 105
Trd, 258972.517, 123
Trd, 258972.950, 122
Trd, 258973.050, 117
Trd, 258973.083, 108
Trd, 258973.450, 105
Trd, 258973.933, 118
Trd, 258973.967, 110
Trd, 258974.350, 112
Trd, 258975.017, 113
Trd, 258975.300, 112
Trd, 258975.500, 111
Trd, 258975.650, 109
Trd, 258975.850, 108
Trd, 258976.267, 105
Trd, 258976.350, 102
Trd, 258976.667, 112
Trd, 258976.750, 99
Trd, 258976.767, 94
Trd, 258977.133, 106
Trd, 258977.217, 105
Trd, 258977.233, 120
Trd, 258977.433, 95
Trd, 258977.883, 91
Trd, 258978.833, 96
Trd, 258979.033, 111
Trd, 258979.400, 112
Trd, 258980.117, 112
Trd, 258980.150, 120
Trd, 258980.383, 134
Trd, 258980.400, 112
Trd, 258980.433, 108
Trd, 258980.533, 104
Trd, 258981.550, 102
Trd, 258981.700, 102
Trd, 258981.750, 99
Trd, 258982.267, 98
Trd, 258982.367, 125
Trd, 258982.700, 122
Trd, 258983.017, 130
Trd, 258983.050, 120
Trd, 258983.517, 129
Trd, 258983.883, 131
Trd, 258983.983, 128
Trd, 258984.000, 127
Trd, 258984.317, 126
Trd, 258984.350, 126
Trd, 258984.367, 131
Trd, 258984.400, 125
Trd, 258984.550, 124
Trd, 258984.967, 123
Trd, 258985.000, 119
Trd, 258985.033, 112
Trd, 258985.117, 104
Trd, 258985.283, 99
Trd, 258985.600, 90
Trd, 258985.950, 120
Trd, 258986.100, 111
Trd, 258986.400, 105
Trd, 258987.033, 100
Trd, 258987.133, 99
Trd, 258987.400, 100
Trd, 258988.033, 100
Trd, 258988.450, 101
Trd, 258988.650, 107
Trd, 258988.750, 107
Trd, 258988.867, 104
Trd, 258989.150, 109
Trd, 258989.283, 121
Trd, 258989.467, 101
Trd, 258989.617, 122
Trd, 258989.950, 106
Trd, 258990.000, 100
Trd, 258990.083, 99
Trd, 258990.267, 112
Trd, 258991.083, 129
Trd, 258991.300, 120
Trd, 258992.467, 124
Trd, 258992.500, 123
Trd, 258992.767, 123
Trd, 258993.017, 118
Trd, 258993.067, 117
Trd, 258993.183, 105
Trd, 258993.350, 101
Trd, 258993.583, 119
Trd, 258994.050, 127
Trd, 258994.500, 128
Trd, 258994.667, 126
Trd, 258994.767, 124
Trd, 258995.067, 123
Trd, 258995.167, 120
Trd, 258995.567, 108
Trd, 258995.633, 132
Trd, 258995.750, 111
Trd, 258996.017, 133
Trd, 258996.050, 132
Trd, 258996.283, 131
Trd, 258996.450, 129
Trd, 258996.467, 107
Trd, 258997.100, 108
Trd, 258997.133, 103
Trd, 258997.917, 103
Trd, 258997.950, 102
Trd, 258997.967, 112
Trd, 258998.450, 112
Trd, 258998.483, 105
Trd, 258998.700, 114
Trd, 258999.300, 109
Trd, 258999.867, 109
Trd, 258999.950, 110
Trd, 259000.050, 112
Trd, 259000.150, 112
Trd, 259000.233, 111
Trd, 259000.733, 109
Trd, 259000.750, 107
Trd, 259002.233, 138
Trd, 259002.767, 137
Trd, 259002.817, 135
Trd, 259002.983, 136
Trd, 259003.233, 136
Trd, 259003.300, 135
Trd, 259003.467, 120
Trd, 259003.600, 107
Trd, 259003.683, 115
Trd, 259003.783, 114
Trd, 259004.700, 126
Trd, 259004.800, 124
Trd, 259005.433, 111
Trd, 259005.650, 125
Trd, 259005.900, 134
Trd, 259006.050, 111
Trd, 259006.933, 122
Trd, 259007.017, 113
Trd, 259007.100, 128
Trd, 259007.633, 115
Trd, 259007.700, 135
Trd, 259007.883, 113
Trd, 259007.967, 113
Trd, 259008.383, 117
Trd, 259008.450, 118
Trd, 259008.500, 116
Trd, 259008.867, 126
Trd, 259009.067, 115
Trd, 259009.083, 118
Trd, 259009.717, 122
Trd, 259010.317, 133
Trd, 259010.417, 126
Trd, 259010.550, 123
Trd, 259011.133, 130
Trd, 259011.350, 130
Trd, 259011.617, 134
Trd, 259011.700, 135
Trd, 259011.800, 124
Trd, 259012.617, 123
Trd, 259012.917, 122
Trd, 259013.000, 122
Trd, 259013.483, 134
Trd, 259013.567, 131
Trd, 259014.017, 130
Trd, 259014.267, 119
Trd, 259014.333, 124
Trd, 259014.450, 118
Trd, 259015.100, 120
Trd, 259015.150, 120
Trd, 259015.567, 121
Trd, 259016.217, 127
Trd, 259016.367, 120
Trd, 259016.467, 119
Trd, 259016.500, 127
Trd, 259016.567, 118
Trd, 259016.733, 113
Trd, 259017.017, 121
Trd, 259017.150, 101
Trd, 259017.300, 101
Trd, 259017.750, 118
Trd, 259018.067, 103
Trd, 259018.217, 104
Trd, 259018.867, 111
Trd, 259019.333, 114
Trd, 259019.733, 103
Trd, 259020.050, 116
Trd, 259020.067, 101
Trd, 259020.083, 99
Trd, 259020.450, 98
Trd, 259020.683, 123
Trd, 259021.050, 122
Trd, 259021.250, 121
Trd, 259021.633, 121
Trd, 259021.767, 120
Trd, 259022.133, 136
Trd, 259022.583, 135
Trd, 259022.700, 135
Trd, 259022.883, 140
Trd, 259022.983, 135
Trd, 259023.300, 133
Trd, 259023.533, 130
Trd, 259023.833, 129
Trd, 259024.650, 127
Trd, 259025.417, 133
Trd, 259025.517, 129
Trd, 259025.550, 128
Trd, 259025.667, 127
Trd, 259025.850, 123
Trd, 259026.867, 124
Trd, 259026.950, 116
Trd, 259027.233, 113
Trd, 259027.300, 114
Trd, 259027.650, 103
Trd, 259028.017, 105
Trd, 259028.150, 121
Trd, 259028.633, 110
Trd, 259028.650, 109
Trd, 259028.883, 102
Trd, 259029.033, 111
Trd, 259029.117, 100
Trd, 259029.350, 118
Trd, 259029.683, 109
Trd, 259029.833, 100
Trd, 259029.867, 99
Trd, 259030.000, 123
Trd, 259030.450, 99
Trd, 259030.550, 98
Trd, 259030.783, 94
Trd, 259030.933, 106
Trd, 259031.183, 93
Trd, 259031.950, 89
Trd, 259032.100, 89
Trd, 259032.133, 90
Trd, 259032.167, 88
Trd, 259033.000, 89
Trd, 259034.000, 102
Trd, 259034.067, 103
Trd, 259034.167, 96
Trd, 259034.383, 97
Trd, 259034.417, 104
Trd, 259034.650, 96
Trd, 259035.250, 137
Trd, 259035.267, 135
Trd, 259035.533, 121
Trd, 259036.300, 122
Trd, 259036.783, 120
Trd, 259036.800, 119
Trd, 259036.850, 119
Trd, 259036.917, 121
Trd, 259037.150, 118
Trd, 259037.300, 131
Trd, 259037.400, 111
Trd, 259037.767, 118
Trd, 259038.100, 114
Trd, 259038.117, 113
Trd, 259038.750, 114
Trd, 259039.400, 124
Trd, 259039.567, 124
Trd, 259039.650, 125
Trd, 259039.850, 120
Trd, 259039.867, 113
Trd, 259039.917, 132
Trd, 259040.100, 112
Trd, 259040.517, 113
Trd, 259040.617, 112
Trd, 259041.450, 112
Trd, 259041.650, 112
Trd, 259041.683, 113
Trd, 259042.233, 118
Trd, 259042.883, 109
Trd, 259043.083, 111
Trd, 259043.283, 102
Trd, 259043.633, 107
Trd, 259043.833, 100
Trd, 259043.950, 100
Trd, 259044.017, 106
Trd, 259044.517, 96
Trd, 259044.567, 95
Trd, 259044.667, 104
Trd, 259044.867, 95
Trd, 259045.117, 95
Trd, 259045.750, 94
Trd, 259045.883, 121
Trd, 259046.283, 121
Trd, 259046.450, 125
Trd, 259046.833, 125
Trd, 259047.050, 127
Trd, 259047.150, 124
Trd, 259047.167, 124
Trd, 259047.600, 124
Trd, 259047.633, 123
Trd, 259047.667, 120
Trd, 259047.800, 106
Trd, 259047.883, 99
Trd, 259048.517, 96
Trd, 259049.150, 94
Trd, 259049.233, 93
Trd, 259049.383, 113
Trd, 259049.517, 89
Trd, 259049.900, 115
Trd, 259050.183, 116
Trd, 259050.550, 110
Trd, 259050.883, 109
Trd, 259050.950, 108
Trd, 259051.000, 103
Trd, 259051.133, 104
Trd, 259051.217, 121
Trd, 259051.250, 103
Trd, 259051.333, 104
Trd, 259051.883, 93
Trd, 259052.833, 134
Trd, 259053.000, 125
Trd, 259053.033, 124
Trd, 259053.533, 134
Trd, 259053.567, 126
Trd, 259053.633, 125
Trd, 259054.050, 131
Trd, 259054.083, 126
Trd, 259054.167, 123
Trd, 259054.317, 121
Trd, 259054.683, 120
Trd, 259054.817, 134
Trd, 259055.067, 116
Trd, 259055.350, 115
Trd, 259055.450, 110
Trd, 259055.600, 134
Trd, 259055.817, 107
Trd, 259056.550, 121
Trd, 259056.850, 136
Trd, 259057.017, 140
Trd, 259057.317, 139
Trd, 259057.933, 137
Trd, 259058.267, 134
Trd, 259058.983, 136
Trd, 259059.200, 135
Trd, 259059.250, 133
Trd, 259059.450, 126
Trd, 259059.617, 125
Trd, 259059.833, 121
Trd, 259060.583, 129
Trd, 259060.683, 128
Trd, 259060.700, 131
Trd, 259060.783, 127
Trd, 259061.033, 125
Trd, 259061.067, 120
Trd, 259061.617, 127
Trd, 259061.650, 114
Trd, 259061.883, 110
Trd, 259062.000, 109
Trd, 259062.250, 120
Trd, 259062.983, 134
Trd, 259063.000, 132
Trd, 259063.867, 138
Trd, 259063.967, 137
Trd, 259064.200, 136
Trd, 259064.383, 135
Trd, 259064.733, 133
Trd, 259065.283, 136
Trd, 259065.417, 133
Trd, 259065.500, 128
Trd, 259065.767, 136
Trd, 259066.283, 127
Trd, 259066.467, 127
Trd, 259067.283, 126
Trd, 259067.433, 112
Trd, 259067.533, 121
Trd, 259067.700, 133
Trd, 259068.050, 119
Trd, 259068.417, 111
Trd, 259068.600, 118
Trd, 259068.667, 120
Trd, 259068.717, 114
Trd, 259068.767, 113
Trd, 259068.783, 110
Trd, 259068.833, 110
Trd, 259068.983, 123
Trd, 259069.050, 108
Trd, 259069.617, 106
Trd, 259069.733, 99
Trd, 259070.617, 130
Trd, 259070.750, 125
Trd, 259071.533, 119
Trd, 259071.633, 119
Trd, 259071.750, 118
Trd, 259072.100, 133
Trd, 259072.683, 103
Trd, 259072.733, 97
Trd, 259072.967, 97
Trd, 259072.983, 133
Trd, 259073.567, 95
Trd, 259074.217, 103
Trd, 259074.533, 93
Trd, 259074.567, 92
Trd, 259075.233, 128
Trd, 259075.350, 125
Trd, 259075.433, 127
Trd, 259075.483, 125
Trd, 259075.633, 117
Trd, 259076.300, 127
Trd, 259076.317, 128
Trd, 259076.417, 118
Trd, 259076.750, 114
Trd, 259076.833, 108
Trd, 259077.033, 106
Trd, 259077.433, 105
Trd, 259077.767, 102
Trd, 259078.000, 117
Trd, 259078.017, 121
Trd, 259078.200, 114
Trd, 259078.267, 104
Trd, 259078.700, 135
Trd, 259079.383, 135
Trd, 259079.950, 130
Trd, 259080.267, 134
Trd, 259080.733, 133
Trd, 259080.900, 132
Trd, 259080.983, 132
Trd, 259081.117, 120
Trd, 259081.550, 120
Trd, 259081.650, 119
Trd, 259081.700, 119
Trd, 259082.033, 114
Trd, 259082.067, 102
Trd, 259082.367, 98
Trd, 259082.733, 111
Trd, 259082.917, 120
Trd, 259082.983, 110
Trd, 259083.033, 122
Trd, 259083.100, 109
Trd, 259083.433, 110
Trd, 259083.483, 94
Trd, 259083.667, 91
Trd, 259083.750, 90
Trd, 259084.067, 87
Trd, 259084.417, 101
Trd, 259084.817, 88
Trd, 259085.083, 118
Trd, 259085.367, 109
Trd, 259085.700, 100
Trd, 259085.850, 90
Trd, 259086.300, 97
Trd, 259086.583, 97
Trd, 259086.717, 96
Trd, 259086.833, 100
Trd, 259086.933, 114
Trd, 259086.950, 94
Trd, 259087.283, 92
Trd, 259087.467, 91
Trd, 259088.167, 123
Trd, 259088.200, 121
Trd, 259088.433, 107
Trd, 259088.733, 106
Trd, 259089.233, 114
Trd, 259089.433, 115
Trd, 259089.450, 114
Trd, 259090.083, 111
Trd, 259090.117, 106
Trd, 259090.533, 105
Trd, 259091.050, 114
Trd, 259091.250, 130
Trd, 259091.300, 111
Trd, 259091.317, 107
Trd, 259091.417, 121
Trd, 259091.917, 97
Trd, 259092.333, 112
Trd, 259092.733, 110
Trd, 259092.783, 105
Trd, 259092.917, 95
Trd, 259092.933, 88
Trd, 259093.367, 90
Trd, 259093.500, 88
Trd, 259094.233, 111
Trd, 259094.300, 108
Trd, 259094.650, 108
Trd, 259094.833, 107
Trd, 259094.850, 100
Trd, 259095.167, 111
Trd, 259095.233, 98
Trd, 259095.250, 112
Trd, 259095.867, 93
Trd, 259096.350, 121
Trd, 259096.517, 109
Trd, 259096.583, 104
Trd, 259096.767, 123
Trd, 259097.200, 98
Trd, 259097.367, 110
Trd, 259097.617, 118
Trd, 259098.667, 98
Trd, 259098.950, 119
Trd, 259099.233, 107
Trd, 259099.400, 106
Trd, 259099.717, 98
Trd, 259099.883, 99
Trd, 259099.950, 114
Trd, 259099.967, 115
Trd, 259101.000, 112
Trd, 259101.017, 103
Trd, 259102.817, 123
Trd, 259102.933, 124
Trd, 259102.967, 126
Trd, 259103.367, 123
Trd, 259103.383, 123
Trd, 259103.767, 124
Trd, 259103.983, 124
Trd, 259104.033, 125
Trd, 259104.500, 124
Trd, 259104.533, 122
Trd, 259104.633, 120
Trd, 259104.667, 119
Trd, 259104.900, 116
Trd, 259105.233, 139
Trd, 259105.500, 137
Trd, 259105.700, 134
Trd, 259105.950, 124
Trd, 259106.117, 113
Trd, 259106.400, 111
Trd, 259106.417, 110
Trd, 259106.533, 109
Trd, 259106.667, 113
Trd, 259106.783, 111
Trd, 259106.817, 110
Trd, 259107.067, 119
Trd, 259108.000, 112
Trd, 259108.017, 109
Trd, 259108.300, 124
Trd, 259108.883, 125
Trd, 259108.900, 131
Trd, 259108.917, 123
Trd, 259109.117, 122
Trd, 259109.233, 122
Trd, 259110.100, 119
Trd, 259110.867, 102
Trd, 259110.883, 96
Trd, 259110.950, 119
Trd, 259111.317, 119
Trd, 259111.683, 97
Trd, 259111.783, 123
Trd, 259112.117, 125
Trd, 259112.267, 123
Trd, 259112.700, 124
Trd, 259112.933, 123
Trd, 259113.033, 123
Trd, 259113.450, 123
Trd, 259113.683, 124
Trd, 259113.950, 122
Trd, 259114.583, 108
Trd, 259114.683, 111
Trd, 259114.717, 107
Trd, 259114.750, 91
Trd, 259114.983, 117
Trd, 259115.800, 137
Trd, 259115.950, 131
Trd, 259116.233, 130
Trd, 259116.333, 112
Trd, 259116.917, 118
Trd, 259117.450, 130
Trd, 259118.133, 132
Trd, 259118.367, 137
Trd, 259119.850, 140
Trd, 259119.967, 139
Trd, 259120.117, 138
Trd, 259120.317, 137
Trd, 259120.500, 136
Trd, 259121.117, 137
Trd, 259121.183, 134
Trd, 259121.367, 136
Trd, 259121.550, 140
Trd, 259121.917, 139
Trd, 259122.417, 134
Trd, 259122.683, 123
Trd, 259122.850, 113
Trd, 259123.000, 111
Trd, 259123.100, 113
Trd, 259123.533, 128
Trd, 259123.600, 125
Trd, 259123.783, 136
Trd, 259123.867, 103
Trd, 259124.300, 123
Trd, 259124.400, 116
Trd, 259124.567, 108
Trd, 259124.750, 103
Trd, 259125.383, 132
Trd, 259125.500, 131
Trd, 259125.833, 133
Trd, 259125.917, 132
Trd, 259126.050, 132
Trd, 259126.150, 128
Trd, 259126.417, 129
Trd, 259126.933, 115
Trd, 259127.000, 118
Trd, 259127.300, 133
Trd, 259127.567, 116
Trd, 259128.067, 132
Trd, 259128.483, 125
Trd, 259128.783, 130
Trd, 259129.800, 131
Trd, 259129.917, 131
Trd, 259129.983, 123
Trd, 259130.567, 129
Trd, 259130.867, 124
Trd, 259131.050, 123
Trd, 259131.217, 122
Trd, 259131.283, 119
Trd, 259131.417, 126
Trd, 259131.767, 124
Trd, 259131.833, 123
Trd, 259131.967, 115
Trd, 259132.383, 124
Trd, 259132.767, 118
Trd, 259132.900, 108
Trd, 259133.217, 122
Trd, 259133.483, 116
Trd, 259133.567, 108
Trd, 259133.983, 117
Trd, 259134.033, 128
Trd, 259134.617, 138
Trd, 259134.883, 127
Trd, 259134.900, 118
Trd, 259134.983, 113
Trd, 259135.067, 113
Trd, 259135.100, 114
Trd, 259135.817, 115
Trd, 259135.917, 126
Trd, 259136.250, 114
Trd, 259136.333, 113
Trd, 259137.033, 123
Trd, 259137.183, 135
Trd, 259137.333, 121
Trd, 259137.517, 120
Trd, 259138.083, 126
Trd, 259138.117, 125
Trd, 259138.433, 94
Trd, 259138.483, 94
Trd, 259138.550, 133
Trd, 259139.117, 120
Trd, 259139.300, 121
Trd, 259139.333, 119
Trd, 259139.617, 110
Trd, 259140.100, 102
Trd, 259140.167, 101
Trd, 259140.350, 118
Trd, 259140.583, 103
Trd, 259140.683, 106
Trd, 259141.000, 101
Trd, 259141.317, 110
Trd, 259141.533, 115
Trd, 259142.400, 114
Trd, 259142.450, 116
Trd, 259142.600, 113
Trd, 259143.150, 125
Trd, 259143.417, 114
Trd, 259143.633, 110
Trd, 259144.317, 129
Trd, 259144.467, 134
Trd, 259144.600, 125
Trd, 259144.650, 119
Trd, 259145.233, 133
Trd, 259145.667, 136
Trd, 259145.750, 136
Trd, 259145.783, 133
Trd, 259146.767, 131
Trd, 259146.900, 121
Trd, 259147.300, 120
Trd, 259147.317, 119
Trd, 259147.383, 119
Trd, 259147.750, 112
Trd, 259147.867, 117
Trd, 259147.900, 118
Trd, 259147.967, 111
Trd, 259147.983, 133
Trd, 259148.183, 115
Trd, 259148.300, 109
Trd, 259148.467, 102
Trd, 259148.867, 110
Trd, 259149.100, 110
Trd, 259149.217, 102
Trd, 259149.433, 99
Trd, 259149.583, 98
Trd, 259149.900, 117
Trd, 259150.000, 115
Trd, 259150.167, 128
Trd, 259151.033, 126
Trd, 259152.050, 127
Trd, 259152.150, 108
Trd, 259152.267, 104
Trd, 259152.467, 99
Trd, 259152.483, 104
Trd, 259152.533, 98
Trd, 259152.733, 97
Trd, 259152.750, 97
Trd, 259153.583, 131
Trd, 259153.700, 126
Trd, 259154.383, 126
Trd, 259154.833, 134
Trd, 259154.917, 134
Trd, 259154.967, 135
Trd, 259155.450, 135
Trd, 259155.550, 133
Trd, 259155.767, 133
Trd, 259156.267, 128
Trd, 259156.783, 127
Trd, 259156.850, 127
Trd, 259157.083, 126
Trd, 259157.333, 131
Trd, 259157.533, 121
Trd, 259157.550, 118
Trd, 259157.750, 132
Trd, 259158.283, 119
Trd, 259159.483, 115
Trd, 259159.517, 114
Trd, 259159.567, 113
Trd, 259159.600, 118
Trd, 259159.800, 112
Trd, 259159.833, 111
Trd, 259159.850, 110
Trd, 259160.200, 110
Trd, 259160.233, 109
Trd, 259160.717, 104
Trd, 259160.750, 98
Trd, 259160.783, 117
Trd, 259161.550, 101
Trd, 259161.700, 100
Trd, 259161.817, 111
Trd, 259161.833, 112
Trd, 259162.150, 115
Trd, 259162.183, 117
Trd, 259162.550, 106
Trd, 259162.700, 105
Trd, 259162.867, 105
Trd, 259163.233, 103
Trd, 259163.267, 114
Trd, 259163.300, 102
Trd, 259163.367, 100
Trd, 259163.600, 108
Trd, 259163.633, 91
Trd, 259163.733, 86
Trd, 259163.817, 85
Trd, 259163.950, 115
Trd, 259164.083, 81
Trd, 259164.383, 117
Trd, 259164.683, 121
Trd, 259165.217, 99
Trd, 259166.050, 126
Trd, 259166.250, 125
Trd, 259166.367, 106
Trd, 259166.400, 105
Trd, 259166.717, 115
Trd, 259167.183, 111
Trd, 259167.667, 129
Trd, 259168.000, 113
Trd, 259168.200, 112
Trd, 259168.517, 112
Trd, 259168.533, 122
Trd, 259168.550, 123
Trd, 259168.667, 132
Trd, 259168.900, 112
Trd, 259169.150, 125
Trd, 259169.450, 122
Trd, 259169.500, 115
Trd, 259169.900, 118
Trd, 259169.917, 133
Trd, 259169.983, 114
Trd, 259170.150, 113
Trd, 259170.317, 111
Trd, 259170.650, 110
Trd, 259170.683, 109
Trd, 259170.700, 109
Trd, 259172.100, 133
Trd, 259172.867, 133
Trd, 259172.883, 132
Trd, 259173.067, 133
Trd, 259173.167, 131
Trd, 259173.550, 118
Trd, 259173.567, 117
Trd, 259173.600, 116
Trd, 259173.683, 115
Trd, 259174.417, 101
Trd, 259174.450, 97
Trd, 259174.633, 97
Trd, 259175.067, 109
Trd, 259175.150, 110
Trd, 259175.267, 111
Trd, 259175.350, 96
Trd, 259175.650, 123
Trd, 259175.850, 123
Trd, 259175.967, 121
Trd, 259176.267, 121
Trd, 259176.517, 121
Trd, 259176.617, 120
Trd, 259176.817, 119
Trd, 259177.000, 118
Trd, 259177.117, 115
Trd, 259177.367, 105
Trd, 259177.450, 111
Trd, 259178.200, 106
Trd, 259178.250, 101
Trd, 259178.333, 115
Trd, 259178.633, 100
Trd, 259178.867, 97
Trd, 259179.267, 140
Trd, 259179.983, 113
Trd, 259180.150, 104
Trd, 259180.450, 104
Trd, 259180.533, 103
Trd, 259180.717, 102
Trd, 259180.867, 101
Trd, 259181.067, 123
Trd, 259181.283, 126
Trd, 259181.300, 119
Trd, 259181.717, 102
Trd, 259181.767, 128
Trd, 259182.517, 127
Trd, 259182.817, 127
Trd, 259183.150, 127
Trd, 259183.300, 126
Trd, 259183.583, 124
Trd, 259183.617, 104
Trd, 259183.667, 102
Trd, 259184.083, 106
Trd, 259184.300, 106
Trd, 259184.617, 105
Trd, 259184.883, 112
Trd, 259185.367, 130
Trd, 259185.550, 128
Trd, 259185.567, 127
Trd, 259185.617, 127
Trd, 259186.100, 112
Trd, 259186.600, 101
Trd, 259186.800, 122
Trd, 259187.050, 113
Trd, 259187.117, 120
Trd, 259187.400, 122
Trd, 259187.517, 123
Trd, 259187.817, 122
Trd, 259187.867, 116
Trd, 259188.283, 121
Trd, 259188.683, 118
Trd, 259188.800, 117
Trd, 259189.100, 116
Trd, 259190.217, 131
Trd, 259190.417, 130
Trd, 259190.800, 132
Trd, 259190.833, 128
Trd, 259190.883, 119
Trd, 259191.117, 115
Trd, 259191.250, 115
Trd, 259191.483, 113
Trd, 259191.600, 116
Trd, 259191.683, 117
Trd, 259191.917, 105
Trd, 259192.150, 113
Trd, 259192.233, 112
Trd, 259192.650, 120
Trd, 259192.733, 115
Trd, 259192.967, 121
Trd, 259193.350, 103
Trd, 259193.567, 101
Trd, 259193.767, 107
Trd, 259193.833, 101
Trd, 259193.867, 101
Trd, 259194.083, 122
Trd, 259194.650, 102
Trd, 259194.667, 92
Trd, 259194.717, 128
Trd, 259195.883, 129
Trd, 259195.900, 128
Trd, 259196.167, 126
Trd, 259196.267, 106
Trd, 259196.717, 128
Trd, 259196.883, 139
Trd, 259197.117, 138
Trd, 259197.400, 128
Trd, 259197.467, 107
Trd, 259197.950, 136
Trd, 259198.267, 135
Trd, 259198.450, 132
Trd, 259198.617, 102
Trd, 259198.800, 127
Trd, 259198.833, 124
Trd, 259199.133, 121
Trd, 259199.467, 106
