Trd, 258578.550, 98
Trd, 258578.983, 120
Trd, 258579.317, 118
Trd, 258579.467, 116
Trd, 258579.500, 119
Trd, 258579.617, 112
Trd, 258579.700, 98
Trd, 258579.850, 120
Trd, 258579.867, 97
Trd, 258580.783, 113
Trd, 258581.167, 94
Trd, 258581.250, 106
Trd, 258581.267, 111
Trd, 258581.300, 114
Trd, 258581.417, 93
Trd, 258581.483, 116
Trd, 258581.533, 92
Trd, 258581.717, 117
Trd, 258581.767, 85
Trd, 258582.150, 112
Trd, 258582.517, 127
Trd, 258582.900, 140
Trd, 258583.750, 140
Trd, 258583.783, 128
Trd, 258584.167, 138
Trd, 258584.667, 123
Trd, 258584.800, 120
Trd, 258584.900, 120
Trd, 258585.000, 124
Trd, 258585.067, 136
Trd, 258585.300, 115
Trd, 258585.533, 107
Trd, 258585.767, 96
Trd, 258585.867, 91
Trd, 258585.983, 83
Trd, 258586.117, 111
Trd, 258586.217, 112
Trd, 258586.283, 73
Trd, 258586.450, 129
Trd, 258586.967, 115
Trd, 258587.117, 101
Trd, 258587.517, 95
Trd, 258587.650, 101
Trd, 258587.767, 98
Trd, 258587.800, 102
Trd, 258587.900, 86
Trd, 258587.933, 69
Trd, 258588.133, 98
Trd, 258588.383, 107
Trd, 258588.567, 134
Trd, 258589.067, 99
Trd, 258589.383, 107
Trd, 258589.700, 139
Trd, 258589.800, 138
Trd, 258589.950, 138
Trd, 258590.833, 138
Trd, 258590.883, 130
Trd, 258592.150, 116
Trd, 258592.283, 111
Trd, 258592.300, 130
Trd, 258592.467, 131
Trd, 258592.533, 108
Trd, 258592.550, 108
Trd, 258592.800, 126
Trd, 258592.833, 113
Trd, 258592.883, 128
Trd, 258592.900, 132
Trd, 258593.117, 132
Trd, 258593.200, 106
Trd, 258593.317, 135
Trd, 258593.367, 110
Trd, 258593.433, 97
Trd, 258593.817, 104
Trd, 258593.900, 114
Trd, 258594.967, 140
Trd, 258595.267, 140
Trd, 258595.533, 140
Trd, 258595.650, 122
Trd, 258595.850, 136
Trd, 258596.583, 122
Trd, 258597.883, 130
Trd, 258598.017, 128
Trd, 258598.383, 137
Trd, 258598.567, 118
Trd, 258598.900, 116
Trd, 258599.117, 135
Trd, 258599.250, 121
Trd, 258599.467, 122
Trd, 258600.117, 133
Trd, 258600.267, 112
Trd, 258600.650, 136
Trd, 258600.983, 133
Trd, 258601.017, 131
Trd, 258601.933, 140
Trd, 258602.067, 137
Trd, 258602.300, 132
Trd, 258602.333, 131
Trd, 258602.367, 125
Trd, 258602.433, 114
Trd, 258602.533, 138
Trd, 258603.050, 126
Trd, 258603.250, 123
Trd, 258603.533, 134
Trd, 258603.667, 134
Trd, 258603.767, 121
Trd, 258603.833, 135
Trd, 258604.150, 109
Trd, 258605.050, 138
Trd, 258605.200, 135
Trd, 258605.233, 112
Trd, 258605.700, 140
Trd, 258605.717, 110
Trd, 258606.150, 108
Trd, 258606.367, 108
Trd, 258606.450, 109
Trd, 258606.633, 109
Trd, 258607.033, 101
Trd, 258607.417, 113
Trd, 258607.500, 128
Trd, 258607.750, 113
Trd, 258608.500, 101
Trd, 258608.733, 100
Trd, 258609.283, 124
Trd, 258609.933, 112
Trd, 258610.033, 106
Trd, 258610.067, 125
Trd, 258610.150, 98
Trd, 258610.267, 120
Trd, 258610.350, 111
Trd, 258610.450, 122
Trd, 258610.700, 115
Trd, 258610.717, 112
Trd, 258611.033, 122
Trd, 258611.283, 127
Trd, 258611.350, 91
Trd, 258611.383, 83
Trd, 258611.483, 105
Trd, 258611.883, 124
Trd, 258611.950, 88
Trd, 258612.033, 82
Trd, 258612.067, 69
Trd, 258612.150, 115
Trd, 258612.300, 125
Trd, 258612.400, 126
Trd, 258612.750, 79
Trd, 258613.617, 126
Trd, 258613.833, 108
Trd, 258613.950, 104
Trd, 258614.133, 122
Trd, 258614.783, 85
Trd, 258614.817, 70
Trd, 258615.383, 139
Trd, 258615.483, 140
Trd, 258615.850, 139
Trd, 258616.533, 127
Trd, 258616.617, 111
Trd, 258616.700, 108
Trd, 258616.750, 107
Trd, 258616.917, 122
Trd, 258617.333, 132
Trd, 258617.533, 140
Trd, 258617.900, 120
Trd, 258618.167, 135
Trd, 258618.250, 136
Trd, 258618.483, 116
Trd, 258618.583, 139
Trd, 258618.683, 116
Trd, 258619.400, 131
Trd, 258619.967, 130
Trd, 258620.300, 129
Trd, 258620.800, 115
Trd, 258621.183, 121
Trd, 258621.517, 116
Trd, 258621.550, 117
Trd, 258621.617, 115
Trd, 258621.833, 114
Trd, 258621.883, 113
Trd, 258622.100, 115
Trd, 258622.383, 112
Trd, 258622.417, 110
Trd, 258622.433, 117
Trd, 258622.533, 118
Trd, 258622.883, 108
Trd, 258623.600, 140
Trd, 258624.533, 129
Trd, 258624.933, 140
Trd, 258625.233, 139
Trd, 258625.333, 139
Trd, 258625.367, 138
Trd, 258625.417, 131
Trd, 258625.500, 116
Trd, 258625.517, 134
Trd, 258625.650, 138
Trd, 258625.950, 137
Trd, 258626.100, 137
Trd, 258627.250, 122
Trd, 258627.383, 119
Trd, 258627.667, 121
Trd, 258627.917, 115
Trd, 258628.017, 106
Trd, 258628.300, 117
Trd, 258628.383, 91
Trd, 258628.483, 85
Trd, 258629.583, 101
Trd, 258629.600, 88
Trd, 258629.650, 85
Trd, 258629.900, 96
Trd, 258630.033, 112
Trd, 258630.167, 111
Trd, 258630.233, 95
Trd, 258630.250, 106
Trd, 258630.500, 110
Trd, 258630.633, 110
Trd, 258630.717, 104
Trd, 258630.867, 100
Trd, 258631.300, 86
Trd, 258631.333, 87
Trd, 258631.617, 88
Trd, 258631.867, 108
Trd, 258632.017, 88
Trd, 258632.233, 140
Trd, 258632.467, 128
Trd, 258633.100, 140
Trd, 258633.167, 134
Trd, 258633.300, 129
Trd, 258633.483, 118
Trd, 258633.967, 100
Trd, 258634.283, 104
Trd, 258634.317, 103
Trd, 258634.400, 105
Trd, 258634.750, 92
Trd, 258635.167, 98
Trd, 258635.633, 106
Trd, 258635.733, 106
Trd, 258635.767, 107
Trd, 258636.250, 104
Trd, 258636.283, 118
Trd, 258636.467, 138
Trd, 258637.417, 140
Trd, 258637.783, 140
Trd, 258637.950, 132
Trd, 258638.017, 124
Trd, 258638.100, 123
Trd, 258638.367, 126
Trd, 258638.683, 140
Trd, 258638.717, 135
Trd, 258638.750, 120
Trd, 258640.133, 129
Trd, 258640.350, 128
Trd, 258640.650, 123
Trd, 258640.800, 117
Trd, 258640.983, 103
Trd, 258641.500, 122
Trd, 258641.533, 123
Trd, 258641.817, 123
Trd, 258641.950, 124
Trd, 258642.083, 125
Trd, 258642.217, 140
Trd, 258642.283, 128
Trd, 258642.450, 140
Trd, 258642.650, 120
Trd, 258643.283, 130
Trd, 258643.783, 115
Trd, 258643.933, 105
Trd, 258644.217, 102
Trd, 258644.333, 124
Trd, 258644.750, 127
Trd, 258645.400, 138
Trd, 258645.617, 138
Trd, 258646.167, 125
Trd, 258646.233, 126
Trd, 258646.500, 114
Trd, 258646.600, 129
Trd, 258646.700, 132
Trd, 258646.817, 103
Trd, 258646.917, 100
Trd, 258647.167, 140
Trd, 258647.383, 108
Trd, 258647.983, 121
Trd, 258648.300, 87
Trd, 258648.367, 136
Trd, 258648.933, 109
Trd, 258649.250, 101
Trd, 258649.467, 128
Trd, 258649.633, 100
Trd, 258649.683, 93
Trd, 258649.883, 90
Trd, 258650.200, 125
Trd, 258650.483, 122
Trd, 258650.633, 84
Trd, 258650.983, 110
Trd, 258651.150, 126
Trd, 258651.300, 126
Trd, 258651.500, 80
Trd, 258651.800, 117
Trd, 258652.083, 125
Trd, 258652.483, 137
Trd, 258652.617, 128
Trd, 258652.967, 126
Trd, 258653.150, 95
Trd, 258653.267, 139
Trd, 258653.383, 138
Trd, 258653.433, 133
Trd, 258653.483, 120
Trd, 258653.667, 111
Trd, 258653.750, 103
Trd, 258653.983, 138
Trd, 258654.483, 140
Trd, 258654.517, 94
Trd, 258654.600, 88
Trd, 258655.183, 128
Trd, 258655.417, 138
Trd, 258655.450, 125
Trd, 258655.783, 128
Trd, 258657.050, 133
Trd, 258657.117, 131
Trd, 258657.233, 130
Trd, 258657.283, 129
Trd, 258657.467, 125
Trd, 258657.767, 124
Trd, 258657.800, 121
Trd, 258657.850, 127
Trd, 258657.933, 110
Trd, 258658.533, 128
Trd, 258658.900, 130
Trd, 258659.017, 108
Trd, 258659.233, 106
Trd, 258659.350, 77
Trd, 258659.583, 125
Trd, 258659.917, 126
Trd, 258660.033, 127
Trd, 258660.450, 126
Trd, 258660.467, 129
Trd, 258660.483, 122
Trd, 258660.583, 104
Trd, 258660.867, 102
Trd, 258660.967, 119
Trd, 258661.100, 120
Trd, 258661.167, 100
Trd, 258661.183, 93
Trd, 258661.633, 119
Trd, 258661.950, 118
Trd, 258662.650, 125
Trd, 258662.833, 140
Trd, 258663.033, 112
Trd, 258663.050, 105
Trd, 258663.750, 140
Trd, 258663.800, 121
Trd, 258663.917, 117
Trd, 258664.117, 132
Trd, 258664.383, 128
Trd, 258664.450, 127
Trd, 258664.567, 119
Trd, 258664.650, 103
Trd, 258664.850, 97
Trd, 258665.617, 139
Trd, 258665.667, 139
Trd, 258666.167, 122
Trd, 258667.217, 140
Trd, 258667.267, 140
Trd, 258667.600, 133
Trd, 258667.767, 127
Trd, 258667.850, 122
Trd, 258668.383, 140
Trd, 258668.417, 124
Trd, 258669.083, 138
Trd, 258669.200, 125
Trd, 258669.733, 140
Trd, 258669.900, 112
Trd, 258670.000, 117
Trd, 258670.600, 123
Trd, 258670.717, 127
Trd, 258670.783, 109
Trd, 258670.800, 127
Trd, 258670.900, 109
Trd, 258671.083, 98
Trd, 258671.467, 103
Trd, 258671.750, 101
Trd, 258671.850, 98
Trd, 258671.933, 103
Trd, 258672.050, 103
Trd, 258672.367, 88
Trd, 258672.550, 104
Trd, 258672.667, 85
Trd, 258672.883, 109
Trd, 258672.967, 117
Trd, 258673.033, 118
Trd, 258673.733, 86
Trd, 258674.067, 108
Trd, 258674.150, 95
Trd, 258674.250, 93
Trd, 258674.417, 78
Trd, 258674.583, 76
Trd, 258674.800, 119
Trd, 258675.000, 87
Trd, 258675.217, 63
Trd, 258675.583, 60
Trd, 258675.617, 60
Trd, 258675.733, 61
Trd, 258675.783, 62
Trd, 258675.967, 115
Trd, 258676.183, 120
Trd, 258676.383, 114
Trd, 258676.967, 137
Trd, 258677.150, 138
Trd, 258677.400, 137
Trd, 258677.467, 128
Trd, 258677.517, 105
Trd, 258678.050, 140
Trd, 258678.200, 140
Trd, 258678.317, 140
Trd, 258678.600, 108
Trd, 258679.267, 138
Trd, 258679.283, 101
Trd, 258680.167, 104
Trd, 258680.333, 136
Trd, 258680.367, 140
Trd, 258680.517, 131
Trd, 258680.717, 131
Trd, 258681.267, 121
Trd, 258681.517, 105
Trd, 258681.667, 138
Trd, 258681.683, 113
Trd, 258682.550, 121
Trd, 258682.617, 128
Trd, 258682.633, 119
Trd, 258682.717, 140
Trd, 258683.017, 106
Trd, 258683.283, 140
Trd, 258683.367, 140
Trd, 258683.450, 121
Trd, 258683.883, 113
Trd, 258684.283, 116
Trd, 258684.700, 139
Trd, 258684.733, 96
Trd, 258685.017, 139
Trd, 258685.133, 135
Trd, 258685.367, 112
Trd, 258685.433, 93
Trd, 258686.267, 112
Trd, 258686.517, 130
Trd, 258686.633, 131
Trd, 258686.683, 109
Trd, 258687.300, 130
Trd, 258687.717, 131
Trd, 258688.367, 115
Trd, 258688.433, 110
Trd, 258688.733, 115
Trd, 258688.967, 130
Trd, 258689.333, 122
Trd, 258689.383, 114
Trd, 258689.400, 126
Trd, 258689.617, 108
Trd, 258689.867, 110
Trd, 258689.983, 111
Trd, 258690.050, 111
Trd, 258690.167, 132
Trd, 258690.217, 134
Trd, 258690.517, 97
Trd, 258690.983, 138
Trd, 258691.050, 137
Trd, 258691.100, 114
Trd, 258691.117, 101
Trd, 258691.617, 140
Trd, 258691.883, 140
Trd, 258692.017, 137
Trd, 258692.333, 122
Trd, 258692.883, 120
Trd, 258693.000, 119
Trd, 258693.100, 101
Trd, 258693.533, 102
Trd, 258693.650, 85
Trd, 258693.783, 101
Trd, 258693.917, 80
Trd, 258693.967, 125
Trd, 258694.233, 101
Trd, 258694.250, 127
Trd, 258694.417, 73
Trd, 258695.367, 93
Trd, 258695.933, 109
Trd, 258696.017, 111
Trd, 258696.283, 108
Trd, 258696.400, 98
Trd, 258696.700, 102
Trd, 258696.983, 110
Trd, 258697.033, 110
Trd, 258697.233, 101
Trd, 258697.583, 109
Trd, 258697.983, 139
Trd, 258698.150, 140
Trd, 258698.383, 139
Trd, 258698.883, 130
Trd, 258700.250, 133
Trd, 258700.350, 114
Trd, 258700.417, 114
Trd, 258700.517, 138
Trd, 258700.667, 107
Trd, 258700.733, 139
Trd, 258701.000, 133
Trd, 258701.267, 121
Trd, 258701.350, 135
Trd, 258701.933, 119
Trd, 258701.950, 116
Trd, 258702.100, 114
Trd, 258702.467, 123
Trd, 258702.917, 117
Trd, 258702.983, 124
Trd, 258703.083, 126
Trd, 258703.283, 126
Trd, 258703.333, 114
Trd, 258703.533, 104
Trd, 258703.633, 125
Trd, 258703.733, 127
Trd, 258703.983, 140
Trd, 258704.517, 140
Trd, 258704.883, 140
Trd, 258704.967, 140
Trd, 258705.150, 132
Trd, 258705.283, 140
Trd, 258705.867, 124
Trd, 258706.000, 122
Trd, 258706.267, 116
Trd, 258706.417, 120
Trd, 258707.200, 106
Trd, 258707.350, 106
Trd, 258707.550, 98
Trd, 258707.700, 97
Trd, 258707.967, 130
Trd, 258708.433, 128
Trd, 258708.567, 114
Trd, 258708.600, 129
Trd, 258708.833, 113
Trd, 258708.883, 111
Trd, 258708.967, 129
Trd, 258709.217, 104
Trd, 258709.367, 93
Trd, 258709.800, 93
Trd, 258710.067, 106
Trd, 258710.200, 107
Trd, 258710.283, 134
Trd, 258710.317, 83
Trd, 258710.533, 101
Trd, 258710.667, 137
Trd, 258711.350, 130
Trd, 258711.417, 115
Trd, 258711.533, 134
Trd, 258711.700, 101
Trd, 258711.750, 101
Trd, 258711.933, 100
Trd, 258712.017, 110
Trd, 258712.767, 111
Trd, 258713.033, 93
Trd, 258713.233, 129
Trd, 258713.567, 114
Trd, 258713.767, 92
Trd, 258713.800, 128
Trd, 258713.967, 118
Trd, 258714.100, 116
Trd, 258714.333, 91
Trd, 258714.517, 122
Trd, 258714.783, 105
Trd, 258714.817, 106
Trd, 258714.867, 85
Trd, 258715.133, 125
Trd, 258715.233, 121
Trd, 258715.683, 139
Trd, 258716.133, 139
Trd, 258717.017, 140
Trd, 258717.183, 140
Trd, 258717.550, 140
Trd, 258717.850, 140
Trd, 258718.050, 138
Trd, 258718.267, 129
Trd, 258718.433, 126
Trd, 258718.750, 139
Trd, 258718.767, 135
Trd, 258718.983, 125
Trd, 258719.017, 120
Trd, 258719.033, 110
Trd, 258719.833, 129
Trd, 258720.167, 108
Trd, 258720.250, 117
Trd, 258720.783, 114
Trd, 258720.917, 113
Trd, 258720.950, 89
Trd, 258721.150, 73
Trd, 258721.183, 112
Trd, 258721.250, 63
Trd, 258721.283, 82
Trd, 258721.450, 114
Trd, 258721.750, 60
Trd, 258721.983, 61
Trd, 258722.117, 62
Trd, 258722.350, 62
Trd, 258722.433, 70
Trd, 258722.833, 138
Trd, 258722.900, 135
Trd, 258723.183, 140
Trd, 258723.633, 139
Trd, 258723.900, 140
Trd, 258724.000, 140
Trd, 258724.133, 117
Trd, 258724.300, 117
Trd, 258724.367, 112
Trd, 258724.550, 111
Trd, 258724.700, 129
Trd, 258724.817, 107
Trd, 258725.150, 130
Trd, 258725.200, 100
Trd, 258725.300, 97
Trd, 258725.500, 140
Trd, 258725.700, 139
Trd, 258726.233, 119
Trd, 258726.867, 110
Trd, 258728.000, 140
Trd, 258728.167, 140
Trd, 258728.550, 140
Trd, 258728.750, 138
Trd, 258729.233, 136
Trd, 258729.733, 112
Trd, 258730.317, 130
Trd, 258730.350, 122
Trd, 258730.400, 113
Trd, 258730.483, 112
Trd, 258730.900, 130
Trd, 258731.100, 128
Trd, 258731.300, 121
Trd, 258731.350, 120
Trd, 258731.467, 120
Trd, 258731.900, 133
Trd, 258732.167, 123
Trd, 258732.367, 118
Trd, 258732.783, 109
Trd, 258733.233, 139
Trd, 258733.300, 126
Trd, 258733.383, 125
Trd, 258733.400, 125
Trd, 258733.583, 124
Trd, 258734.183, 139
Trd, 258734.383, 121
Trd, 258734.683, 130
Trd, 258734.717, 116
Trd, 258735.867, 120
Trd, 258736.150, 115
Trd, 258736.650, 108
Trd, 258736.850, 123
Trd, 258736.900, 99
Trd, 258736.967, 100
Trd, 258737.000, 90
Trd, 258737.333, 120
Trd, 258737.400, 120
Trd, 258738.100, 93
Trd, 258738.283, 98
Trd, 258738.383, 120
Trd, 258738.483, 121
Trd, 258738.533, 121
Trd, 258738.550, 96
Trd, 258738.950, 139
Trd, 258739.567, 110
Trd, 258740.117, 116
Trd, 258740.200, 117
Trd, 258740.367, 119
Trd, 258741.117, 112
Trd, 258741.183, 140
Trd, 258741.500, 139
Trd, 258741.717, 121
Trd, 258741.867, 104
Trd, 258742.033, 103
Trd, 258742.050, 99
Trd, 258742.817, 103
Trd, 258742.950, 138
Trd, 258743.450, 140
Trd, 258743.483, 140
Trd, 258743.983, 132
Trd, 258744.033, 104
Trd, 258744.483, 100
Trd, 258745.017, 104
Trd, 258745.233, 121
Trd, 258745.400, 106
Trd, 258745.667, 89
Trd, 258745.783, 87
Trd, 258745.950, 82
Trd, 258746.050, 91
Trd, 258746.100, 101
Trd, 258746.183, 129
Trd, 258746.233, 130
Trd, 258746.583, 136
Trd, 258746.717, 137
Trd, 258747.033, 132
Trd, 258747.100, 115
Trd, 258747.133, 104
Trd, 258747.250, 106
Trd, 258747.333, 111
Trd, 258747.500, 98
Trd, 258747.533, 128
Trd, 258747.633, 132
Trd, 258747.650, 97
Trd, 258748.300, 123
Trd, 258748.467, 132
Trd, 258749.033, 120
Trd, 258749.783, 113
Trd, 258749.950, 112
Trd, 258750.283, 138
Trd, 258750.500, 112
Trd, 258750.533, 135
Trd, 258750.817, 116
Trd, 258750.917, 134
Trd, 258750.933, 95
Trd, 258750.967, 95
Trd, 258751.283, 83
Trd, 258751.367, 132
Trd, 258751.883, 130
Trd, 258752.550, 111
Trd, 258752.567, 97
Trd, 258752.583, 114
Trd, 258752.667, 130
Trd, 258753.400, 135
Trd, 258753.417, 134
Trd, 258754.200, 99
Trd, 258754.233, 112
Trd, 258754.433, 83
Trd, 258755.217, 76
Trd, 258755.600, 104
Trd, 258755.667, 90
Trd, 258755.683, 85
Trd, 258755.817, 85
Trd, 258756.067, 74
Trd, 258756.550, 86
Trd, 258756.567, 100
Trd, 258756.933, 79
Trd, 258757.283, 94
Trd, 258757.350, 95
Trd, 258757.367, 78
Trd, 258757.550, 96
Trd, 258757.950, 78
Trd, 258758.017, 96
Trd, 258758.100, 97
Trd, 258758.333, 140
Trd, 258758.450, 140
Trd, 258759.300, 139
Trd, 258759.500, 122
Trd, 258759.667, 116
Trd, 258760.250, 117
Trd, 258760.350, 105
Trd, 258760.650, 108
Trd, 258760.950, 121
Trd, 258761.017, 137
Trd, 258761.100, 103
Trd, 258761.283, 115
Trd, 258761.300, 101
Trd, 258761.867, 134
Trd, 258762.333, 105
Trd, 258762.567, 123
Trd, 258762.650, 133
Trd, 258762.883, 136
Trd, 258763.317, 118
Trd, 258763.333, 106
Trd, 258763.433, 125
Trd, 258763.900, 121
Trd, 258764.033, 135
Trd, 258764.100, 136
Trd, 258764.583, 134
Trd, 258764.600, 118
Trd, 258764.650, 108
Trd, 258764.800, 107
Trd, 258765.067, 113
Trd, 258765.283, 131
Trd, 258765.600, 114
Trd, 258765.833, 114
Trd, 258765.867, 129
Trd, 258765.967, 113
Trd, 258765.983, 131
Trd, 258766.083, 112
Trd, 258766.150, 108
Trd, 258766.433, 131
Trd, 258766.683, 112
Trd, 258767.083, 85
Trd, 258767.133, 113
Trd, 258767.833, 99
Trd, 258768.183, 98
Trd, 258768.517, 126
Trd, 258768.550, 80
Trd, 258768.817, 117
Trd, 258769.000, 87
Trd, 258769.083, 94
Trd, 258769.150, 94
Trd, 258769.367, 140
Trd, 258769.733, 75
Trd, 258770.000, 71
Trd, 258770.183, 112
Trd, 258770.733, 73
Trd, 258770.917, 72
Trd, 258771.000, 86
Trd, 258771.050, 81
Trd, 258771.217, 87
Trd, 258771.283, 87
Trd, 258771.300, 112
Trd, 258771.450, 117
Trd, 258771.967, 97
Trd, 258773.067, 139
Trd, 258773.150, 124
Trd, 258773.533, 137
Trd, 258773.567, 120
Trd, 258773.633, 93
Trd, 258773.900, 108
Trd, 258774.467, 126
Trd, 258774.850, 111
Trd, 258775.033, 110
Trd, 258775.433, 140
Trd, 258775.533, 106
Trd, 258776.200, 130
Trd, 258776.217, 126
Trd, 258776.317, 103
Trd, 258776.533, 102
Trd, 258776.800, 84
Trd, 258776.917, 79
Trd, 258777.133, 128
Trd, 258777.200, 130
Trd, 258777.367, 127
Trd, 258777.617, 100
Trd, 258777.817, 128
Trd, 258778.233, 100
Trd, 258778.283, 125
Trd, 258778.483, 128
Trd, 258778.767, 103
Trd, 258778.917, 140
Trd, 258779.050, 139
Trd, 258779.183, 102
Trd, 258779.567, 98
Trd, 258779.700, 119
Trd, 258780.300, 140
Trd, 258780.433, 128
Trd, 258780.633, 117
Trd, 258780.683, 107
Trd, 258781.017, 83
Trd, 258781.467, 81
Trd, 258781.533, 81
Trd, 258781.600, 82
Trd, 258781.633, 65
Trd, 258782.000, 60
Trd, 258782.083, 64
Trd, 258782.983, 62
Trd, 258783.017, 67
Trd, 258783.400, 66
Trd, 258783.750, 65
Trd, 258784.100, 67
Trd, 258784.450, 64
Trd, 258784.617, 65
Trd, 258784.783, 66
Trd, 258784.983, 66
Trd, 258785.050, 67
Trd, 258785.450, 66
Trd, 258785.533, 67
Trd, 258785.800, 60
Trd, 258785.950, 68
Trd, 258786.117, 112
Trd, 258786.300, 129
Trd, 258786.433, 138
Trd, 258786.717, 136
Trd, 258787.133, 89
Trd, 258787.333, 73
Trd, 258788.383, 140
Trd, 258788.500, 137
Trd, 258788.633, 124
Trd, 258788.883, 118
Trd, 258789.000, 113
Trd, 258789.183, 137
Trd, 258789.683, 116
Trd, 258790.300, 140
Trd, 258790.417, 139
Trd, 258790.717, 138
Trd, 258790.733, 121
Trd, 258791.433, 139
Trd, 258791.483, 129
Trd, 258791.600, 121
Trd, 258791.817, 114
Trd, 258791.867, 100
Trd, 258792.467, 126
Trd, 258792.717, 125
Trd, 258792.983, 115
Trd, 258793.000, 127
Trd, 258793.017, 101
Trd, 258793.100, 97
Trd, 258793.267, 117
Trd, 258793.517, 99
Trd, 258793.533, 131
Trd, 258793.600, 78
Trd, 258793.967, 127
Trd, 258794.233, 114
Trd, 258794.250, 126
Trd, 258794.650, 127
Trd, 258794.717, 126
Trd, 258794.750, 115
Trd, 258795.333, 123
Trd, 258795.717, 124
Trd, 258795.817, 105
Trd, 258795.967, 131
Trd, 258796.083, 104
Trd, 258796.467, 126
Trd, 258796.483, 129
Trd, 258796.700, 130
Trd, 258796.933, 118
Trd, 258797.000, 131
Trd, 258797.050, 117
Trd, 258797.433, 120
Trd, 258797.600, 118
Trd, 258797.783, 132
Trd, 258797.933, 133
Trd, 258798.017, 130
Trd, 258798.400, 109
Trd, 258798.617, 108
Trd, 258798.900, 137
Trd, 258799.883, 140
Trd, 258800.467, 140
Trd, 258800.550, 140
Trd, 258801.150, 107
Trd, 258801.583, 82
Trd, 258801.800, 81
Trd, 258801.983, 107
Trd, 258802.000, 108
Trd, 258802.550, 140
Trd, 258802.917, 112
Trd, 258803.017, 112
Trd, 258803.117, 138
Trd, 258803.167, 93
Trd, 258803.233, 93
Trd, 258803.333, 99
Trd, 258803.633, 132
Trd, 258803.650, 99
Trd, 258803.933, 119
Trd, 258804.217, 109
Trd, 258804.417, 107
Trd, 258804.833, 105
Trd, 258805.283, 131
Trd, 258805.467, 134
Trd, 258805.583, 116
Trd, 258805.683, 87
Trd, 258806.050, 121
Trd, 258806.217, 129
Trd, 258806.567, 98
Trd, 258806.867, 126
Trd, 258807.183, 129
Trd, 258807.217, 98
Trd, 258807.433, 135
Trd, 258807.733, 115
Trd, 258807.833, 124
Trd, 258808.167, 98
Trd, 258808.317, 140
Trd, 258808.833, 122
Trd, 258808.867, 117
Trd, 258809.167, 97
Trd, 258809.867, 140
Trd, 258810.317, 127
Trd, 258810.567, 124
Trd, 258810.733, 132
Trd, 258810.817, 135
Trd, 258810.850, 112
Trd, 258811.750, 140
Trd, 258812.067, 140
Trd, 258812.200, 140
Trd, 258812.983, 137
Trd, 258813.350, 139
Trd, 258813.583, 138
Trd, 258813.650, 138
Trd, 258813.750, 137
Trd, 258814.217, 126
Trd, 258814.317, 139
Trd, 258814.367, 120
Trd, 258814.450, 116
Trd, 258814.750, 112
Trd, 258814.817, 114
Trd, 258815.100, 114
Trd, 258815.150, 110
Trd, 258815.617, 110
Trd, 258815.683, 111
Trd, 258815.850, 107
Trd, 258815.867, 105
Trd, 258816.050, 98
Trd, 258816.200, 120
Trd, 258816.567, 81
Trd, 258816.617, 104
Trd, 258816.933, 97
Trd, 258817.983, 140
Trd, 258818.033, 128
Trd, 258818.233, 127
Trd, 258818.250, 119
Trd, 258818.417, 115
Trd, 258818.617, 113
Trd, 258818.833, 112
Trd, 258819.000, 109
Trd, 258819.133, 111
Trd, 258819.300, 109
Trd, 258819.533, 108
Trd, 258819.550, 110
Trd, 258819.767, 99
Trd, 258819.967, 111
Trd, 258820.283, 89
Trd, 258820.633, 139
Trd, 258820.650, 139
Trd, 258821.517, 138
Trd, 258822.167, 136
Trd, 258822.283, 123
Trd, 258822.417, 122
Trd, 258822.467, 118
Trd, 258822.550, 117
Trd, 258822.583, 114
Trd, 258823.133, 134
Trd, 258823.217, 124
Trd, 258823.417, 139
Trd, 258823.517, 115
Trd, 258823.817, 106
Trd, 258823.917, 92
Trd, 258824.400, 120
Trd, 258824.700, 135
Trd, 258824.967, 134
Trd, 258824.983, 136
Trd, 258825.217, 138
Trd, 258825.783, 138
Trd, 258826.033, 138
Trd, 258826.050, 133
Trd, 258826.467, 133
Trd, 258826.750, 131
Trd, 258826.800, 129
Trd, 258826.883, 121
Trd, 258827.167, 130
Trd, 258827.450, 131
Trd, 258827.500, 117
Trd, 258827.767, 120
Trd, 258827.833, 113
Trd, 258827.917, 105
Trd, 258828.350, 90
Trd, 258828.383, 125
Trd, 258828.617, 103
Trd, 258828.633, 86
Trd, 258828.800, 81
Trd, 258828.833, 106
Trd, 258828.967, 128
Trd, 258829.367, 80
Trd, 258829.567, 82
Trd, 258829.700, 83
Trd, 258829.750, 84
Trd, 258829.767, 84
Trd, 258830.283, 101
Trd, 258830.867, 118
Trd, 258831.150, 140
Trd, 258831.950, 138
Trd, 258832.000, 125
Trd, 258832.367, 120
Trd, 258832.617, 120
Trd, 258832.733, 135
Trd, 258832.817, 117
Trd, 258832.950, 106
Trd, 258833.250, 136
Trd, 258833.583, 119
Trd, 258833.833, 105
Trd, 258833.983, 135
Trd, 258834.033, 127
Trd, 258834.333, 131
Trd, 258834.617, 120
Trd, 258835.000, 129
Trd, 258835.083, 129
Trd, 258835.400, 130
Trd, 258835.450, 101
Trd, 258835.667, 129
Trd, 258835.867, 98
Trd, 258836.000, 109
Trd, 258836.117, 94
Trd, 258836.683, 130
Trd, 258836.950, 127
Trd, 258837.000, 118
Trd, 258837.133, 116
Trd, 258837.233, 106
Trd, 258837.417, 128
Trd, 258838.433, 140
Trd, 258838.667, 139
Trd, 258838.700, 119
Trd, 258839.233, 140
Trd, 258839.383, 119
Trd, 258839.467, 138
Trd, 258839.900, 140
Trd, 258840.000, 139
Trd, 258840.417, 125
Trd, 258841.100, 136
Trd, 258841.217, 137
Trd, 258841.533, 127
Trd, 258841.700, 132
Trd, 258841.733, 133
Trd, 258841.983, 132
Trd, 258842.033, 133
Trd, 258842.617, 117
Trd, 258842.633, 106
Trd, 258842.683, 102
Trd, 258842.700, 133
Trd, 258843.633, 137
Trd, 258843.833, 123
Trd, 258843.900, 124
Trd, 258844.050, 123
Trd, 258844.133, 117
Trd, 258844.617, 137
Trd, 258845.617, 139
Trd, 258845.633, 125
Trd, 258845.667, 115
Trd, 258845.950, 129
Trd, 258845.967, 116
Trd, 258846.500, 140
Trd, 258846.783, 140
Trd, 258846.833, 139
Trd, 258846.950, 119
Trd, 258848.117, 140
Trd, 258848.333, 140
Trd, 258848.567, 114
Trd, 258848.700, 122
Trd, 258848.717, 140
Trd, 258848.767, 118
Trd, 258849.300, 120
Trd, 258849.383, 109
Trd, 258849.417, 108
Trd, 258849.483, 92
Trd, 258849.550, 119
Trd, 258849.717, 99
Trd, 258850.183, 132
Trd, 258850.233, 102
Trd, 258850.533, 109
Trd, 258850.883, 111
Trd, 258850.950, 104
Trd, 258851.050, 93
Trd, 258851.183, 89
Trd, 258851.733, 62
Trd, 258851.767, 112
Trd, 258851.850, 112
Trd, 258852.150, 107
Trd, 258852.367, 127
Trd, 258852.833, 120
Trd, 258853.533, 86
Trd, 258853.867, 85
Trd, 258853.983, 84
Trd, 258854.017, 87
Trd, 258854.050, 83
Trd, 258854.117, 86
Trd, 258854.133, 95
Trd, 258854.500, 109
Trd, 258854.550, 123
Trd, 258854.783, 124
Trd, 258855.417, 115
Trd, 258855.567, 105
Trd, 258855.883, 139
Trd, 258855.967, 128
Trd, 258856.167, 105
Trd, 258856.783, 131
Trd, 258856.967, 134
Trd, 258857.667, 131
Trd, 258857.817, 125
Trd, 258857.917, 108
Trd, 258857.967, 136
Trd, 258858.283, 106
Trd, 258858.350, 99
Trd, 258858.417, 97
Trd, 258858.450, 136
Trd, 258858.933, 116
Trd, 258859.100, 137
Trd, 258859.133, 110
Trd, 258859.667, 129
Trd, 258860.300, 128
Trd, 258860.367, 138
Trd, 258860.467, 113
Trd, 258860.650, 114
Trd, 258860.667, 112
Trd, 258860.817, 106
Trd, 258860.883, 97
Trd, 258861.000, 99
Trd, 258861.267, 108
Trd, 258861.333, 79
Trd, 258861.800, 91
Trd, 258862.050, 106
Trd, 258862.350, 97
Trd, 258862.367, 86
Trd, 258862.583, 83
Trd, 258862.667, 105
Trd, 258862.783, 107
Trd, 258862.833, 82
Trd, 258862.917, 108
Trd, 258863.300, 140
Trd, 258863.583, 140
Trd, 258864.267, 129
Trd, 258864.467, 118
Trd, 258864.483, 139
Trd, 258864.817, 130
Trd, 258864.950, 118
Trd, 258865.000, 113
Trd, 258866.383, 130
Trd, 258866.683, 120
Trd, 258866.767, 116
Trd, 258866.850, 110
Trd, 258866.900, 106
Trd, 258867.200, 110
Trd, 258867.567, 90
Trd, 258868.383, 93
Trd, 258868.517, 103
Trd, 258868.583, 103
Trd, 258868.650, 92
Trd, 258868.667, 104
Trd, 258868.750, 105
Trd, 258868.917, 91
Trd, 258868.950, 106
Trd, 258869.050, 123
Trd, 258869.150, 124
Trd, 258869.333, 115
Trd, 258869.383, 126
Trd, 258869.600, 102
Trd, 258869.683, 129
Trd, 258869.850, 98
Trd, 258870.183, 126
Trd, 258870.367, 126
Trd, 258870.383, 114
Trd, 258870.400, 130
Trd, 258870.417, 134
Trd, 258870.600, 98
Trd, 258870.617, 86
Trd, 258870.817, 107
Trd, 258871.133, 102
Trd, 258871.350, 125
Trd, 258871.450, 86
Trd, 258871.650, 85
Trd, 258871.967, 85
Trd, 258872.183, 80
Trd, 258872.417, 116
Trd, 258873.267, 140
Trd, 258873.667, 140
Trd, 258874.550, 140
Trd, 258874.633, 135
Trd, 258874.917, 135
Trd, 258875.700, 132
Trd, 258875.800, 134
Trd, 258876.883, 122
Trd, 258877.267, 126
Trd, 258877.367, 123
Trd, 258877.617, 126
Trd, 258877.633, 127
Trd, 258877.700, 120
Trd, 258877.967, 118
Trd, 258878.017, 114
Trd, 258878.300, 132
Trd, 258878.350, 116
Trd, 258878.383, 104
Trd, 258878.450, 118
Trd, 258878.583, 138
Trd, 258878.983, 139
Trd, 258879.100, 134
Trd, 258879.250, 117
Trd, 258879.333, 103
Trd, 258879.433, 102
Trd, 258879.517, 102
Trd, 258879.617, 84
Trd, 258879.867, 73
Trd, 258880.600, 63
Trd, 258880.733, 124
Trd, 258880.900, 96
Trd, 258881.000, 86
Trd, 258881.550, 130
Trd, 258881.717, 114
Trd, 258881.850, 101
Trd, 258881.900, 101
Trd, 258882.000, 105
Trd, 258882.517, 123
Trd, 258882.567, 101
Trd, 258882.583, 81
Trd, 258882.883, 123
Trd, 258883.033, 124
Trd, 258883.217, 124
Trd, 258883.383, 108
Trd, 258883.450, 130
Trd, 258883.567, 106
Trd, 258883.650, 102
Trd, 258884.383, 123
Trd, 258884.450, 99
Trd, 258884.917, 100
Trd, 258885.033, 128
Trd, 258885.433, 122
Trd, 258885.617, 121
Trd, 258885.850, 109
Trd, 258886.350, 95
Trd, 258886.383, 124
Trd, 258886.517, 85
Trd, 258886.667, 106
Trd, 258886.733, 73
Trd, 258886.750, 125
Trd, 258886.833, 126
Trd, 258887.517, 86
Trd, 258887.833, 102
Trd, 258888.117, 120
Trd, 258888.583, 97
Trd, 258888.633, 95
Trd, 258888.917, 102
Trd, 258889.000, 118
Trd, 258889.083, 121
Trd, 258889.250, 100
Trd, 258889.400, 99
Trd, 258889.667, 101
Trd, 258890.050, 121
Trd, 258890.067, 107
Trd, 258890.417, 122
Trd, 258890.450, 96
Trd, 258890.750, 106
Trd, 258890.917, 128
Trd, 258891.433, 119
Trd, 258891.483, 118
Trd, 258892.217, 126
Trd, 258892.367, 110
Trd, 258892.967, 125
Trd, 258892.983, 122
Trd, 258893.417, 125
Trd, 258893.467, 124
Trd, 258893.483, 122
Trd, 258893.867, 123
Trd, 258894.217, 121
Trd, 258894.317, 126
Trd, 258894.733, 132
Trd, 258894.800, 111
Trd, 258894.900, 134
Trd, 258895.167, 137
Trd, 258895.533, 102
Trd, 258895.650, 98
Trd, 258895.817, 93
Trd, 258895.967, 86
Trd, 258896.200, 93
Trd, 258896.250, 120
Trd, 258896.450, 131
Trd, 258896.500, 71
Trd, 258896.717, 133
Trd, 258897.283, 139
Trd, 258897.350, 139
Trd, 258897.467, 118
Trd, 258898.083, 101
Trd, 258898.617, 113
Trd, 258898.733, 121
Trd, 258899.633, 116
Trd, 258899.917, 116
Trd, 258900.150, 115
Trd, 258900.317, 122
Trd, 258900.583, 122
Trd, 258900.617, 112
Trd, 258900.833, 112
Trd, 258901.000, 110
Trd, 258901.033, 126
Trd, 258901.067, 106
Trd, 258901.200, 127
Trd, 258901.267, 138
Trd, 258901.867, 122
Trd, 258902.150, 140
Trd, 258902.667, 123
Trd, 258902.717, 99
Trd, 258903.250, 138
Trd, 258903.533, 140
Trd, 258903.867, 140
Trd, 258903.967, 139
Trd, 258904.100, 104
Trd, 258904.467, 124
Trd, 258904.567, 111
Trd, 258904.733, 118
Trd, 258905.250, 138
Trd, 258905.267, 139
Trd, 258905.983, 140
Trd, 258906.050, 140
Trd, 258906.067, 137
Trd, 258906.417, 139
Trd, 258906.717, 122
Trd, 258906.933, 140
Trd, 258907.100, 120
Trd, 258907.367, 137
Trd, 258907.650, 123
Trd, 258907.800, 116
Trd, 258907.833, 114
Trd, 258907.883, 113
Trd, 258908.867, 136
Trd, 258909.500, 138
Trd, 258910.133, 140
Trd, 258910.167, 138
Trd, 258910.633, 136
Trd, 258910.717, 140
Trd, 258910.850, 138
Trd, 258911.000, 132
Trd, 258911.167, 121
Trd, 258911.467, 119
Trd, 258911.517, 115
Trd, 258911.567, 111
Trd, 258911.700, 133
Trd, 258911.800, 99
Trd, 258911.900, 86
Trd, 258912.050, 87
Trd, 258912.150, 87
Trd, 258912.217, 85
Trd, 258912.267, 84
Trd, 258912.350, 132
Trd, 258912.533, 111
Trd, 258912.800, 125
Trd, 258912.833, 133
Trd, 258913.133, 119
Trd, 258913.533, 114
Trd, 258914.283, 123
Trd, 258914.717, 124
Trd, 258914.783, 79
Trd, 258915.200, 89
Trd, 258915.217, 112
Trd, 258915.517, 93
Trd, 258915.767, 100
Trd, 258915.800, 91
Trd, 258915.883, 80
Trd, 258916.233, 102
Trd, 258916.283, 99
Trd, 258916.367, 103
Trd, 258916.483, 103
Trd, 258916.783, 80
Trd, 258916.833, 112
Trd, 258916.900, 101
Trd, 258917.167, 75
Trd, 258917.267, 110
Trd, 258917.617, 102
Trd, 258917.850, 103
Trd, 258918.050, 107
Trd, 258918.083, 137
Trd, 258918.283, 100
Trd, 258918.783, 105
Trd, 258919.017, 105
Trd, 258919.083, 104
Trd, 258919.100, 106
Trd, 258919.400, 113
Trd, 258919.450, 79
Trd, 258919.550, 140
Trd, 258920.067, 132
Trd, 258920.383, 140
Trd, 258921.183, 140
Trd, 258921.300, 140
Trd, 258921.567, 131
Trd, 258922.000, 140
Trd, 258922.017, 131
Trd, 258922.400, 113
Trd, 258922.833, 123
Trd, 258923.283, 121
Trd, 258923.333, 120
Trd, 258923.367, 123
Trd, 258923.383, 112
Trd, 258923.433, 117
Trd, 258923.567, 126
Trd, 258923.817, 111
Trd, 258924.133, 126
Trd, 258924.233, 92
Trd, 258924.300, 127
Trd, 258924.433, 115
Trd, 258924.617, 70
Trd, 258924.650, 126
Trd, 258924.700, 69
Trd, 258924.800, 62
Trd, 258925.017, 106
Trd, 258925.483, 123
Trd, 258925.950, 138
Trd, 258926.333, 111
Trd, 258926.367, 109
Trd, 258926.533, 140
Trd, 258927.033, 140
Trd, 258927.117, 140
Trd, 258927.633, 140
Trd, 258927.733, 138
Trd, 258927.850, 127
Trd, 258927.917, 126
Trd, 258927.967, 126
Trd, 258928.600, 125
Trd, 258929.200, 100
Trd, 258929.367, 109
Trd, 258929.817, 128
Trd, 258929.867, 117
Trd, 258929.950, 128
Trd, 258930.167, 88
Trd, 258930.267, 127
Trd, 258930.733, 124
Trd, 258931.250, 122
Trd, 258931.683, 119
Trd, 258931.733, 123
Trd, 258931.933, 123
Trd, 258932.267, 124
Trd, 258932.483, 123
Trd, 258933.083, 128
Trd, 258933.100, 118
Trd, 258933.150, 116
Trd, 258933.350, 101
Trd, 258933.367, 102
Trd, 258933.883, 138
Trd, 258933.917, 99
Trd, 258934.083, 97
Trd, 258934.383, 140
Trd, 258934.550, 133
Trd, 258934.617, 123
Trd, 258934.717, 118
Trd, 258934.967, 99
Trd, 258935.083, 140
Trd, 258935.317, 137
Trd, 258935.717, 120
Trd, 258935.783, 119
Trd, 258936.050, 118
Trd, 258936.333, 91
Trd, 258936.650, 101
Trd, 258936.733, 94
Trd, 258936.783, 102
Trd, 258936.850, 106
Trd, 258937.117, 116
Trd, 258937.917, 140
Trd, 258939.050, 123
Trd, 258939.317, 119
Trd, 258939.617, 111
Trd, 258939.633, 109
Trd, 258939.650, 94
Trd, 258939.933, 111
Trd, 258940.150, 109
Trd, 258940.317, 110
Trd, 258940.450, 112
Trd, 258940.667, 114
Trd, 258940.767, 120
Trd, 258941.250, 129
Trd, 258941.467, 123
Trd, 258941.583, 122
Trd, 258941.750, 105
Trd, 258941.767, 105
Trd, 258941.867, 100
Trd, 258942.067, 98
Trd, 258942.200, 97
Trd, 258942.633, 131
Trd, 258942.733, 140
Trd, 258942.883, 109
Trd, 258943.167, 137
Trd, 258943.267, 128
Trd, 258943.333, 138
Trd, 258944.133, 140
Trd, 258944.150, 133
Trd, 258944.533, 139
Trd, 258945.083, 114
Trd, 258945.483, 139
Trd, 258945.650, 113
Trd, 258945.750, 109
Trd, 258945.933, 105
Trd, 258946.017, 94
Trd, 258946.233, 118
Trd, 258946.767, 121
Trd, 258947.300, 114
Trd, 258947.583, 122
Trd, 258948.217, 134
Trd, 258948.650, 136
Trd, 258949.067, 133
Trd, 258949.233, 140
Trd, 258949.467, 140
Trd, 258949.533, 127
Trd, 258949.617, 126
Trd, 258950.333, 140
Trd, 258950.433, 126
Trd, 258950.483, 121
Trd, 258950.967, 138
Trd, 258951.400, 138
Trd, 258951.433, 139
Trd, 258951.617, 130
Trd, 258951.867, 136
Trd, 258952.133, 136
Trd, 258952.283, 123
Trd, 258952.633, 123
Trd, 258952.750, 122
Trd, 258952.833, 115
Trd, 258953.300, 135
Trd, 258953.383, 112
Trd, 258953.417, 110
Trd, 258953.750, 107
Trd, 258954.100, 118
Trd, 258954.317, 131
Trd, 258954.533, 130
Trd, 258954.583, 131
Trd, 258954.717, 104
Trd, 258954.817, 127
Trd, 258955.067, 115
Trd, 258955.167, 129
Trd, 258955.200, 118
Trd, 258955.783, 139
Trd, 258956.067, 139
Trd, 258956.167, 107
Trd, 258956.633, 134
Trd, 258956.950, 126
Trd, 258957.317, 132
Trd, 258957.483, 121
Trd, 258957.817, 108
Trd, 258957.933, 107
Trd, 258958.050, 106
Trd, 258958.067, 94
Trd, 258958.317, 95
Trd, 258958.533, 93
Trd, 258958.600, 122
Trd, 258958.683, 122
Trd, 258958.733, 73
Trd, 258959.433, 138
Trd, 258959.567, 126
Trd, 258960.050, 99
Trd, 258960.350, 98
Trd, 258960.450, 92
Trd, 258960.883, 140
Trd, 258961.017, 140
Trd, 258961.250, 134
Trd, 258961.383, 111
Trd, 258961.533, 113
Trd, 258961.717, 104
Trd, 258962.183, 140
Trd, 258962.417, 123
Trd, 258962.817, 112
Trd, 258962.850, 111
Trd, 258963.050, 92
Trd, 258963.400, 78
Trd, 258963.450, 96
Trd, 258963.583, 123
Trd, 258964.100, 93
Trd, 258964.317, 86
Trd, 258964.433, 118
Trd, 258964.800, 112
Trd, 258964.900, 118
Trd, 258965.000, 117
Trd, 258965.200, 119
Trd, 258965.233, 112
Trd, 258965.400, 119
Trd, 258965.867, 119
Trd, 258965.900, 121
Trd, 258965.950, 100
Trd, 258966.267, 136
Trd, 258966.833, 75
Trd, 258967.017, 72
Trd, 258967.117, 140
Trd, 258967.583, 135
Trd, 258967.617, 134
Trd, 258968.417, 140
Trd, 258968.700, 140
Trd, 258969.117, 140
Trd, 258969.250, 136
Trd, 258969.300, 135
Trd, 258969.367, 129
Trd, 258969.483, 121
Trd, 258969.817, 138
Trd, 258969.983, 114
Trd, 258970.050, 100
Trd, 258970.083, 100
Trd, 258970.483, 126
Trd, 258970.500, 127
Trd, 258970.833, 121
Trd, 258970.867, 122
Trd, 258971.000, 111
Trd, 258971.183, 87
Trd, 258971.283, 73
Trd, 258971.667, 68
Trd, 258971.717, 73
Trd, 258972.017, 74
Trd, 258972.633, 140
Trd, 258972.750, 124
Trd, 258972.867, 123
Trd, 258972.900, 120
Trd, 258973.283, 140
Trd, 258974.150, 140
Trd, 258974.233, 132
Trd, 258974.250, 131
Trd, 258974.317, 116
Trd, 258974.400, 110
Trd, 258974.433, 106
Trd, 258974.750, 138
Trd, 258974.950, 130
Trd, 258975.333, 138
Trd, 258975.417, 104
Trd, 258975.933, 79
Trd, 258976.183, 111
Trd, 258976.350, 84
Trd, 258976.433, 76
Trd, 258976.650, 122
Trd, 258976.900, 91
Trd, 258977.267, 108
Trd, 258978.100, 116
Trd, 258978.283, 122
Trd, 258978.350, 101
Trd, 258978.367, 124
Trd, 258978.417, 93
Trd, 258978.567, 134
Trd, 258978.800, 134
Trd, 258979.050, 135
Trd, 258979.217, 135
Trd, 258979.250, 136
Trd, 258979.617, 133
Trd, 258979.667, 112
Trd, 258979.867, 135
Trd, 258980.150, 136
Trd, 258981.050, 139
Trd, 258981.217, 111
Trd, 258982.033, 140
Trd, 258982.250, 139
Trd, 258982.517, 139
Trd, 258982.567, 138
Trd, 258982.700, 114
Trd, 258983.400, 140
Trd, 258983.867, 140
Trd, 258983.883, 139
Trd, 258983.933, 124
Trd, 258983.983, 120
Trd, 258984.650, 135
Trd, 258984.950, 140
Trd, 258985.033, 134
Trd, 258985.350, 120
Trd, 258985.700, 139
Trd, 258985.750, 138
Trd, 258985.883, 132
Trd, 258986.067, 131
Trd, 258986.117, 119
Trd, 258986.267, 111
Trd, 258986.583, 135
Trd, 258986.967, 129
Trd, 258987.533, 110
Trd, 258987.617, 123
Trd, 258987.717, 108
Trd, 258988.217, 121
Trd, 258988.317, 123
Trd, 258988.567, 118
Trd, 258988.633, 112
Trd, 258988.750, 101
Trd, 258988.983, 87
Trd, 258989.000, 89
Trd, 258989.050, 139
Trd, 258989.133, 139
Trd, 258989.450, 83
Trd, 258989.767, 84
Trd, 258989.867, 75
Trd, 258989.983, 112
Trd, 258991.383, 140
Trd, 258991.617, 140
Trd, 258991.933, 138
Trd, 258992.000, 131
Trd, 258992.350, 122
Trd, 258992.400, 117
Trd, 258992.517, 138
Trd, 258992.717, 139
Trd, 258992.950, 107
Trd, 258993.683, 139
Trd, 258993.867, 137
Trd, 258994.317, 136
Trd, 258994.750, 121
Trd, 258994.800, 120
Trd, 258994.883, 123
Trd, 258994.933, 131
Trd, 258995.000, 132
Trd, 258995.133, 113
Trd, 258995.183, 113
Trd, 258995.233, 105
Trd, 258995.383, 134
Trd, 258995.583, 120
Trd, 258995.817, 125
Trd, 258996.233, 116
Trd, 258996.267, 100
Trd, 258996.300, 76
Trd, 258996.517, 131
Trd, 258997.483, 124
Trd, 258997.850, 120
Trd, 258998.183, 127
Trd, 258998.217, 110
Trd, 258998.317, 108
Trd, 258998.333, 103
Trd, 258998.350, 128
Trd, 258998.433, 129
Trd, 258999.383, 128
Trd, 258999.783, 122
Trd, 258999.800, 105
Trd, 259000.017, 129
Trd, 259000.200, 105
Trd, 259000.250, 128
Trd, 259000.483, 107
Trd, 259000.567, 102
Trd, 259000.850, 129
Trd, 259001.117, 122
Trd, 259001.133, 121
Trd, 259001.250, 92
Trd, 259001.400, 124
Trd, 259001.883, 137
Trd, 259002.133, 140
Trd, 259003.517, 140
Trd, 259003.650, 140
Trd, 259003.767, 139
Trd, 259004.233, 135
Trd, 259004.783, 136
Trd, 259005.017, 140
Trd, 259005.033, 128
Trd, 259005.100, 123
Trd, 259005.183, 122
Trd, 259005.200, 105
Trd, 259005.600, 110
Trd, 259005.650, 140
Trd, 259005.817, 101
Trd, 259006.050, 121
Trd, 259006.067, 99
Trd, 259006.150, 91
Trd, 259006.533, 91
Trd, 259006.783, 92
Trd, 259006.817, 94
Trd, 259006.850, 95
Trd, 259007.317, 129
Trd, 259007.350, 111
Trd, 259007.667, 113
Trd, 259007.700, 112
Trd, 259008.250, 98
Trd, 259008.300, 99
Trd, 259008.433, 112
Trd, 259009.050, 98
Trd, 259009.783, 139
Trd, 259009.900, 132
Trd, 259009.950, 138
Trd, 259010.117, 130
Trd, 259010.183, 136
Trd, 259010.750, 122
Trd, 259011.300, 136
Trd, 259011.583, 138
Trd, 259011.767, 137
Trd, 259011.883, 117
Trd, 259012.033, 111
Trd, 259012.217, 110
Trd, 259012.233, 133
Trd, 259012.367, 96
Trd, 259012.717, 134
Trd, 259013.233, 125
Trd, 259013.500, 132
Trd, 259013.567, 134
Trd, 259013.700, 121
Trd, 259014.000, 135
Trd, 259014.133, 127
Trd, 259014.417, 118
Trd, 259015.300, 140
Trd, 259015.400, 140
Trd, 259015.533, 137
Trd, 259015.700, 116
Trd, 259015.750, 107
Trd, 259015.783, 101
Trd, 259015.967, 96
Trd, 259016.233, 111
Trd, 259016.467, 122
Trd, 259016.633, 120
Trd, 259016.667, 121
Trd, 259017.033, 107
Trd, 259017.117, 82
Trd, 259017.667, 121
Trd, 259017.850, 111
Trd, 259017.883, 82
Trd, 259018.167, 81
Trd, 259018.250, 87
Trd, 259018.550, 122
Trd, 259018.733, 128
Trd, 259018.767, 129
Trd, 259018.783, 97
Trd, 259019.033, 81
Trd, 259019.317, 140
Trd, 259019.367, 140
Trd, 259020.133, 103
Trd, 259020.167, 92
Trd, 259020.483, 127
Trd, 259020.550, 121
Trd, 259021.017, 103
Trd, 259021.083, 127
Trd, 259021.733, 121
Trd, 259021.750, 101
Trd, 259021.783, 128
Trd, 259021.883, 129
Trd, 259021.900, 136
Trd, 259022.950, 101
Trd, 259023.800, 134
Trd, 259023.817, 135
Trd, 259024.100, 140
Trd, 259024.333, 135
Trd, 259024.700, 138
Trd, 259024.783, 134
Trd, 259024.833, 122
Trd, 259024.867, 117
Trd, 259025.367, 140
Trd, 259025.533, 140
Trd, 259025.917, 140
Trd, 259026.050, 120
Trd, 259026.117, 114
Trd, 259026.667, 140
Trd, 259026.733, 140
Trd, 259027.450, 136
Trd, 259027.467, 135
Trd, 259028.050, 129
Trd, 259028.483, 112
Trd, 259028.633, 109
Trd, 259029.000, 107
Trd, 259029.083, 130
Trd, 259029.217, 108
Trd, 259029.600, 123
Trd, 259029.933, 115
Trd, 259030.250, 102
Trd, 259030.333, 118
Trd, 259030.367, 101
Trd, 259030.383, 117
Trd, 259030.400, 100
Trd, 259030.467, 120
Trd, 259030.833, 108
Trd, 259031.200, 104
Trd, 259031.650, 131
Trd, 259031.717, 103
Trd, 259032.417, 98
Trd, 259032.467, 128
Trd, 259032.917, 120
Trd, 259033.283, 116
Trd, 259033.700, 116
Trd, 259033.717, 120
Trd, 259034.300, 115
Trd, 259034.467, 118
Trd, 259034.500, 121
Trd, 259034.550, 106
Trd, 259034.600, 121
Trd, 259035.133, 140
Trd, 259035.217, 138
Trd, 259035.317, 121
Trd, 259035.383, 114
Trd, 259035.700, 112
Trd, 259035.983, 140
Trd, 259036.217, 118
Trd, 259036.250, 105
Trd, 259036.450, 103
Trd, 259036.733, 119
Trd, 259036.750, 118
Trd, 259036.983, 93
Trd, 259037.317, 81
Trd, 259037.433, 91
Trd, 259037.883, 117
Trd, 259037.983, 123
Trd, 259038.417, 140
Trd, 259038.483, 140
Trd, 259038.833, 140
Trd, 259039.300, 126
Trd, 259039.483, 125
Trd, 259039.933, 109
Trd, 259040.133, 121
Trd, 259040.217, 122
Trd, 259040.583, 121
Trd, 259040.883, 123
Trd, 259041.083, 135
Trd, 259041.700, 124
Trd, 259042.000, 134
Trd, 259042.167, 131
Trd, 259042.650, 140
Trd, 259042.700, 140
Trd, 259043.067, 138
Trd, 259043.400, 137
Trd, 259043.467, 140
Trd, 259043.517, 130
Trd, 259043.600, 130
Trd, 259043.850, 126
Trd, 259043.983, 121
Trd, 259044.017, 119
Trd, 259044.267, 133
Trd, 259044.333, 105
Trd, 259045.083, 114
Trd, 259045.117, 113
Trd, 259045.300, 129
Trd, 259045.367, 112
Trd, 259045.400, 110
Trd, 259045.583, 128
Trd, 259045.950, 92
Trd, 259045.967, 88
Trd, 259046.150, 81
Trd, 259046.267, 130
Trd, 259046.750, 123
Trd, 259047.567, 140
Trd, 259047.983, 140
Trd, 259048.317, 140
Trd, 259048.367, 139
Trd, 259048.417, 137
Trd, 259048.650, 138
Trd, 259048.750, 121
Trd, 259048.933, 139
Trd, 259049.050, 135
Trd, 259049.467, 104
Trd, 259049.583, 121
Trd, 259049.650, 100
Trd, 259049.750, 81
Trd, 259050.483, 96
Trd, 259051.017, 114
Trd, 259051.300, 111
Trd, 259051.383, 101
Trd, 259051.400, 113
Trd, 259051.433, 115
Trd, 259052.417, 131
Trd, 259052.533, 139
Trd, 259052.550, 123
Trd, 259053.500, 125
Trd, 259053.567, 123
Trd, 259053.783, 140
Trd, 259054.533, 140
Trd, 259054.633, 139
Trd, 259054.717, 137
Trd, 259054.817, 122
Trd, 259055.250, 107
Trd, 259055.650, 135
Trd, 259056.067, 113
Trd, 259056.083, 111
Trd, 259056.167, 123
Trd, 259056.550, 113
Trd, 259056.567, 110
Trd, 259056.933, 118
Trd, 259057.050, 117
Trd, 259057.367, 91
Trd, 259057.400, 122
Trd, 259057.600, 124
Trd, 259057.667, 87
Trd, 259057.950, 123
Trd, 259058.033, 110
Trd, 259058.067, 85
Trd, 259058.233, 128
Trd, 259058.300, 101
Trd, 259058.383, 130
Trd, 259059.083, 133
Trd, 259059.567, 136
Trd, 259059.667, 124
Trd, 259060.383, 129
Trd, 259060.433, 128
Trd, 259060.883, 140
Trd, 259061.050, 139
Trd, 259061.567, 126
Trd, 259062.367, 128
Trd, 259062.467, 135
Trd, 259062.650, 122
Trd, 259062.700, 108
Trd, 259062.717, 126
Trd, 259063.017, 70
Trd, 259063.167, 109
Trd, 259063.200, 68
Trd, 259063.800, 96
Trd, 259064.000, 67
Trd, 259064.167, 67
Trd, 259064.233, 69
Trd, 259064.350, 70
Trd, 259064.383, 101
Trd, 259064.433, 106
Trd, 259065.000, 84
Trd, 259065.017, 83
Trd, 259065.117, 84
Trd, 259065.417, 80
Trd, 259065.550, 98
Trd, 259066.017, 140
Trd, 259066.300, 139
Trd, 259066.583, 133
Trd, 259066.700, 131
Trd, 259067.233, 138
Trd, 259067.350, 124
Trd, 259067.383, 122
Trd, 259067.550, 139
Trd, 259067.917, 113
Trd, 259068.100, 114
Trd, 259068.150, 99
Trd, 259068.900, 121
Trd, 259069.050, 135
Trd, 259069.467, 109
Trd, 259069.550, 107
Trd, 259069.600, 104
Trd, 259069.783, 100
Trd, 259069.850, 134
Trd, 259069.950, 112
Trd, 259070.017, 138
Trd, 259070.200, 92
Trd, 259070.217, 91
Trd, 259070.767, 107
Trd, 259070.850, 133
Trd, 259070.933, 92
Trd, 259071.133, 134
Trd, 259071.900, 134
Trd, 259072.117, 122
Trd, 259072.683, 139
Trd, 259072.917, 140
Trd, 259073.000, 138
Trd, 259073.083, 108
Trd, 259073.467, 133
Trd, 259073.750, 105
Trd, 259074.100, 128
Trd, 259074.150, 129
Trd, 259074.233, 107
Trd, 259074.700, 127
Trd, 259074.883, 107
Trd, 259075.367, 108
Trd, 259075.550, 130
Trd, 259075.650, 102
Trd, 259075.700, 115
Trd, 259075.833, 102
Trd, 259075.983, 98
Trd, 259076.467, 123
Trd, 259076.550, 125
Trd, 259077.133, 112
Trd, 259077.333, 111
Trd, 259077.550, 113
Trd, 259077.633, 95
Trd, 259077.783, 76
Trd, 259078.000, 114
Trd, 259078.133, 114
Trd, 259078.700, 111
Trd, 259078.733, 99
Trd, 259078.767, 112
Trd, 259078.967, 125
Trd, 259079.083, 129
Trd, 259079.150, 130
Trd, 259079.200, 95
Trd, 259079.467, 136
Trd, 259079.650, 139
Trd, 259081.033, 140
Trd, 259081.150, 140
Trd, 259081.483, 138
Trd, 259081.950, 136
Trd, 259082.367, 131
Trd, 259082.450, 122
Trd, 259082.583, 137
Trd, 259082.867, 140
Trd, 259082.883, 140
Trd, 259082.967, 139
Trd, 259083.100, 138
Trd, 259083.117, 127
Trd, 259083.250, 126
Trd, 259083.783, 139
Trd, 259083.917, 128
Trd, 259083.933, 120
Trd, 259084.000, 120
Trd, 259084.100, 120
Trd, 259085.450, 136
Trd, 259085.683, 136
Trd, 259085.700, 135
Trd, 259085.950, 137
Trd, 259086.350, 119
Trd, 259086.683, 117
Trd, 259086.917, 128
Trd, 259087.017, 106
Trd, 259087.033, 104
Trd, 259087.050, 129
Trd, 259087.183, 135
Trd, 259087.767, 139
Trd, 259087.933, 123
Trd, 259088.767, 136
Trd, 259088.917, 127
Trd, 259089.433, 126
Trd, 259089.500, 124
Trd, 259089.800, 112
Trd, 259089.983, 110
Trd, 259090.050, 109
Trd, 259090.183, 106
Trd, 259090.617, 120
Trd, 259090.650, 113
Trd, 259090.850, 116
Trd, 259091.133, 114
Trd, 259091.467, 127
Trd, 259091.600, 101
Trd, 259091.700, 99
Trd, 259092.017, 129
Trd, 259092.050, 130
Trd, 259092.067, 124
Trd, 259092.333, 119
Trd, 259092.683, 127
Trd, 259092.750, 118
Trd, 259092.767, 128
Trd, 259093.133, 115
Trd, 259093.300, 92
Trd, 259093.383, 129
Trd, 259093.517, 129
Trd, 259093.533, 109
Trd, 259093.850, 100
Trd, 259094.033, 100
Trd, 259094.483, 132
Trd, 259094.700, 120
Trd, 259094.967, 128
Trd, 259095.350, 127
Trd, 259095.650, 133
Trd, 259096.367, 102
Trd, 259096.767, 91
Trd, 259096.783, 92
Trd, 259096.883, 94
Trd, 259097.100, 97
Trd, 259097.533, 130
Trd, 259098.150, 91
Trd, 259098.167, 73
Trd, 259098.417, 114
Trd, 259098.767, 113
Trd, 259098.800, 114
Trd, 259098.833, 69
Trd, 259099.067, 67
Trd, 259099.383, 78
Trd, 259099.583, 115
Trd, 259099.983, 87
Trd, 259100.283, 109
Trd, 259100.683, 132
Trd, 259101.017, 123
Trd, 259101.150, 131
Trd, 259101.500, 109
Trd, 259101.817, 134
Trd, 259102.333, 139
Trd, 259102.717, 140
Trd, 259102.750, 132
Trd, 259103.033, 119
Trd, 259103.067, 118
Trd, 259103.450, 112
Trd, 259103.900, 110
Trd, 259104.050, 115
Trd, 259104.217, 116
Trd, 259104.500, 108
Trd, 259104.633, 117
Trd, 259104.683, 119
Trd, 259105.067, 107
Trd, 259105.167, 97
Trd, 259105.450, 90
Trd, 259105.600, 127
Trd, 259105.667, 87
Trd, 259105.867, 131
Trd, 259106.200, 121
Trd, 259106.533, 140
Trd, 259107.250, 139
Trd, 259107.717, 135
Trd, 259107.783, 114
Trd, 259109.033, 140
Trd, 259109.050, 137
Trd, 259109.083, 135
Trd, 259109.633, 140
Trd, 259110.233, 140
Trd, 259110.333, 138
Trd, 259110.550, 140
Trd, 259111.267, 139
Trd, 259111.517, 139
Trd, 259111.750, 138
Trd, 259111.850, 137
Trd, 259112.050, 138
Trd, 259112.267, 138
Trd, 259112.600, 137
Trd, 259112.750, 136
Trd, 259113.183, 136
Trd, 259113.417, 137
Trd, 259113.567, 134
Trd, 259113.633, 131
Trd, 259114.067, 105
Trd, 259114.333, 85
Trd, 259114.383, 135
Trd, 259114.733, 120
Trd, 259114.917, 119
Trd, 259115.017, 84
Trd, 259115.233, 120
Trd, 259115.450, 87
Trd, 259115.483, 96
Trd, 259115.550, 66
Trd, 259115.800, 92
Trd, 259115.900, 116
Trd, 259116.017, 64
Trd, 259116.133, 73
Trd, 259116.400, 74
Trd, 259116.750, 106
Trd, 259117.200, 140
Trd, 259117.233, 140
Trd, 259117.733, 140
Trd, 259118.267, 139
Trd, 259118.617, 140
Trd, 259118.750, 139
Trd, 259118.867, 120
Trd, 259119.017, 115
Trd, 259119.333, 128
Trd, 259119.717, 114
Trd, 259120.033, 126
Trd, 259120.500, 124
Trd, 259120.533, 125
Trd, 259120.583, 114
Trd, 259120.733, 113
Trd, 259120.800, 99
Trd, 259121.100, 98
Trd, 259121.217, 98
Trd, 259121.283, 121
Trd, 259121.917, 115
Trd, 259122.383, 96
Trd, 259123.067, 95
Trd, 259123.250, 95
Trd, 259123.333, 118
Trd, 259123.683, 93
Trd, 259123.750, 137
Trd, 259124.283, 122
Trd, 259124.500, 113
Trd, 259125.050, 136
Trd, 259125.217, 133
Trd, 259125.250, 135
Trd, 259125.450, 122
Trd, 259125.717, 121
Trd, 259125.900, 120
Trd, 259126.000, 126
Trd, 259126.267, 124
Trd, 259126.333, 123
Trd, 259126.467, 110
Trd, 259126.567, 125
Trd, 259126.933, 123
Trd, 259127.033, 111
Trd, 259127.083, 125
Trd, 259127.200, 137
Trd, 259127.433, 110
Trd, 259127.500, 109
Trd, 259127.917, 140
Trd, 259128.417, 135
Trd, 259128.483, 135
Trd, 259128.733, 122
Trd, 259129.700, 140
Trd, 259129.950, 140
Trd, 259130.200, 140
Trd, 259130.217, 123
Trd, 259130.317, 122
Trd, 259130.433, 139
Trd, 259130.633, 104
Trd, 259131.150, 139
Trd, 259131.550, 126
Trd, 259131.983, 139
Trd, 259132.167, 137
Trd, 259132.233, 124
Trd, 259132.283, 140
Trd, 259132.450, 140
Trd, 259132.933, 136
Trd, 259133.183, 117
Trd, 259133.317, 132
Trd, 259133.567, 124
Trd, 259133.600, 122
Trd, 259133.817, 120
Trd, 259134.217, 106
Trd, 259134.467, 117
Trd, 259134.967, 102
Trd, 259135.067, 100
Trd, 259135.083, 102
Trd, 259135.183, 103
Trd, 259135.533, 102
Trd, 259135.700, 104
Trd, 259135.883, 80
Trd, 259135.917, 78
Trd, 259136.067, 87
Trd, 259136.467, 75
Trd, 259136.517, 70
Trd, 259136.533, 77
Trd, 259136.800, 84
Trd, 259137.050, 118
Trd, 259138.300, 140
Trd, 259139.000, 140
Trd, 259139.017, 140
Trd, 259139.133, 140
Trd, 259139.267, 139
Trd, 259139.617, 135
Trd, 259139.817, 121
Trd, 259139.850, 114
Trd, 259139.967, 110
Trd, 259140.117, 137
Trd, 259140.183, 108
Trd, 259140.700, 105
Trd, 259140.900, 100
Trd, 259140.917, 118
Trd, 259141.100, 92
Trd, 259141.450, 89
Trd, 259141.717, 116
Trd, 259141.783, 80
Trd, 259141.817, 117
Trd, 259141.833, 119
Trd, 259142.733, 116
Trd, 259142.817, 122
Trd, 259143.000, 140
Trd, 259143.083, 114
Trd, 259143.333, 140
Trd, 259143.400, 99
Trd, 259143.433, 94
Trd, 259144.167, 140
Trd, 259144.767, 140
Trd, 259144.917, 140
Trd, 259144.983, 131
Trd, 259145.067, 124
Trd, 259145.550, 136
Trd, 259145.717, 135
Trd, 259145.733, 134
Trd, 259146.233, 129
Trd, 259146.467, 129
Trd, 259146.867, 121
Trd, 259147.167, 120
Trd, 259147.183, 126
Trd, 259147.383, 106
Trd, 259147.433, 127
Trd, 259147.500, 104
Trd, 259147.800, 132
Trd, 259148.133, 117
Trd, 259148.183, 115
Trd, 259148.483, 139
Trd, 259148.583, 136
Trd, 259148.717, 112
Trd, 259148.800, 104
Trd, 259149.433, 102
Trd, 259149.550, 108
Trd, 259149.567, 97
Trd, 259149.783, 101
Trd, 259149.850, 103
Trd, 259150.133, 105
Trd, 259150.567, 100
Trd, 259150.817, 105
Trd, 259151.033, 103
Trd, 259151.183, 104
Trd, 259151.317, 97
Trd, 259151.350, 90
Trd, 259151.417, 104
Trd, 259151.750, 92
Trd, 259151.817, 103
Trd, 259152.717, 101
Trd, 259153.133, 107
Trd, 259153.250, 129
Trd, 259153.383, 107
Trd, 259154.033, 126
Trd, 259154.083, 117
Trd, 259154.183, 111
Trd, 259154.267, 138
Trd, 259154.383, 120
Trd, 259154.417, 139
Trd, 259154.783, 140
Trd, 259154.883, 140
Trd, 259155.117, 122
Trd, 259155.550, 122
Trd, 259155.600, 121
Trd, 259155.683, 118
Trd, 259155.767, 120
Trd, 259155.950, 121
Trd, 259156.067, 107
Trd, 259156.100, 89
Trd, 259156.133, 122
Trd, 259156.183, 84
Trd, 259156.267, 120
Trd, 259156.667, 97
Trd, 259156.933, 73
Trd, 259157.533, 120
Trd, 259158.117, 140
Trd, 259159.017, 139
Trd, 259159.467, 138
Trd, 259159.667, 138
Trd, 259159.767, 130
Trd, 259159.883, 120
Trd, 259159.933, 118
Trd, 259160.083, 120
Trd, 259160.117, 109
Trd, 259160.317, 107
Trd, 259160.900, 140
Trd, 259161.333, 137
Trd, 259161.450, 137
Trd, 259161.717, 129
Trd, 259162.133, 132
Trd, 259162.217, 120
Trd, 259162.350, 124
Trd, 259162.383, 116
Trd, 259162.683, 121
Trd, 259162.800, 130
Trd, 259163.050, 127
Trd, 259163.250, 116
Trd, 259163.500, 127
Trd, 259163.617, 112
Trd, 259163.667, 113
Trd, 259163.783, 100
Trd, 259164.283, 116
Trd, 259164.967, 103
Trd, 259165.383, 90
Trd, 259165.567, 112
Trd, 259165.933, 102
Trd, 259166.017, 113
Trd, 259166.083, 113
Trd, 259166.133, 94
Trd, 259166.150, 116
Trd, 259166.233, 93
Trd, 259166.833, 140
Trd, 259167.317, 138
Trd, 259167.417, 139
Trd, 259167.467, 138
Trd, 259168.017, 121
Trd, 259168.050, 120
Trd, 259168.450, 122
Trd, 259168.617, 117
Trd, 259168.633, 116
Trd, 259169.433, 140
Trd, 259169.550, 138
Trd, 259169.817, 133
Trd, 259170.150, 122
Trd, 259170.233, 117
Trd, 259170.417, 139
Trd, 259170.817, 138
Trd, 259170.950, 136
Trd, 259171.033, 129
Trd, 259171.150, 109
Trd, 259171.300, 107
Trd, 259171.383, 135
Trd, 259171.850, 118
Trd, 259172.167, 102
Trd, 259172.217, 99
Trd, 259172.267, 98
Trd, 259172.533, 101
Trd, 259172.750, 100
Trd, 259172.967, 100
Trd, 259173.100, 101
Trd, 259173.283, 102
Trd, 259173.850, 94
Trd, 259173.867, 88
Trd, 259173.983, 94
Trd, 259174.267, 102
Trd, 259174.483, 104
Trd, 259174.800, 89
Trd, 259175.017, 89
Trd, 259175.767, 138
Trd, 259175.867, 138
Trd, 259175.933, 118
Trd, 259176.150, 116
Trd, 259176.583, 139
Trd, 259176.783, 138
Trd, 259176.833, 134
Trd, 259177.033, 84
Trd, 259177.567, 77
Trd, 259177.583, 122
Trd, 259178.100, 121
Trd, 259178.133, 94
Trd, 259178.200, 77
Trd, 259178.400, 104
Trd, 259178.600, 117
Trd, 259178.700, 120
Trd, 259178.850, 106
Trd, 259178.867, 121
Trd, 259179.133, 70
Trd, 259179.300, 83
Trd, 259179.350, 97
Trd, 259179.700, 115
Trd, 259180.033, 117
Trd, 259180.183, 80
Trd, 259180.567, 98
Trd, 259180.633, 122
Trd, 259180.717, 83
Trd, 259181.083, 79
Trd, 259181.317, 94
Trd, 259181.667, 140
Trd, 259181.900, 140
Trd, 259182.133, 136
Trd, 259182.467, 140
Trd, 259182.550, 140
Trd, 259183.150, 133
Trd, 259183.617, 140
Trd, 259183.783, 123
Trd, 259183.983, 115
Trd, 259184.283, 140
Trd, 259184.600, 127
Trd, 259184.650, 134
Trd, 259184.833, 137
Trd, 259185.800, 137
Trd, 259185.917, 139
Trd, 259186.067, 121
Trd, 259186.183, 119
Trd, 259186.217, 115
Trd, 259186.350, 130
Trd, 259186.383, 131
Trd, 259186.650, 108
Trd, 259186.717, 106
Trd, 259187.117, 138
Trd, 259187.483, 131
Trd, 259187.883, 126
Trd, 259187.933, 125
Trd, 259188.883, 140
Trd, 259189.350, 139
Trd, 259190.067, 140
Trd, 259190.083, 140
Trd, 259190.233, 139
Trd, 259190.533, 140
Trd, 259190.667, 140
Trd, 259190.817, 139
Trd, 259190.833, 137
Trd, 259191.017, 134
Trd, 259191.083, 109
Trd, 259191.167, 103
Trd, 259191.350, 127
Trd, 259191.483, 124
Trd, 259191.617, 94
Trd, 259191.867, 86
Trd, 259191.917, 136
Trd, 259192.333, 114
Trd, 259192.417, 90
Trd, 259192.817, 102
Trd, 259193.083, 133
Trd, 259193.417, 132
Trd, 259193.483, 133
Trd, 259193.500, 115
Trd, 259193.650, 105
Trd, 259193.850, 117
Trd, 259193.950, 135
Trd, 259194.533, 133
Trd, 259194.800, 78
Trd, 259195.000, 115
Trd, 259195.233, 81
Trd, 259195.517, 116
Trd, 259195.800, 116
Trd, 259195.833, 118
Trd, 259196.367, 132
Trd, 259196.683, 134
Trd, 259197.667, 138
Trd, 259197.783, 139
Trd, 259197.833, 131
Trd, 259198.133, 126
Trd, 259198.467, 133
Trd, 259198.567, 126
Trd, 259198.700, 125
Trd, 259199.133, 140
Trd, 259199.433, 140
