Trd, 258578.150, 140
Trd, 258578.250, 140
Trd, 258578.383, 140
Trd, 258578.600, 137
Trd, 258578.733, 131
Trd, 258579.050, 131
Trd, 258579.133, 114
Trd, 258579.267, 109
Trd, 258579.300, 89
Trd, 258579.667, 84
Trd, 258579.950, 83
Trd, 258580.067, 82
Trd, 258580.233, 126
Trd, 258580.350, 125
Trd, 258580.533, 124
Trd, 258581.250, 123
Trd, 258581.633, 130
Trd, 258581.650, 128
Trd, 258581.700, 121
Trd, 258581.833, 129
Trd, 258581.850, 118
Trd, 258582.383, 133
Trd, 258582.500, 119
Trd, 258582.733, 118
Trd, 258582.883, 114
Trd, 258583.283, 140
Trd, 258583.783, 120
Trd, 258583.850, 117
Trd, 258584.200, 116
Trd, 258584.533, 107
Trd, 258584.667, 106
Trd, 258584.767, 122
Trd, 258585.533, 138
Trd, 258585.733, 140
Trd, 258585.900, 115
Trd, 258586.250, 118
Trd, 258586.367, 117
Trd, 258586.700, 122
Trd, 258586.733, 119
Trd, 258586.817, 137
Trd, 258586.950, 140
Trd, 258587.600, 121
Trd, 258587.617, 120
Trd, 258587.683, 116
Trd, 258588.217, 119
Trd, 258588.350, 132
Trd, 258588.867, 140
Trd, 258589.067, 140
Trd, 258589.183, 119
Trd, 258589.283, 120
Trd, 258589.900, 118
Trd, 258589.983, 117
Trd, 258590.233, 123
Trd, 258590.283, 114
Trd, 258590.417, 113
Trd, 258590.883, 123
Trd, 258590.950, 113
Trd, 258591.183, 119
Trd, 258591.283, 112
Trd, 258591.767, 92
Trd, 258591.800, 127
Trd, 258592.100, 104
Trd, 258592.267, 139
Trd, 258593.000, 140
Trd, 258593.133, 140
Trd, 258593.167, 140
Trd, 258593.283, 140
Trd, 258593.350, 139
Trd, 258593.883, 125
Trd, 258595.083, 127
Trd, 258595.217, 137
Trd, 258595.317, 123
Trd, 258595.433, 122
Trd, 258595.867, 120
Trd, 258596.383, 125
Trd, 258596.483, 135
Trd, 258596.600, 136
Trd, 258596.950, 131
Trd, 258597.067, 137
Trd, 258597.117, 138
Trd, 258597.150, 130
Trd, 258597.200, 124
Trd, 258597.350, 121
Trd, 258597.817, 118
Trd, 258598.033, 140
Trd, 258598.367, 134
Trd, 258598.417, 123
Trd, 258599.283, 126
Trd, 258599.400, 117
Trd, 258599.533, 140
Trd, 258599.650, 115
Trd, 258599.683, 114
Trd, 258599.800, 131
Trd, 258600.000, 101
Trd, 258600.267, 120
Trd, 258600.867, 140
Trd, 258600.967, 140
Trd, 258601.267, 135
Trd, 258602.233, 140
Trd, 258602.517, 140
Trd, 258602.550, 140
Trd, 258602.700, 140
Trd, 258602.983, 140
Trd, 258603.033, 140
Trd, 258603.467, 118
Trd, 258604.150, 139
Trd, 258604.217, 138
Trd, 258604.400, 137
Trd, 258604.433, 116
Trd, 258604.883, 118
Trd, 258605.167, 117
Trd, 258605.283, 110
Trd, 258605.333, 106
Trd, 258605.450, 97
Trd, 258605.700, 136
Trd, 258605.767, 99
Trd, 258606.100, 102
Trd, 258606.350, 103
Trd, 258606.633, 98
Trd, 258606.950, 94
Trd, 258607.167, 95
Trd, 258607.583, 99
Trd, 258607.650, 109
Trd, 258608.033, 93
Trd, 258608.383, 101
Trd, 258608.500, 92
Trd, 258608.550, 106
Trd, 258608.567, 108
Trd, 258608.633, 110
Trd, 258608.683, 111
Trd, 258609.067, 140
Trd, 258609.333, 137
Trd, 258609.583, 140
Trd, 258609.600, 139
Trd, 258609.883, 135
Trd, 258610.600, 129
Trd, 258610.650, 128
Trd, 258610.883, 107
Trd, 258611.133, 103
Trd, 258611.667, 106
Trd, 258611.917, 106
Trd, 258612.033, 121
Trd, 258612.367, 115
Trd, 258612.383, 134
Trd, 258613.183, 120
Trd, 258613.483, 139
Trd, 258613.500, 128
Trd, 258613.817, 140
Trd, 258614.150, 140
Trd, 258614.467, 140
Trd, 258614.550, 140
Trd, 258614.783, 140
Trd, 258614.900, 140
Trd, 258615.367, 140
Trd, 258615.500, 140
Trd, 258615.533, 138
Trd, 258615.850, 128
Trd, 258616.250, 140
Trd, 258616.283, 139
Trd, 258616.750, 138
Trd, 258616.783, 137
Trd, 258617.083, 136
Trd, 258617.183, 129
Trd, 258617.433, 134
Trd, 258617.500, 133
Trd, 258617.883, 126
Trd, 258618.050, 124
Trd, 258618.933, 111
Trd, 258619.200, 140
Trd, 258619.483, 101
Trd, 258619.650, 139
Trd, 258619.850, 98
Trd, 258620.300, 116
Trd, 258620.500, 104
Trd, 258620.667, 140
Trd, 258620.717, 99
Trd, 258620.850, 117
Trd, 258621.417, 89
Trd, 258621.767, 79
Trd, 258621.817, 78
Trd, 258622.117, 75
Trd, 258622.183, 75
Trd, 258622.433, 74
Trd, 258622.567, 72
Trd, 258622.600, 75
Trd, 258622.800, 77
Trd, 258622.933, 78
Trd, 258623.033, 75
Trd, 258623.183, 129
Trd, 258623.533, 104
Trd, 258623.767, 140
Trd, 258623.950, 140
Trd, 258624.200, 139
Trd, 258624.600, 138
Trd, 258624.683, 137
Trd, 258624.767, 113
Trd, 258624.867, 112
Trd, 258625.067, 140
Trd, 258625.233, 132
Trd, 258625.650, 132
Trd, 258625.683, 131
Trd, 258625.833, 110
Trd, 258626.333, 133
Trd, 258626.467, 140
Trd, 258626.517, 96
Trd, 258627.567, 140
Trd, 258627.583, 140
Trd, 258627.650, 140
Trd, 258628.067, 129
Trd, 258628.550, 140
Trd, 258628.567, 140
Trd, 258628.633, 119
Trd, 258628.800, 113
Trd, 258629.083, 135
Trd, 258629.183, 111
Trd, 258629.817, 107
Trd, 258629.867, 106
Trd, 258630.000, 105
Trd, 258630.617, 108
Trd, 258630.967, 137
Trd, 258631.133, 125
Trd, 258631.533, 107
Trd, 258631.567, 106
Trd, 258631.733, 104
Trd, 258631.833, 102
Trd, 258631.867, 134
Trd, 258632.083, 125
Trd, 258632.250, 122
Trd, 258632.533, 111
Trd, 258632.833, 100
Trd, 258632.900, 108
Trd, 258633.083, 101
Trd, 258633.533, 134
Trd, 258634.317, 126
Trd, 258634.500, 122
Trd, 258635.233, 117
Trd, 258635.250, 111
Trd, 258635.583, 115
Trd, 258635.717, 125
Trd, 258635.733, 93
Trd, 258635.833, 92
Trd, 258635.867, 91
Trd, 258635.967, 140
Trd, 258636.667, 140
Trd, 258636.933, 140
Trd, 258636.967, 140
Trd, 258637.000, 138
Trd, 258637.217, 124
Trd, 258637.600, 139
Trd, 258637.617, 138
Trd, 258637.767, 140
Trd, 258637.817, 137
Trd, 258638.133, 129
Trd, 258638.467, 140
Trd, 258638.650, 125
Trd, 258638.900, 119
Trd, 258639.150, 132
Trd, 258639.767, 90
Trd, 258639.783, 76
Trd, 258639.983, 90
Trd, 258640.267, 75
Trd, 258640.283, 74
Trd, 258640.650, 98
Trd, 258640.667, 99
Trd, 258640.717, 89
Trd, 258641.467, 78
Trd, 258641.517, 82
Trd, 258641.650, 81
Trd, 258641.800, 135
Trd, 258642.050, 79
Trd, 258642.517, 115
Trd, 258642.617, 86
Trd, 258642.717, 139
Trd, 258643.600, 129
Trd, 258643.650, 127
Trd, 258643.683, 139
Trd, 258643.933, 129
Trd, 258644.033, 127
Trd, 258644.167, 126
Trd, 258644.650, 131
Trd, 258644.850, 136
Trd, 258644.900, 137
Trd, 258645.067, 112
Trd, 258645.100, 140
Trd, 258645.250, 125
Trd, 258645.400, 108
Trd, 258645.433, 107
Trd, 258645.667, 104
Trd, 258646.133, 140
Trd, 258646.700, 140
Trd, 258646.783, 135
Trd, 258647.483, 136
Trd, 258647.650, 134
Trd, 258647.750, 133
Trd, 258647.917, 124
Trd, 258647.967, 123
Trd, 258648.083, 124
Trd, 258649.033, 140
Trd, 258649.050, 140
Trd, 258649.083, 140
Trd, 258649.150, 119
Trd, 258649.217, 119
Trd, 258649.867, 116
Trd, 258650.000, 132
Trd, 258650.417, 140
Trd, 258650.883, 140
Trd, 258651.233, 140
Trd, 258651.483, 140
Trd, 258651.567, 140
Trd, 258651.767, 140
Trd, 258651.933, 139
Trd, 258653.500, 137
Trd, 258653.633, 140
Trd, 258653.850, 140
Trd, 258654.117, 139
Trd, 258654.150, 131
Trd, 258654.717, 138
Trd, 258655.117, 126
Trd, 258655.233, 117
Trd, 258655.533, 128
Trd, 258655.767, 117
Trd, 258656.183, 117
Trd, 258656.550, 111
Trd, 258656.567, 111
Trd, 258656.733, 137
Trd, 258657.233, 106
Trd, 258657.467, 130
Trd, 258657.500, 129
Trd, 258657.550, 102
Trd, 258657.933, 136
Trd, 258658.483, 125
Trd, 258658.717, 140
Trd, 258658.733, 140
Trd, 258658.917, 107
Trd, 258659.183, 103
Trd, 258659.300, 75
Trd, 258659.450, 109
Trd, 258659.483, 110
Trd, 258659.650, 139
Trd, 258660.083, 140
Trd, 258660.183, 140
Trd, 258660.317, 139
Trd, 258660.533, 140
Trd, 258660.933, 139
Trd, 258661.400, 140
Trd, 258661.417, 140
Trd, 258661.467, 139
Trd, 258661.667, 134
Trd, 258662.083, 129
Trd, 258662.167, 140
Trd, 258662.333, 124
Trd, 258663.083, 138
Trd, 258663.683, 126
Trd, 258663.767, 134
Trd, 258663.817, 126
Trd, 258663.900, 125
Trd, 258664.017, 135
Trd, 258664.150, 124
Trd, 258664.300, 123
Trd, 258664.783, 137
Trd, 258664.800, 124
Trd, 258664.967, 127
Trd, 258665.067, 109
Trd, 258665.300, 104
Trd, 258665.633, 105
Trd, 258665.783, 97
Trd, 258665.850, 94
Trd, 258665.883, 87
Trd, 258666.150, 78
Trd, 258666.217, 125
Trd, 258666.283, 104
Trd, 258666.683, 93
Trd, 258667.283, 127
Trd, 258667.383, 110
Trd, 258668.283, 140
Trd, 258668.567, 140
Trd, 258668.717, 140
Trd, 258668.783, 132
Trd, 258669.233, 111
Trd, 258669.917, 122
Trd, 258670.283, 123
Trd, 258670.500, 124
Trd, 258670.550, 123
Trd, 258670.617, 122
Trd, 258670.917, 132
Trd, 258670.933, 121
Trd, 258671.667, 113
Trd, 258671.867, 139
Trd, 258672.050, 106
Trd, 258672.117, 106
Trd, 258672.267, 125
Trd, 258672.283, 86
Trd, 258672.367, 79
Trd, 258672.850, 127
Trd, 258672.867, 134
Trd, 258673.483, 110
Trd, 258673.583, 102
Trd, 258673.733, 98
Trd, 258674.133, 75
Trd, 258674.783, 111
Trd, 258674.800, 137
Trd, 258674.983, 117
Trd, 258675.233, 123
Trd, 258675.533, 122
Trd, 258675.700, 135
Trd, 258676.350, 108
Trd, 258676.750, 114
Trd, 258676.983, 121
Trd, 258677.117, 124
Trd, 258677.150, 117
Trd, 258677.217, 134
Trd, 258677.700, 126
Trd, 258678.033, 125
Trd, 258678.133, 118
Trd, 258678.217, 114
Trd, 258678.267, 113
Trd, 258678.283, 107
Trd, 258678.483, 114
Trd, 258678.517, 106
Trd, 258678.700, 99
Trd, 258678.833, 135
Trd, 258679.167, 134
Trd, 258679.617, 138
Trd, 258679.717, 100
Trd, 258679.750, 98
Trd, 258680.083, 125
Trd, 258680.283, 95
Trd, 258680.550, 112
Trd, 258680.700, 95
Trd, 258681.133, 95
Trd, 258681.167, 138
Trd, 258681.367, 140
Trd, 258681.933, 139
Trd, 258682.517, 123
Trd, 258682.667, 120
Trd, 258682.883, 113
Trd, 258683.017, 119
Trd, 258683.233, 111
Trd, 258683.250, 110
Trd, 258684.283, 138
Trd, 258684.300, 136
Trd, 258684.733, 140
Trd, 258684.900, 140
Trd, 258684.933, 140
Trd, 258685.000, 140
Trd, 258685.133, 139
Trd, 258686.167, 140
Trd, 258686.217, 130
Trd, 258686.250, 126
Trd, 258686.283, 113
Trd, 258686.367, 91
Trd, 258686.467, 84
Trd, 258686.550, 122
Trd, 258686.783, 82
Trd, 258687.533, 84
Trd, 258687.583, 86
Trd, 258687.700, 126
Trd, 258687.883, 93
Trd, 258688.150, 107
Trd, 258688.200, 104
Trd, 258688.300, 88
Trd, 258688.383, 83
Trd, 258689.067, 84
Trd, 258689.267, 118
Trd, 258689.617, 101
Trd, 258689.650, 84
Trd, 258689.767, 118
Trd, 258689.783, 82
Trd, 258690.183, 86
Trd, 258690.400, 113
Trd, 258690.550, 83
Trd, 258690.633, 82
Trd, 258691.133, 87
Trd, 258691.350, 106
Trd, 258692.000, 139
Trd, 258692.133, 109
Trd, 258693.000, 140
Trd, 258693.083, 138
Trd, 258693.217, 112
Trd, 258693.267, 108
Trd, 258693.283, 107
Trd, 258693.350, 105
Trd, 258693.367, 95
Trd, 258693.417, 140
Trd, 258694.050, 125
Trd, 258694.083, 127
Trd, 258694.267, 106
Trd, 258694.417, 105
Trd, 258694.467, 86
Trd, 258694.650, 97
Trd, 258695.083, 140
Trd, 258695.483, 140
Trd, 258696.333, 140
Trd, 258697.383, 140
Trd, 258697.417, 140
Trd, 258697.833, 140
Trd, 258697.850, 140
Trd, 258697.950, 140
Trd, 258697.967, 137
Trd, 258697.983, 131
Trd, 258698.317, 136
Trd, 258698.367, 127
Trd, 258698.600, 118
Trd, 258698.700, 98
Trd, 258699.050, 131
Trd, 258699.467, 140
Trd, 258699.633, 140
Trd, 258699.683, 139
Trd, 258699.867, 140
Trd, 258700.250, 140
Trd, 258700.800, 139
Trd, 258700.967, 135
Trd, 258701.217, 128
Trd, 258701.333, 127
Trd, 258701.450, 121
Trd, 258701.767, 124
Trd, 258702.033, 140
Trd, 258702.133, 127
Trd, 258702.633, 140
Trd, 258702.983, 135
Trd, 258703.050, 134
Trd, 258703.317, 133
Trd, 258703.700, 136
Trd, 258703.767, 123
Trd, 258703.800, 122
Trd, 258703.933, 117
Trd, 258704.167, 135
Trd, 258704.317, 137
Trd, 258704.450, 139
Trd, 258704.667, 115
Trd, 258704.850, 113
Trd, 258704.917, 113
Trd, 258705.000, 102
Trd, 258705.450, 118
Trd, 258706.450, 140
Trd, 258706.617, 140
Trd, 258707.250, 140
Trd, 258707.283, 140
Trd, 258707.400, 138
Trd, 258707.633, 135
Trd, 258707.900, 129
Trd, 258708.217, 130
Trd, 258708.517, 128
Trd, 258708.683, 136
Trd, 258708.867, 140
Trd, 258709.150, 121
Trd, 258709.200, 114
Trd, 258709.450, 114
Trd, 258709.867, 106
Trd, 258710.417, 125
Trd, 258710.467, 114
Trd, 258710.833, 133
Trd, 258711.700, 140
Trd, 258711.783, 140
Trd, 258711.900, 140
Trd, 258712.467, 140
Trd, 258712.800, 140
Trd, 258713.217, 140
Trd, 258713.333, 140
Trd, 258713.433, 140
Trd, 258713.817, 133
Trd, 258714.017, 134
Trd, 258714.200, 137
Trd, 258714.333, 136
Trd, 258714.517, 128
Trd, 258714.567, 123
Trd, 258714.717, 119
Trd, 258714.967, 140
Trd, 258715.533, 122
Trd, 258715.800, 122
Trd, 258715.817, 121
Trd, 258716.150, 119
Trd, 258716.200, 118
Trd, 258716.750, 118
Trd, 258717.017, 116
Trd, 258717.117, 132
Trd, 258717.283, 128
Trd, 258717.300, 134
Trd, 258717.417, 116
Trd, 258717.733, 116
Trd, 258717.967, 135
Trd, 258718.217, 117
Trd, 258718.283, 110
Trd, 258718.400, 93
Trd, 258718.467, 91
Trd, 258718.583, 74
Trd, 258719.367, 115
Trd, 258719.633, 115
Trd, 258719.833, 112
Trd, 258719.883, 111
Trd, 258720.217, 140
Trd, 258720.467, 140
Trd, 258720.533, 140
Trd, 258720.600, 136
Trd, 258720.883, 140
Trd, 258720.950, 140
Trd, 258721.500, 112
Trd, 258721.633, 111
Trd, 258721.717, 84
Trd, 258722.217, 115
Trd, 258722.617, 84
Trd, 258722.883, 113
Trd, 258722.933, 116
Trd, 258723.150, 121
Trd, 258723.283, 127
Trd, 258724.117, 112
Trd, 258724.200, 106
Trd, 258724.217, 105
Trd, 258724.233, 137
Trd, 258724.250, 104
Trd, 258724.317, 84
Trd, 258725.167, 139
Trd, 258725.467, 113
Trd, 258725.700, 103
Trd, 258725.917, 90
Trd, 258725.983, 89
Trd, 258726.317, 87
Trd, 258726.367, 126
Trd, 258726.383, 84
Trd, 258726.467, 82
Trd, 258726.950, 123
Trd, 258727.183, 121
Trd, 258727.267, 130
Trd, 258727.350, 121
Trd, 258727.567, 140
Trd, 258727.583, 132
Trd, 258728.567, 140
Trd, 258728.867, 140
Trd, 258728.967, 140
Trd, 258729.300, 140
Trd, 258729.400, 138
Trd, 258729.583, 136
Trd, 258729.800, 136
Trd, 258730.083, 136
Trd, 258730.300, 140
Trd, 258730.817, 122
Trd, 258732.283, 133
Trd, 258732.467, 139
Trd, 258732.650, 138
Trd, 258732.850, 132
Trd, 258733.183, 131
Trd, 258733.200, 127
Trd, 258733.450, 127
Trd, 258733.500, 125
Trd, 258733.850, 140
Trd, 258734.250, 139
Trd, 258734.333, 139
Trd, 258735.150, 140
Trd, 258735.433, 131
Trd, 258735.583, 137
Trd, 258735.900, 129
Trd, 258736.050, 129
Trd, 258736.783, 140
Trd, 258736.867, 137
Trd, 258736.950, 128
Trd, 258736.967, 123
Trd, 258737.483, 140
Trd, 258737.700, 139
Trd, 258737.883, 140
Trd, 258738.100, 140
Trd, 258738.267, 140
Trd, 258738.300, 140
Trd, 258738.367, 128
Trd, 258738.900, 129
Trd, 258739.200, 120
Trd, 258739.267, 130
Trd, 258739.667, 131
Trd, 258739.717, 134
Trd, 258739.767, 137
Trd, 258739.950, 135
Trd, 258740.017, 138
Trd, 258740.117, 118
Trd, 258740.783, 129
Trd, 258740.983, 127
Trd, 258741.117, 117
Trd, 258741.317, 113
Trd, 258741.983, 108
Trd, 258742.233, 107
Trd, 258742.350, 108
Trd, 258742.400, 106
Trd, 258742.700, 138
Trd, 258743.550, 136
Trd, 258743.650, 114
Trd, 258743.917, 114
Trd, 258744.300, 113
Trd, 258744.433, 118
Trd, 258744.550, 135
Trd, 258744.683, 139
Trd, 258744.767, 131
Trd, 258744.867, 106
Trd, 258744.933, 104
Trd, 258745.050, 103
Trd, 258745.567, 117
Trd, 258745.883, 118
Trd, 258746.067, 125
Trd, 258746.183, 110
Trd, 258746.600, 93
Trd, 258746.667, 93
Trd, 258746.933, 91
Trd, 258747.050, 139
Trd, 258747.067, 111
Trd, 258747.483, 77
Trd, 258747.683, 86
Trd, 258748.250, 79
Trd, 258748.317, 77
Trd, 258748.517, 76
Trd, 258748.617, 97
Trd, 258748.783, 65
Trd, 258749.433, 62
Trd, 258749.600, 79
Trd, 258749.933, 72
Trd, 258749.983, 88
Trd, 258750.617, 140
Trd, 258750.850, 85
Trd, 258750.867, 84
Trd, 258750.883, 83
Trd, 258750.900, 70
Trd, 258751.200, 140
Trd, 258751.517, 80
Trd, 258751.533, 81
Trd, 258751.867, 130
Trd, 258751.900, 120
Trd, 258752.550, 117
Trd, 258752.817, 116
Trd, 258752.900, 116
Trd, 258753.283, 140
Trd, 258753.700, 140
Trd, 258753.817, 131
Trd, 258754.033, 117
Trd, 258754.433, 137
Trd, 258754.567, 104
Trd, 258755.117, 140
Trd, 258755.617, 140
Trd, 258755.733, 140
Trd, 258755.917, 140
Trd, 258755.983, 140
Trd, 258756.150, 140
Trd, 258756.267, 140
Trd, 258756.333, 139
Trd, 258757.083, 140
Trd, 258757.200, 140
Trd, 258757.683, 140
Trd, 258758.000, 140
Trd, 258758.017, 139
Trd, 258758.200, 138
Trd, 258758.583, 137
Trd, 258758.800, 132
Trd, 258758.817, 131
Trd, 258759.800, 137
Trd, 258759.850, 129
Trd, 258760.033, 121
Trd, 258760.083, 120
Trd, 258760.150, 116
Trd, 258760.550, 106
Trd, 258760.867, 133
Trd, 258761.083, 94
Trd, 258761.550, 123
Trd, 258761.567, 119
Trd, 258761.917, 109
Trd, 258762.100, 118
Trd, 258762.233, 111
Trd, 258762.400, 100
Trd, 258762.667, 68
Trd, 258762.700, 69
Trd, 258763.167, 104
Trd, 258763.250, 75
Trd, 258763.283, 74
Trd, 258763.317, 105
Trd, 258764.133, 140
Trd, 258764.317, 140
Trd, 258765.117, 140
Trd, 258765.300, 140
Trd, 258765.567, 140
Trd, 258765.983, 140
Trd, 258766.100, 139
Trd, 258766.133, 139
Trd, 258766.217, 139
Trd, 258766.350, 119
Trd, 258766.383, 118
Trd, 258766.533, 116
Trd, 258766.617, 109
Trd, 258767.183, 140
Trd, 258767.250, 130
Trd, 258768.117, 110
Trd, 258768.417, 135
Trd, 258768.500, 112
Trd, 258768.550, 136
Trd, 258768.583, 111
Trd, 258768.917, 134
Trd, 258769.350, 136
Trd, 258769.567, 132
Trd, 258770.317, 140
Trd, 258770.533, 140
Trd, 258770.833, 140
Trd, 258771.083, 140
Trd, 258771.367, 140
Trd, 258771.567, 140
Trd, 258771.650, 140
Trd, 258771.700, 140
Trd, 258771.833, 138
Trd, 258772.067, 131
Trd, 258772.283, 128
Trd, 258772.467, 138
Trd, 258772.483, 128
Trd, 258773.600, 140
Trd, 258774.567, 139
Trd, 258774.717, 139
Trd, 258775.800, 140
Trd, 258775.900, 140
Trd, 258775.917, 140
Trd, 258775.967, 139
Trd, 258775.983, 139
Trd, 258776.500, 136
Trd, 258776.833, 140
Trd, 258776.867, 136
Trd, 258776.900, 135
Trd, 258777.233, 138
Trd, 258777.767, 140
Trd, 258778.883, 140
Trd, 258779.000, 138
Trd, 258779.133, 131
Trd, 258779.283, 130
Trd, 258780.567, 140
Trd, 258780.633, 135
Trd, 258780.933, 140
Trd, 258780.967, 133
Trd, 258781.000, 132
Trd, 258781.017, 124
Trd, 258781.383, 116
Trd, 258781.967, 116
Trd, 258782.000, 114
Trd, 258782.483, 107
Trd, 258782.517, 116
Trd, 258783.017, 107
Trd, 258783.200, 138
Trd, 258783.317, 129
Trd, 258783.650, 129
Trd, 258784.033, 139
Trd, 258784.567, 140
Trd, 258784.900, 139
Trd, 258785.167, 140
Trd, 258785.450, 131
Trd, 258785.517, 131
Trd, 258785.533, 127
Trd, 258785.683, 139
Trd, 258785.983, 125
Trd, 258786.367, 136
Trd, 258786.517, 129
Trd, 258786.550, 128
Trd, 258787.083, 127
Trd, 258787.733, 125
Trd, 258787.833, 139
Trd, 258788.250, 134
Trd, 258788.350, 133
Trd, 258788.667, 127
Trd, 258789.050, 140
Trd, 258789.217, 131
Trd, 258789.550, 137
Trd, 258790.017, 130
Trd, 258790.317, 132
Trd, 258790.667, 127
Trd, 258790.933, 121
Trd, 258791.200, 121
Trd, 258791.350, 140
Trd, 258791.517, 140
Trd, 258791.550, 139
Trd, 258791.633, 127
Trd, 258792.117, 128
Trd, 258792.167, 126
Trd, 258792.600, 124
Trd, 258792.967, 118
Trd, 258793.167, 132
Trd, 258793.450, 139
Trd, 258793.733, 133
Trd, 258793.867, 132
Trd, 258793.917, 114
Trd, 258794.017, 107
Trd, 258794.317, 107
Trd, 258794.383, 86
Trd, 258794.833, 131
Trd, 258795.200, 130
Trd, 258795.317, 135
Trd, 258795.733, 130
Trd, 258795.900, 130
Trd, 258796.367, 131
Trd, 258796.733, 140
Trd, 258796.967, 131
Trd, 258797.083, 131
Trd, 258797.250, 129
Trd, 258798.017, 140
Trd, 258798.050, 139
Trd, 258798.167, 140
Trd, 258798.217, 138
Trd, 258798.400, 119
Trd, 258799.217, 128
Trd, 258799.367, 104
Trd, 258799.417, 135
Trd, 258799.500, 107
Trd, 258800.267, 133
Trd, 258800.367, 134
Trd, 258800.467, 132
Trd, 258800.567, 126
Trd, 258801.017, 140
Trd, 258801.250, 140
Trd, 258801.333, 140
Trd, 258801.383, 140
Trd, 258801.517, 125
Trd, 258801.550, 120
Trd, 258801.617, 115
Trd, 258801.950, 140
Trd, 258801.967, 137
Trd, 258802.000, 104
Trd, 258803.017, 140
Trd, 258803.633, 139
Trd, 258803.700, 135
Trd, 258803.817, 134
Trd, 258804.017, 122
Trd, 258804.050, 108
Trd, 258804.117, 100
Trd, 258804.533, 101
Trd, 258804.583, 131
Trd, 258804.900, 99
Trd, 258805.017, 138
Trd, 258805.033, 98
Trd, 258805.283, 95
Trd, 258805.733, 81
Trd, 258806.133, 80
Trd, 258806.567, 84
Trd, 258806.900, 101
Trd, 258807.067, 101
Trd, 258807.550, 122
Trd, 258807.600, 106
Trd, 258808.433, 140
Trd, 258808.650, 140
Trd, 258808.750, 140
Trd, 258808.967, 140
Trd, 258810.000, 140
Trd, 258810.117, 139
Trd, 258810.133, 139
Trd, 258810.200, 130
Trd, 258810.283, 125
Trd, 258810.367, 124
Trd, 258810.383, 122
Trd, 258810.617, 140
Trd, 258811.100, 140
Trd, 258811.483, 126
Trd, 258812.183, 139
Trd, 258812.217, 138
Trd, 258812.350, 137
Trd, 258812.400, 137
Trd, 258812.500, 136
Trd, 258812.783, 126
Trd, 258813.017, 117
Trd, 258813.083, 103
Trd, 258813.617, 132
Trd, 258813.683, 135
Trd, 258813.700, 117
Trd, 258813.750, 102
Trd, 258814.417, 125
Trd, 258815.517, 120
Trd, 258815.683, 120
Trd, 258815.967, 122
Trd, 258816.117, 120
Trd, 258816.350, 124
Trd, 258816.517, 117
Trd, 258816.533, 123
Trd, 258816.550, 125
Trd, 258816.617, 114
Trd, 258816.917, 96
Trd, 258816.983, 94
Trd, 258817.200, 110
Trd, 258817.500, 89
Trd, 258817.583, 91
Trd, 258817.800, 91
Trd, 258818.700, 124
Trd, 258819.033, 135
Trd, 258819.317, 125
Trd, 258819.483, 123
Trd, 258819.550, 120
Trd, 258819.633, 118
Trd, 258819.700, 117
Trd, 258819.983, 114
Trd, 258820.617, 139
Trd, 258820.967, 140
Trd, 258821.017, 140
Trd, 258821.033, 140
Trd, 258821.050, 140
Trd, 258821.367, 140
Trd, 258821.900, 140
Trd, 258822.133, 130
Trd, 258822.967, 140
Trd, 258823.067, 140
Trd, 258823.083, 140
Trd, 258823.517, 139
Trd, 258823.567, 138
Trd, 258823.750, 134
Trd, 258823.767, 133
Trd, 258823.967, 137
Trd, 258823.983, 131
Trd, 258824.167, 130
Trd, 258824.300, 123
Trd, 258824.350, 122
Trd, 258824.600, 140
Trd, 258825.850, 140
Trd, 258826.000, 140
Trd, 258826.167, 140
Trd, 258826.800, 139
Trd, 258827.033, 124
Trd, 258827.050, 112
Trd, 258827.383, 137
Trd, 258827.533, 131
Trd, 258828.083, 135
Trd, 258828.467, 109
Trd, 258828.583, 119
Trd, 258828.767, 133
Trd, 258828.867, 121
Trd, 258829.017, 120
Trd, 258829.083, 114
Trd, 258829.117, 108
Trd, 258829.567, 113
Trd, 258829.750, 112
Trd, 258829.800, 109
Trd, 258829.983, 107
Trd, 258830.450, 139
Trd, 258830.800, 138
Trd, 258831.317, 138
Trd, 258831.833, 140
Trd, 258832.000, 140
Trd, 258832.217, 140
Trd, 258832.450, 140
Trd, 258832.567, 139
Trd, 258832.950, 140
Trd, 258833.217, 139
Trd, 258833.333, 136
Trd, 258833.533, 131
Trd, 258833.550, 127
Trd, 258833.783, 139
Trd, 258834.417, 139
Trd, 258834.683, 125
Trd, 258834.800, 124
Trd, 258835.050, 126
Trd, 258835.283, 140
Trd, 258835.400, 122
Trd, 258835.717, 120
Trd, 258835.817, 119
Trd, 258835.850, 128
Trd, 258835.967, 109
Trd, 258836.117, 106
Trd, 258836.450, 138
Trd, 258836.533, 107
Trd, 258837.167, 137
Trd, 258837.350, 113
Trd, 258837.400, 112
Trd, 258837.417, 110
Trd, 258837.433, 101
Trd, 258837.467, 100
Trd, 258838.017, 139
Trd, 258838.050, 120
Trd, 258838.167, 118
Trd, 258838.783, 140
Trd, 258838.833, 140
Trd, 258838.850, 140
Trd, 258839.383, 140
Trd, 258839.917, 139
Trd, 258840.367, 140
Trd, 258840.600, 140
Trd, 258840.750, 138
Trd, 258841.133, 131
Trd, 258841.283, 130
Trd, 258841.383, 126
Trd, 258841.617, 112
Trd, 258842.167, 140
Trd, 258842.400, 140
Trd, 258842.533, 140
Trd, 258842.667, 140
Trd, 258843.083, 134
Trd, 258843.250, 134
Trd, 258843.383, 133
Trd, 258843.533, 129
Trd, 258843.567, 128
Trd, 258843.783, 128
Trd, 258844.067, 138
Trd, 258844.133, 136
Trd, 258844.767, 121
Trd, 258844.783, 112
Trd, 258844.950, 109
Trd, 258845.017, 104
Trd, 258845.200, 103
Trd, 258845.217, 102
Trd, 258845.350, 92
Trd, 258845.400, 124
Trd, 258845.817, 98
Trd, 258846.050, 100
Trd, 258846.067, 87
Trd, 258846.250, 86
Trd, 258846.817, 133
Trd, 258847.950, 123
Trd, 258847.983, 122
Trd, 258848.200, 138
Trd, 258848.500, 139
Trd, 258848.783, 136
Trd, 258848.967, 118
Trd, 258849.483, 117
Trd, 258849.750, 127
Trd, 258849.767, 126
Trd, 258849.817, 121
Trd, 258849.833, 117
Trd, 258849.850, 117
Trd, 258851.733, 139
Trd, 258851.933, 139
Trd, 258852.067, 139
Trd, 258852.200, 138
Trd, 258852.500, 128
Trd, 258852.583, 123
Trd, 258852.650, 120
Trd, 258853.183, 126
Trd, 258853.200, 118
Trd, 258853.283, 107
Trd, 258853.317, 139
Trd, 258853.550, 104
Trd, 258853.583, 98
Trd, 258853.867, 110
Trd, 258854.167, 140
Trd, 258854.233, 106
Trd, 258854.267, 88
Trd, 258854.583, 140
Trd, 258855.850, 140
Trd, 258856.050, 140
Trd, 258856.267, 140
Trd, 258856.350, 140
Trd, 258856.483, 139
Trd, 258856.517, 138
Trd, 258857.200, 140
Trd, 258857.667, 128
Trd, 258857.733, 124
Trd, 258858.000, 128
Trd, 258858.100, 131
Trd, 258858.367, 113
Trd, 258858.383, 103
Trd, 258858.700, 90
Trd, 258858.800, 138
Trd, 258858.917, 105
Trd, 258859.217, 140
Trd, 258859.433, 139
Trd, 258859.533, 95
Trd, 258859.700, 88
Trd, 258860.267, 96
Trd, 258860.367, 82
Trd, 258860.417, 129
Trd, 258860.567, 75
Trd, 258860.883, 83
Trd, 258861.533, 103
Trd, 258861.700, 85
Trd, 258861.967, 140
Trd, 258861.983, 84
Trd, 258862.933, 140
Trd, 258863.083, 140
Trd, 258863.117, 140
Trd, 258863.267, 140
Trd, 258863.567, 140
Trd, 258863.583, 139
Trd, 258863.650, 137
Trd, 258864.017, 138
Trd, 258864.467, 137
Trd, 258864.683, 139
Trd, 258865.617, 140
Trd, 258865.850, 140
Trd, 258866.283, 140
Trd, 258866.483, 140
Trd, 258866.933, 140
Trd, 258867.117, 140
Trd, 258867.250, 140
Trd, 258867.333, 140
Trd, 258867.467, 131
Trd, 258867.567, 129
Trd, 258867.800, 129
Trd, 258868.033, 140
Trd, 258868.233, 139
Trd, 258868.583, 119
Trd, 258869.050, 106
Trd, 258869.117, 101
Trd, 258869.283, 89
Trd, 258869.550, 133
Trd, 258869.667, 89
Trd, 258870.167, 129
Trd, 258870.300, 132
Trd, 258870.333, 124
Trd, 258870.567, 131
Trd, 258870.583, 130
Trd, 258870.617, 129
Trd, 258870.633, 116
Trd, 258870.800, 140
Trd, 258870.833, 95
Trd, 258870.917, 88
Trd, 258871.200, 123
Trd, 258871.950, 87
Trd, 258872.217, 92
Trd, 258872.450, 85
Trd, 258872.883, 98
Trd, 258873.050, 85
Trd, 258873.100, 93
Trd, 258873.200, 115
Trd, 258873.267, 82
Trd, 258873.683, 82
Trd, 258874.017, 85
Trd, 258874.050, 80
Trd, 258874.233, 77
Trd, 258874.633, 122
Trd, 258875.250, 121
Trd, 258875.317, 125
Trd, 258875.533, 126
Trd, 258875.667, 140
Trd, 258875.767, 106
Trd, 258875.917, 89
Trd, 258875.967, 78
Trd, 258876.717, 140
Trd, 258877.033, 139
Trd, 258877.050, 137
Trd, 258877.233, 130
Trd, 258877.283, 90
Trd, 258877.367, 74
Trd, 258878.517, 140
Trd, 258878.617, 140
Trd, 258878.917, 140
Trd, 258879.067, 139
Trd, 258879.133, 139
Trd, 258879.217, 138
Trd, 258879.467, 140
Trd, 258880.000, 139
Trd, 258880.400, 138
Trd, 258880.467, 133
Trd, 258881.017, 140
Trd, 258881.133, 140
Trd, 258881.283, 138
Trd, 258881.300, 129
Trd, 258881.667, 129
Trd, 258881.850, 139
Trd, 258881.867, 127
Trd, 258881.983, 126
Trd, 258882.567, 125
Trd, 258882.850, 93
Trd, 258883.067, 115
Trd, 258883.150, 98
Trd, 258883.250, 89
Trd, 258883.267, 139
Trd, 258883.417, 86
Trd, 258883.733, 85
Trd, 258884.200, 139
Trd, 258884.367, 126
Trd, 258884.433, 125
Trd, 258884.650, 109
Trd, 258884.750, 109
Trd, 258884.883, 115
Trd, 258885.283, 135
Trd, 258885.883, 130
Trd, 258885.900, 133
Trd, 258886.017, 135
Trd, 258886.117, 129
Trd, 258886.383, 138
Trd, 258886.583, 133
Trd, 258886.633, 132
Trd, 258886.833, 129
Trd, 258887.083, 140
Trd, 258888.033, 132
Trd, 258888.233, 128
Trd, 258888.250, 124
Trd, 258888.367, 122
Trd, 258888.550, 122
Trd, 258888.667, 139
Trd, 258888.683, 88
Trd, 258888.733, 88
Trd, 258888.817, 140
Trd, 258889.400, 139
Trd, 258889.483, 100
Trd, 258889.833, 116
Trd, 258890.117, 137
Trd, 258890.167, 121
Trd, 258890.400, 113
Trd, 258891.367, 131
Trd, 258891.917, 137
Trd, 258891.950, 125
Trd, 258892.367, 121
Trd, 258892.667, 120
Trd, 258892.950, 118
Trd, 258893.483, 116
Trd, 258893.567, 115
Trd, 258893.600, 108
Trd, 258893.833, 137
Trd, 258894.117, 137
Trd, 258894.467, 138
Trd, 258894.617, 135
Trd, 258894.683, 126
Trd, 258894.933, 126
Trd, 258894.950, 125
Trd, 258894.967, 120
Trd, 258895.050, 117
Trd, 258895.367, 140
Trd, 258896.950, 99
Trd, 258896.983, 97
Trd, 258897.300, 97
Trd, 258897.467, 117
Trd, 258897.667, 98
Trd, 258898.017, 138
Trd, 258898.467, 139
Trd, 258898.583, 140
Trd, 258898.650, 138
Trd, 258899.083, 139
Trd, 258899.167, 131
Trd, 258899.300, 126
Trd, 258899.483, 122
Trd, 258899.600, 135
Trd, 258899.667, 121
Trd, 258899.950, 123
Trd, 258900.033, 110
Trd, 258900.050, 109
Trd, 258900.167, 103
Trd, 258900.250, 134
Trd, 258900.317, 122
Trd, 258900.500, 136
Trd, 258901.250, 139
Trd, 258901.483, 103
Trd, 258901.583, 102
Trd, 258901.650, 88
Trd, 258902.233, 107
Trd, 258902.867, 108
Trd, 258903.033, 125
Trd, 258903.383, 88
Trd, 258903.533, 117
Trd, 258903.633, 139
Trd, 258904.100, 91
Trd, 258904.167, 119
Trd, 258904.183, 98
Trd, 258904.233, 90
Trd, 258904.400, 89
Trd, 258904.700, 98
Trd, 258905.583, 140
Trd, 258906.267, 139
Trd, 258906.350, 138
Trd, 258906.767, 122
Trd, 258906.883, 121
Trd, 258907.383, 115
Trd, 258907.500, 109
Trd, 258908.067, 105
Trd, 258908.167, 134
Trd, 258908.367, 138
Trd, 258908.383, 102
Trd, 258908.550, 137
Trd, 258908.650, 101
Trd, 258908.950, 97
Trd, 258909.100, 136
Trd, 258909.450, 105
Trd, 258910.033, 115
Trd, 258910.100, 115
Trd, 258910.367, 112
Trd, 258910.383, 116
Trd, 258910.550, 136
Trd, 258910.667, 112
Trd, 258910.967, 113
Trd, 258911.050, 112
Trd, 258911.200, 105
Trd, 258911.500, 80
Trd, 258911.650, 127
Trd, 258912.150, 113
Trd, 258912.633, 140
Trd, 258912.667, 140
Trd, 258912.683, 140
Trd, 258912.750, 140
Trd, 258912.800, 116
Trd, 258912.983, 140
Trd, 258913.217, 136
Trd, 258913.300, 135
Trd, 258913.367, 122
Trd, 258913.667, 107
Trd, 258914.117, 103
Trd, 258914.417, 110
Trd, 258914.517, 132
Trd, 258914.767, 91
Trd, 258915.067, 87
Trd, 258915.117, 94
Trd, 258915.200, 85
Trd, 258915.500, 95
Trd, 258915.583, 83
Trd, 258915.833, 110
Trd, 258915.900, 82
Trd, 258915.983, 65
Trd, 258916.333, 122
Trd, 258916.883, 107
Trd, 258918.517, 124
Trd, 258918.717, 124
Trd, 258918.850, 123
Trd, 258919.000, 126
Trd, 258919.283, 127
Trd, 258919.350, 123
Trd, 258919.600, 122
Trd, 258919.683, 118
Trd, 258919.867, 105
Trd, 258920.233, 128
Trd, 258920.517, 104
Trd, 258920.550, 113
Trd, 258920.800, 120
Trd, 258920.967, 127
Trd, 258921.233, 116
Trd, 258921.300, 111
Trd, 258921.433, 111
Trd, 258921.717, 137
Trd, 258922.800, 123
Trd, 258922.983, 122
Trd, 258923.267, 102
Trd, 258923.300, 102
Trd, 258923.433, 139
Trd, 258923.483, 139
Trd, 258923.617, 101
Trd, 258923.667, 122
Trd, 258923.967, 85
Trd, 258924.350, 92
Trd, 258924.367, 75
Trd, 258924.433, 72
Trd, 258924.700, 88
Trd, 258925.250, 76
Trd, 258925.433, 110
Trd, 258926.233, 132
Trd, 258926.317, 131
Trd, 258926.417, 126
Trd, 258926.717, 135
Trd, 258926.767, 134
Trd, 258927.283, 137
Trd, 258927.733, 122
Trd, 258927.750, 118
Trd, 258927.817, 117
Trd, 258928.533, 112
Trd, 258928.783, 120
Trd, 258929.067, 121
Trd, 258929.233, 103
Trd, 258929.350, 139
Trd, 258929.850, 140
Trd, 258930.100, 140
Trd, 258930.333, 140
Trd, 258930.467, 140
Trd, 258930.733, 140
Trd, 258930.800, 140
Trd, 258931.217, 140
Trd, 258931.417, 138
Trd, 258931.617, 137
Trd, 258931.850, 131
Trd, 258932.083, 118
Trd, 258932.567, 140
Trd, 258932.683, 126
Trd, 258932.783, 123
Trd, 258933.150, 129
Trd, 258933.600, 118
Trd, 258933.617, 117
Trd, 258934.000, 133
Trd, 258934.100, 116
Trd, 258934.183, 120
Trd, 258934.283, 115
Trd, 258934.350, 104
Trd, 258934.400, 103
Trd, 258935.150, 131
Trd, 258935.200, 98
Trd, 258935.650, 133
Trd, 258935.667, 100
Trd, 258935.733, 131
Trd, 258935.750, 99
Trd, 258936.050, 132
Trd, 258936.917, 140
Trd, 258937.217, 139
Trd, 258937.267, 125
Trd, 258938.067, 119
Trd, 258938.233, 120
Trd, 258938.300, 120
Trd, 258938.317, 119
Trd, 258938.517, 118
Trd, 258938.917, 109
Trd, 258939.283, 133
Trd, 258939.317, 122
Trd, 258939.350, 139
Trd, 258939.417, 109
Trd, 258939.983, 140
Trd, 258940.117, 140
Trd, 258940.433, 136
Trd, 258941.050, 135
Trd, 258941.133, 134
Trd, 258941.533, 134
Trd, 258941.667, 124
Trd, 258941.967, 140
Trd, 258942.267, 122
Trd, 258942.500, 124
Trd, 258942.767, 139
Trd, 258942.867, 113
Trd, 258943.033, 113
Trd, 258943.167, 112
Trd, 258943.467, 109
Trd, 258943.733, 115
Trd, 258944.117, 110
Trd, 258944.183, 111
Trd, 258944.550, 135
Trd, 258944.967, 110
Trd, 258945.067, 109
Trd, 258945.233, 140
Trd, 258945.267, 108
Trd, 258945.750, 122
Trd, 258945.783, 121
Trd, 258945.850, 113
Trd, 258946.117, 137
Trd, 258946.350, 140
Trd, 258946.600, 139
Trd, 258946.650, 131
Trd, 258946.750, 131
Trd, 258946.950, 116
Trd, 258947.467, 140
Trd, 258948.000, 140
Trd, 258948.567, 140
Trd, 258948.600, 140
Trd, 258948.933, 138
Trd, 258949.217, 129
Trd, 258949.267, 140
Trd, 258950.200, 121
Trd, 258950.300, 119
Trd, 258950.433, 125
Trd, 258950.533, 129
Trd, 258950.883, 125
Trd, 258951.283, 125
Trd, 258951.567, 130
Trd, 258952.267, 140
Trd, 258952.367, 140
Trd, 258952.833, 140
Trd, 258952.900, 140
Trd, 258953.583, 140
Trd, 258953.617, 140
Trd, 258953.683, 140
Trd, 258953.883, 139
Trd, 258953.950, 139
Trd, 258954.750, 133
Trd, 258954.900, 133
Trd, 258954.917, 130
Trd, 258955.100, 140
Trd, 258955.350, 139
Trd, 258955.667, 140
Trd, 258956.150, 135
Trd, 258956.183, 123
Trd, 258956.333, 122
Trd, 258956.450, 121
Trd, 258956.983, 108
Trd, 258957.117, 117
Trd, 258957.383, 127
Trd, 258957.433, 108
Trd, 258957.483, 107
Trd, 258957.650, 133
Trd, 258957.800, 124
Trd, 258957.867, 123
Trd, 258958.350, 131
Trd, 258958.433, 129
Trd, 258958.483, 125
Trd, 258958.767, 121
Trd, 258959.100, 112
Trd, 258959.233, 112
Trd, 258959.533, 118
Trd, 258959.833, 111
Trd, 258959.850, 123
Trd, 258959.950, 105
Trd, 258960.117, 137
Trd, 258960.167, 100
Trd, 258960.267, 125
Trd, 258960.733, 138
Trd, 258961.000, 137
Trd, 258961.100, 113
Trd, 258961.483, 139
Trd, 258961.733, 138
Trd, 258961.917, 114
Trd, 258962.117, 114
Trd, 258962.350, 102
Trd, 258962.517, 101
Trd, 258963.133, 140
Trd, 258963.233, 140
Trd, 258963.283, 139
Trd, 258963.783, 121
Trd, 258964.150, 122
Trd, 258964.317, 121
Trd, 258964.417, 96
Trd, 258965.067, 84
Trd, 258965.133, 87
Trd, 258965.383, 68
Trd, 258965.833, 129
Trd, 258965.883, 96
Trd, 258965.983, 115
Trd, 258966.083, 91
Trd, 258966.600, 99
Trd, 258966.683, 98
Trd, 258966.767, 117
Trd, 258966.800, 96
Trd, 258966.817, 91
Trd, 258966.883, 128
Trd, 258967.283, 115
Trd, 258967.383, 93
Trd, 258967.450, 87
Trd, 258967.667, 94
Trd, 258967.917, 69
Trd, 258968.500, 126
Trd, 258968.850, 118
Trd, 258969.083, 129
Trd, 258969.350, 133
Trd, 258969.367, 132
Trd, 258969.750, 136
Trd, 258970.267, 112
Trd, 258970.483, 133
Trd, 258971.600, 140
Trd, 258971.617, 133
Trd, 258971.767, 133
Trd, 258971.917, 132
Trd, 258972.417, 140
Trd, 258972.450, 140
Trd, 258972.467, 140
Trd, 258973.317, 140
Trd, 258973.733, 140
Trd, 258973.883, 138
Trd, 258974.750, 140
Trd, 258974.867, 138
Trd, 258974.883, 129
Trd, 258975.033, 139
Trd, 258975.200, 129
Trd, 258975.600, 119
Trd, 258975.950, 120
Trd, 258976.183, 109
Trd, 258976.467, 112
Trd, 258977.100, 110
Trd, 258977.533, 113
Trd, 258977.667, 107
Trd, 258977.833, 107
Trd, 258977.967, 104
Trd, 258978.017, 103
Trd, 258978.033, 115
Trd, 258978.150, 91
Trd, 258978.767, 79
Trd, 258979.250, 80
Trd, 258979.500, 79
Trd, 258979.633, 77
Trd, 258979.683, 86
Trd, 258979.900, 97
Trd, 258980.033, 77
Trd, 258980.267, 96
Trd, 258980.750, 97
Trd, 258980.800, 96
Trd, 258981.050, 98
Trd, 258981.067, 72
Trd, 258981.117, 71
Trd, 258981.367, 99
Trd, 258981.600, 129
Trd, 258981.650, 128
Trd, 258981.667, 122
Trd, 258981.717, 107
Trd, 258981.867, 140
Trd, 258982.017, 140
Trd, 258982.050, 139
Trd, 258982.083, 138
Trd, 258982.450, 140
Trd, 258982.817, 129
Trd, 258983.083, 128
Trd, 258983.250, 121
Trd, 258984.433, 139
Trd, 258984.500, 139
Trd, 258984.783, 115
Trd, 258985.200, 114
Trd, 258985.267, 104
Trd, 258985.367, 115
Trd, 258986.183, 123
Trd, 258986.217, 122
Trd, 258986.300, 122
Trd, 258986.417, 121
Trd, 258986.483, 129
Trd, 258987.300, 115
Trd, 258987.500, 138
Trd, 258987.700, 110
Trd, 258987.850, 107
Trd, 258988.100, 90
Trd, 258988.267, 119
Trd, 258988.450, 126
Trd, 258989.017, 139
Trd, 258989.083, 137
Trd, 258989.367, 98
Trd, 258989.550, 140
Trd, 258989.600, 129
Trd, 258990.067, 115
Trd, 258990.117, 113
Trd, 258990.150, 128
Trd, 258991.217, 140
Trd, 258991.250, 140
Trd, 258991.667, 140
Trd, 258991.683, 140
Trd, 258991.733, 140
Trd, 258992.083, 129
Trd, 258992.200, 114
Trd, 258992.317, 106
Trd, 258992.417, 101
Trd, 258992.600, 87
Trd, 258992.717, 117
Trd, 258992.883, 108
Trd, 258993.150, 65
Trd, 258993.450, 62
Trd, 258993.667, 62
Trd, 258993.817, 72
Trd, 258994.150, 68
Trd, 258994.417, 93
Trd, 258994.483, 61
Trd, 258994.800, 93
Trd, 258995.017, 64
Trd, 258995.033, 111
Trd, 258995.117, 119
Trd, 258995.633, 113
Trd, 258995.700, 114
Trd, 258995.833, 87
Trd, 258995.850, 86
Trd, 258996.333, 69
Trd, 258996.700, 84
Trd, 258996.783, 113
Trd, 258996.900, 114
Trd, 258997.150, 87
Trd, 258997.300, 84
Trd, 258997.683, 82
Trd, 258997.700, 99
Trd, 258997.800, 127
Trd, 258997.983, 111
Trd, 258998.183, 93
Trd, 258998.250, 83
Trd, 258998.283, 82
Trd, 258999.283, 140
Trd, 258999.433, 140
Trd, 258999.733, 140
Trd, 258999.833, 140
Trd, 259000.017, 138
Trd, 259000.150, 129
Trd, 259000.333, 125
Trd, 259000.367, 121
Trd, 259000.517, 105
Trd, 259000.933, 140
Trd, 259001.033, 113
Trd, 259001.233, 91
Trd, 259002.517, 140
Trd, 259002.617, 139
Trd, 259002.750, 133
Trd, 259002.767, 132
Trd, 259003.000, 140
Trd, 259003.017, 99
Trd, 259003.517, 126
Trd, 259004.067, 117
Trd, 259004.250, 116
Trd, 259004.350, 115
Trd, 259004.500, 137
Trd, 259004.983, 126
Trd, 259005.167, 127
Trd, 259005.200, 125
Trd, 259005.300, 112
Trd, 259005.350, 99
Trd, 259005.383, 94
Trd, 259005.550, 93
Trd, 259005.567, 92
Trd, 259006.167, 93
Trd, 259006.200, 126
Trd, 259006.533, 112
Trd, 259006.767, 114
Trd, 259007.200, 140
Trd, 259007.233, 140
Trd, 259007.500, 124
Trd, 259007.633, 110
Trd, 259008.400, 105
Trd, 259008.433, 125
Trd, 259008.517, 126
Trd, 259008.650, 120
Trd, 259008.800, 102
Trd, 259009.267, 134
Trd, 259009.333, 105
Trd, 259009.400, 103
Trd, 259009.667, 140
Trd, 259009.850, 100
Trd, 259010.133, 112
Trd, 259010.383, 119
Trd, 259010.617, 107
Trd, 259010.833, 99
Trd, 259011.017, 116
Trd, 259011.117, 102
Trd, 259011.433, 117
Trd, 259012.050, 120
Trd, 259012.567, 140
Trd, 259012.633, 140
Trd, 259012.817, 140
Trd, 259012.967, 120
Trd, 259013.000, 118
Trd, 259013.350, 139
Trd, 259013.600, 140
Trd, 259014.250, 120
Trd, 259014.267, 119
Trd, 259014.333, 117
Trd, 259015.650, 140
Trd, 259015.683, 140
Trd, 259015.767, 140
Trd, 259016.283, 140
Trd, 259016.483, 140
Trd, 259016.517, 140
Trd, 259016.700, 140
Trd, 259017.000, 140
Trd, 259017.050, 128
Trd, 259017.250, 118
Trd, 259017.500, 117
Trd, 259017.617, 106
Trd, 259017.850, 120
Trd, 259017.883, 124
Trd, 259017.900, 105
Trd, 259017.917, 104
Trd, 259018.017, 105
Trd, 259018.033, 100
Trd, 259018.500, 112
Trd, 259018.600, 103
Trd, 259018.883, 110
Trd, 259019.817, 124
Trd, 259020.067, 121
Trd, 259020.633, 140
Trd, 259021.300, 140
Trd, 259021.383, 140
Trd, 259021.550, 140
Trd, 259021.950, 140
Trd, 259022.167, 139
Trd, 259022.350, 138
Trd, 259022.783, 139
Trd, 259023.017, 139
Trd, 259023.167, 138
Trd, 259023.233, 137
Trd, 259023.433, 136
Trd, 259023.450, 131
Trd, 259023.583, 128
Trd, 259023.950, 131
Trd, 259024.517, 123
Trd, 259024.733, 117
Trd, 259025.233, 111
Trd, 259025.317, 123
Trd, 259025.483, 110
Trd, 259025.750, 109
Trd, 259025.900, 102
Trd, 259026.017, 100
Trd, 259026.467, 109
Trd, 259026.783, 97
Trd, 259026.850, 101
Trd, 259026.983, 97
Trd, 259027.050, 96
Trd, 259027.250, 102
Trd, 259028.300, 140
Trd, 259028.317, 139
Trd, 259028.717, 128
Trd, 259029.050, 127
Trd, 259029.083, 125
Trd, 259029.267, 123
Trd, 259029.333, 139
Trd, 259029.350, 120
Trd, 259029.617, 117
Trd, 259029.717, 116
Trd, 259029.750, 124
Trd, 259029.817, 113
Trd, 259030.217, 123
Trd, 259030.750, 130
Trd, 259030.933, 97
Trd, 259031.000, 130
Trd, 259031.050, 120
Trd, 259031.067, 88
Trd, 259031.200, 75
Trd, 259031.400, 111
Trd, 259031.550, 134
Trd, 259031.967, 137
Trd, 259032.417, 100
Trd, 259032.533, 99
Trd, 259032.750, 121
Trd, 259033.183, 137
Trd, 259033.233, 115
Trd, 259033.800, 140
Trd, 259034.050, 140
Trd, 259034.200, 140
Trd, 259034.800, 140
Trd, 259034.850, 140
Trd, 259035.050, 140
Trd, 259035.067, 140
Trd, 259035.083, 140
Trd, 259035.233, 131
Trd, 259036.100, 108
Trd, 259036.250, 139
Trd, 259036.317, 105
Trd, 259036.667, 111
Trd, 259036.983, 127
Trd, 259037.100, 129
Trd, 259037.333, 98
Trd, 259037.633, 123
Trd, 259037.867, 131
Trd, 259038.017, 102
Trd, 259038.183, 136
Trd, 259038.317, 97
Trd, 259038.500, 97
Trd, 259038.550, 96
Trd, 259038.850, 139
Trd, 259039.183, 121
Trd, 259039.267, 122
Trd, 259039.833, 140
Trd, 259039.850, 140
Trd, 259040.000, 140
Trd, 259040.233, 131
Trd, 259040.433, 140
Trd, 259040.483, 127
Trd, 259040.500, 118
Trd, 259040.567, 116
Trd, 259040.750, 116
Trd, 259040.867, 116
Trd, 259041.183, 133
Trd, 259041.267, 111
Trd, 259041.567, 138
Trd, 259041.817, 128
Trd, 259042.083, 127
Trd, 259042.183, 110
Trd, 259042.717, 106
Trd, 259042.850, 105
Trd, 259043.133, 106
Trd, 259043.233, 107
Trd, 259043.317, 107
Trd, 259043.617, 138
Trd, 259043.883, 105
Trd, 259044.350, 136
Trd, 259044.417, 112
Trd, 259044.450, 104
Trd, 259045.050, 104
Trd, 259045.333, 103
Trd, 259045.400, 115
Trd, 259045.600, 102
Trd, 259045.650, 118
Trd, 259045.783, 99
Trd, 259045.917, 137
Trd, 259046.033, 95
Trd, 259046.583, 92
Trd, 259046.733, 130
Trd, 259046.817, 92
Trd, 259047.250, 138
Trd, 259047.433, 118
Trd, 259047.683, 121
Trd, 259047.717, 119
Trd, 259048.117, 138
Trd, 259048.533, 120
Trd, 259049.600, 140
Trd, 259049.733, 140
Trd, 259049.917, 132
Trd, 259050.000, 131
Trd, 259050.050, 130
Trd, 259050.067, 123
Trd, 259050.350, 113
Trd, 259050.500, 108
Trd, 259050.600, 102
Trd, 259050.683, 139
Trd, 259050.700, 97
Trd, 259050.733, 81
Trd, 259050.883, 137
Trd, 259051.383, 96
Trd, 259051.733, 107
Trd, 259051.817, 118
Trd, 259051.867, 94
Trd, 259052.067, 81
Trd, 259052.417, 139
Trd, 259052.533, 140
Trd, 259052.683, 96
Trd, 259052.733, 81
Trd, 259053.050, 140
Trd, 259053.233, 140
Trd, 259053.633, 140
Trd, 259055.017, 140
Trd, 259055.250, 140
Trd, 259055.717, 140
Trd, 259055.883, 140
Trd, 259056.367, 140
Trd, 259056.500, 140
Trd, 259056.600, 131
Trd, 259056.700, 130
Trd, 259057.833, 113
Trd, 259057.867, 127
Trd, 259058.100, 140
Trd, 259058.200, 116
Trd, 259058.367, 116
Trd, 259059.017, 140
Trd, 259059.167, 139
Trd, 259059.267, 140
Trd, 259059.883, 139
Trd, 259059.933, 139
Trd, 259060.100, 139
Trd, 259060.400, 138
Trd, 259060.483, 132
Trd, 259060.533, 128
Trd, 259060.550, 126
Trd, 259060.700, 122
Trd, 259060.817, 123
Trd, 259060.967, 111
Trd, 259061.050, 111
Trd, 259061.133, 138
Trd, 259061.400, 139
Trd, 259061.817, 127
Trd, 259062.067, 111
Trd, 259062.600, 140
Trd, 259062.683, 140
Trd, 259062.733, 139
Trd, 259062.800, 132
Trd, 259063.217, 139
Trd, 259063.283, 139
Trd, 259063.333, 130
Trd, 259063.667, 140
Trd, 259063.800, 117
Trd, 259064.050, 117
Trd, 259064.917, 114
Trd, 259065.367, 114
Trd, 259065.600, 114
Trd, 259065.883, 115
Trd, 259065.967, 113
Trd, 259066.000, 111
Trd, 259066.150, 111
Trd, 259066.833, 140
Trd, 259066.917, 140
Trd, 259067.483, 140
Trd, 259067.517, 140
Trd, 259067.817, 140
Trd, 259067.950, 140
Trd, 259068.117, 140
Trd, 259068.483, 128
Trd, 259068.500, 111
Trd, 259068.550, 109
Trd, 259068.667, 130
Trd, 259068.817, 139
Trd, 259069.067, 104
Trd, 259069.400, 136
Trd, 259070.033, 122
Trd, 259070.500, 139
Trd, 259070.533, 140
Trd, 259070.883, 122
Trd, 259070.917, 120
Trd, 259071.233, 135
Trd, 259071.317, 136
Trd, 259071.483, 126
Trd, 259071.517, 121
Trd, 259071.583, 116
Trd, 259072.333, 137
Trd, 259072.350, 118
Trd, 259072.517, 140
Trd, 259072.600, 117
Trd, 259073.050, 105
Trd, 259073.400, 105
Trd, 259073.550, 116
Trd, 259073.767, 97
Trd, 259073.967, 126
Trd, 259074.133, 92
Trd, 259074.433, 99
Trd, 259074.467, 92
Trd, 259074.483, 91
Trd, 259074.667, 101
Trd, 259074.933, 135
Trd, 259075.283, 140
Trd, 259075.300, 140
Trd, 259075.350, 134
Trd, 259075.533, 132
Trd, 259075.967, 127
Trd, 259076.150, 110
Trd, 259076.167, 138
Trd, 259076.217, 104
Trd, 259076.717, 135
Trd, 259076.750, 129
Trd, 259076.867, 128
Trd, 259077.200, 94
Trd, 259077.300, 114
Trd, 259077.467, 105
Trd, 259077.733, 140
Trd, 259077.833, 71
Trd, 259077.933, 67
Trd, 259077.950, 63
Trd, 259078.400, 139
Trd, 259078.717, 84
Trd, 259078.783, 79
Trd, 259079.467, 110
Trd, 259079.583, 131
Trd, 259079.950, 132
Trd, 259080.117, 131
Trd, 259080.317, 130
Trd, 259080.717, 131
Trd, 259081.100, 130
Trd, 259081.117, 119
Trd, 259081.233, 114
Trd, 259081.550, 110
Trd, 259081.667, 78
Trd, 259082.500, 78
Trd, 259082.617, 70
Trd, 259082.917, 83
Trd, 259083.050, 67
Trd, 259083.167, 77
Trd, 259083.200, 126
Trd, 259083.567, 106
Trd, 259083.667, 128
Trd, 259083.950, 86
Trd, 259083.983, 108
Trd, 259084.250, 69
Trd, 259084.550, 124
Trd, 259084.583, 121
Trd, 259084.683, 125
Trd, 259085.350, 115
Trd, 259085.400, 116
Trd, 259085.900, 140
Trd, 259086.067, 140
Trd, 259086.350, 139
Trd, 259086.700, 139
Trd, 259086.900, 138
Trd, 259086.983, 119
Trd, 259087.233, 100
Trd, 259087.300, 96
Trd, 259088.083, 105
Trd, 259088.383, 138
Trd, 259088.717, 104
Trd, 259089.267, 130
Trd, 259089.317, 140
Trd, 259089.517, 139
Trd, 259089.733, 140
Trd, 259089.750, 139
Trd, 259089.833, 102
Trd, 259090.267, 140
Trd, 259090.283, 139
Trd, 259090.350, 138
Trd, 259090.533, 128
Trd, 259090.783, 139
Trd, 259090.850, 104
Trd, 259091.450, 120
Trd, 259091.700, 130
Trd, 259092.267, 140
Trd, 259092.500, 139
Trd, 259092.617, 131
Trd, 259092.650, 123
Trd, 259092.850, 103
Trd, 259092.917, 96
Trd, 259093.133, 106
Trd, 259093.433, 107
Trd, 259093.567, 99
Trd, 259093.850, 98
Trd, 259094.000, 108
Trd, 259094.117, 112
Trd, 259094.350, 140
Trd, 259094.433, 91
Trd, 259094.567, 132
Trd, 259094.783, 101
Trd, 259095.167, 97
Trd, 259095.400, 138
Trd, 259095.500, 138
Trd, 259095.617, 136
Trd, 259095.867, 100
Trd, 259096.283, 97
Trd, 259096.950, 96
Trd, 259097.000, 99
Trd, 259097.100, 95
Trd, 259097.367, 92
Trd, 259097.483, 126
Trd, 259098.183, 140
Trd, 259098.383, 138
Trd, 259098.717, 90
Trd, 259099.283, 116
Trd, 259099.300, 109
Trd, 259099.600, 140
Trd, 259099.617, 140
Trd, 259099.700, 108
Trd, 259099.800, 91
Trd, 259099.983, 139
Trd, 259100.083, 118
Trd, 259100.283, 122
Trd, 259100.433, 92
Trd, 259100.500, 87
Trd, 259100.933, 140
Trd, 259100.983, 139
Trd, 259101.650, 140
Trd, 259101.767, 139
Trd, 259101.833, 138
Trd, 259102.217, 137
Trd, 259102.250, 132
Trd, 259102.383, 113
Trd, 259102.633, 115
Trd, 259102.667, 107
Trd, 259102.883, 106
Trd, 259103.483, 117
Trd, 259103.500, 123
Trd, 259103.550, 116
Trd, 259103.700, 109
Trd, 259104.033, 124
Trd, 259104.050, 126
Trd, 259104.367, 109
Trd, 259104.750, 122
Trd, 259104.817, 128
Trd, 259105.267, 99
Trd, 259105.483, 96
Trd, 259105.717, 117
Trd, 259106.233, 140
Trd, 259106.550, 140
Trd, 259106.800, 140
Trd, 259107.117, 140
Trd, 259107.217, 130
Trd, 259107.233, 129
Trd, 259107.667, 140
Trd, 259107.933, 140
Trd, 259108.017, 139
Trd, 259108.067, 113
Trd, 259108.183, 139
Trd, 259108.900, 114
Trd, 259109.083, 127
Trd, 259109.400, 106
Trd, 259109.517, 105
Trd, 259109.550, 98
Trd, 259109.650, 95
Trd, 259110.150, 86
Trd, 259110.267, 107
Trd, 259110.433, 85
Trd, 259110.683, 97
Trd, 259110.783, 93
Trd, 259111.483, 84
Trd, 259111.583, 83
Trd, 259111.833, 83
Trd, 259111.967, 139
Trd, 259112.217, 130
Trd, 259112.633, 139
Trd, 259112.650, 134
Trd, 259112.800, 105
Trd, 259112.983, 103
Trd, 259113.300, 138
Trd, 259113.817, 115
Trd, 259114.167, 126
Trd, 259114.900, 140
Trd, 259115.183, 140
Trd, 259115.483, 140
Trd, 259115.600, 131
Trd, 259115.933, 128
Trd, 259116.000, 122
Trd, 259116.150, 107
Trd, 259116.183, 105
Trd, 259116.400, 139
Trd, 259116.433, 138
Trd, 259116.633, 139
Trd, 259116.833, 139
Trd, 259117.217, 131
Trd, 259117.300, 130
Trd, 259117.433, 130
Trd, 259117.983, 139
Trd, 259118.217, 138
Trd, 259118.367, 137
Trd, 259118.383, 129
Trd, 259118.683, 127
Trd, 259119.150, 124
Trd, 259119.283, 123
Trd, 259119.433, 118
Trd, 259119.617, 104
Trd, 259119.750, 135
Trd, 259120.033, 138
Trd, 259121.333, 140
Trd, 259121.433, 140
Trd, 259121.533, 140
Trd, 259121.617, 140
Trd, 259121.650, 135
Trd, 259121.733, 133
Trd, 259121.800, 114
Trd, 259121.900, 116
Trd, 259122.017, 140
Trd, 259122.050, 139
Trd, 259122.233, 112
Trd, 259122.300, 99
Trd, 259122.417, 140
Trd, 259123.083, 140
Trd, 259123.283, 140
Trd, 259123.383, 120
Trd, 259123.800, 126
Trd, 259124.383, 136
Trd, 259124.700, 138
Trd, 259124.883, 134
Trd, 259125.067, 134
Trd, 259125.333, 136
Trd, 259125.350, 130
Trd, 259125.383, 129
Trd, 259126.017, 137
Trd, 259126.033, 131
Trd, 259126.200, 131
Trd, 259126.317, 130
Trd, 259126.500, 131
Trd, 259126.650, 127
Trd, 259126.750, 126
Trd, 259127.017, 117
Trd, 259127.133, 138
Trd, 259127.400, 108
Trd, 259127.600, 108
Trd, 259127.733, 123
Trd, 259128.050, 132
Trd, 259128.450, 139
Trd, 259128.533, 138
Trd, 259128.850, 114
Trd, 259128.933, 113
Trd, 259129.700, 140
Trd, 259130.367, 139
Trd, 259130.600, 136
Trd, 259131.067, 124
Trd, 259131.283, 134
Trd, 259131.333, 123
Trd, 259131.350, 122
Trd, 259131.367, 119
Trd, 259131.417, 119
Trd, 259132.133, 111
Trd, 259132.267, 110
Trd, 259132.483, 105
Trd, 259132.783, 140
Trd, 259133.050, 110
Trd, 259133.400, 102
Trd, 259133.550, 97
Trd, 259133.600, 93
Trd, 259133.750, 91
Trd, 259133.783, 113
Trd, 259134.333, 139
Trd, 259134.467, 109
Trd, 259134.567, 109
Trd, 259134.933, 117
Trd, 259135.367, 112
Trd, 259135.733, 112
Trd, 259135.883, 105
Trd, 259135.933, 124
Trd, 259136.217, 101
Trd, 259136.250, 100
Trd, 259136.333, 100
Trd, 259136.767, 132
Trd, 259137.100, 96
Trd, 259137.167, 134
Trd, 259137.267, 89
Trd, 259137.300, 88
Trd, 259137.583, 88
Trd, 259137.650, 135
Trd, 259137.817, 140
Trd, 259138.017, 140
Trd, 259138.083, 140
Trd, 259138.900, 140
Trd, 259139.250, 140
Trd, 259139.467, 119
Trd, 259139.617, 117
Trd, 259140.200, 140
Trd, 259140.400, 140
Trd, 259140.467, 131
Trd, 259140.683, 140
Trd, 259141.083, 113
Trd, 259141.350, 119
Trd, 259141.417, 112
Trd, 259141.600, 106
Trd, 259141.783, 104
Trd, 259141.900, 135
Trd, 259142.333, 102
Trd, 259142.367, 101
Trd, 259143.400, 126
Trd, 259143.717, 122
Trd, 259143.800, 140
Trd, 259144.067, 125
Trd, 259144.167, 120
Trd, 259144.350, 108
Trd, 259144.517, 139
Trd, 259144.600, 138
Trd, 259144.900, 124
Trd, 259145.317, 123
Trd, 259145.400, 107
Trd, 259145.733, 136
Trd, 259145.933, 138
Trd, 259146.033, 139
Trd, 259146.050, 137
Trd, 259146.100, 135
Trd, 259146.117, 133
Trd, 259146.783, 116
Trd, 259147.400, 138
Trd, 259147.950, 121
Trd, 259148.033, 139
Trd, 259148.450, 106
Trd, 259148.583, 140
Trd, 259148.667, 120
Trd, 259148.850, 106
Trd, 259149.083, 123
Trd, 259149.150, 122
Trd, 259149.717, 128
Trd, 259149.967, 128
Trd, 259150.283, 128
Trd, 259150.367, 124
Trd, 259151.333, 138
Trd, 259151.367, 137
Trd, 259151.400, 136
Trd, 259151.650, 135
Trd, 259151.917, 125
Trd, 259152.233, 138
Trd, 259152.267, 137
Trd, 259152.333, 126
Trd, 259153.117, 140
Trd, 259153.300, 139
Trd, 259153.317, 129
Trd, 259153.433, 110
Trd, 259154.033, 140
Trd, 259154.083, 140
Trd, 259154.333, 140
Trd, 259154.633, 131
Trd, 259154.933, 121
Trd, 259155.050, 120
Trd, 259155.133, 106
Trd, 259155.383, 112
Trd, 259155.667, 113
Trd, 259155.983, 93
Trd, 259156.133, 91
Trd, 259156.167, 117
Trd, 259156.267, 140
Trd, 259157.200, 140
Trd, 259157.217, 140
Trd, 259157.233, 119
Trd, 259157.800, 114
Trd, 259157.867, 89
Trd, 259158.017, 87
Trd, 259158.067, 139
Trd, 259158.700, 140
Trd, 259159.033, 119
Trd, 259159.350, 98
Trd, 259159.467, 99
Trd, 259159.667, 118
Trd, 259159.783, 94
Trd, 259160.033, 116
Trd, 259160.300, 123
Trd, 259160.600, 138
Trd, 259161.017, 114
Trd, 259161.317, 111
Trd, 259161.350, 109
Trd, 259161.417, 89
Trd, 259161.733, 96
Trd, 259161.883, 79
Trd, 259162.283, 140
Trd, 259162.433, 140
Trd, 259163.333, 133
Trd, 259163.467, 116
Trd, 259163.800, 112
Trd, 259163.867, 111
Trd, 259163.900, 120
Trd, 259164.150, 125
Trd, 259164.317, 104
Trd, 259164.617, 113
Trd, 259164.750, 139
Trd, 259165.267, 122
Trd, 259165.817, 140
Trd, 259166.100, 140
Trd, 259166.133, 140
Trd, 259166.150, 131
Trd, 259166.217, 122
Trd, 259166.417, 140
Trd, 259167.000, 140
Trd, 259167.200, 136
Trd, 259167.417, 140
Trd, 259167.517, 139
Trd, 259167.667, 140
Trd, 259167.700, 139
Trd, 259167.800, 138
Trd, 259168.217, 131
Trd, 259168.450, 140
Trd, 259168.750, 140
Trd, 259168.867, 128
Trd, 259168.917, 111
Trd, 259169.283, 126
Trd, 259169.350, 95
Trd, 259169.917, 126
Trd, 259170.000, 125
Trd, 259170.133, 115
Trd, 259170.200, 112
Trd, 259171.033, 90
Trd, 259171.250, 123
Trd, 259171.317, 87
Trd, 259171.617, 80
Trd, 259171.750, 82
Trd, 259171.917, 81
Trd, 259172.167, 135
Trd, 259172.417, 92
Trd, 259172.917, 89
Trd, 259173.067, 104
Trd, 259173.317, 137
Trd, 259173.600, 88
Trd, 259173.733, 87
Trd, 259173.750, 87
Trd, 259174.317, 82
Trd, 259174.733, 98
Trd, 259174.883, 103
Trd, 259174.983, 140
Trd, 259175.650, 131
Trd, 259175.683, 97
Trd, 259175.850, 140
Trd, 259175.867, 132
Trd, 259175.917, 93
Trd, 259176.617, 138
Trd, 259177.150, 140
Trd, 259177.317, 140
Trd, 259177.517, 139
Trd, 259177.583, 139
Trd, 259177.633, 138
Trd, 259178.033, 136
Trd, 259178.050, 135
Trd, 259178.267, 127
Trd, 259178.633, 127
Trd, 259178.650, 126
Trd, 259178.983, 122
Trd, 259179.033, 121
Trd, 259179.400, 114
Trd, 259179.700, 132
Trd, 259180.417, 124
Trd, 259180.667, 113
Trd, 259181.300, 138
Trd, 259181.367, 139
Trd, 259181.383, 134
Trd, 259181.467, 113
Trd, 259181.583, 106
Trd, 259181.850, 113
Trd, 259181.917, 106
Trd, 259182.483, 93
Trd, 259182.700, 91
Trd, 259182.783, 87
Trd, 259183.150, 135
Trd, 259183.267, 125
Trd, 259183.300, 87
Trd, 259183.417, 137
Trd, 259183.450, 132
Trd, 259183.617, 138
Trd, 259183.700, 73
Trd, 259183.833, 72
Trd, 259183.850, 71
Trd, 259184.050, 125
Trd, 259184.450, 65
Trd, 259185.317, 140
Trd, 259185.533, 140
Trd, 259185.983, 140
Trd, 259186.733, 140
Trd, 259187.783, 140
Trd, 259187.867, 140
Trd, 259187.983, 140
Trd, 259188.033, 139
Trd, 259188.050, 133
Trd, 259188.133, 124
Trd, 259188.567, 133
Trd, 259188.650, 134
Trd, 259188.933, 135
Trd, 259189.017, 138
Trd, 259190.350, 140
Trd, 259190.533, 140
Trd, 259190.583, 140
Trd, 259190.667, 140
Trd, 259190.717, 128
Trd, 259190.800, 140
Trd, 259190.933, 119
Trd, 259191.033, 115
Trd, 259191.433, 95
Trd, 259191.783, 102
Trd, 259191.900, 130
Trd, 259192.167, 140
Trd, 259192.583, 110
Trd, 259192.650, 130
Trd, 259193.050, 123
Trd, 259193.800, 140
Trd, 259193.917, 140
Trd, 259194.150, 140
Trd, 259194.317, 140
Trd, 259194.333, 132
Trd, 259194.617, 140
Trd, 259194.717, 113
Trd, 259194.750, 88
Trd, 259195.550, 125
Trd, 259196.033, 136
Trd, 259196.100, 139
Trd, 259196.233, 132
Trd, 259196.317, 131
Trd, 259196.367, 130
Trd, 259196.467, 129
Trd, 259196.683, 124
Trd, 259196.733, 137
Trd, 259197.083, 132
Trd, 259197.100, 122
Trd, 259198.183, 123
Trd, 259198.333, 123
Trd, 259198.817, 139
Trd, 259198.917, 124
Trd, 259199.283, 125
Trd, 259199.317, 119
Trd, 259199.550, 126
Trd, 259199.883, 123
Trd, 259199.967, 122
