Trd, 258578.167, 123
Trd, 258578.233, 112
Trd, 258578.600, 128
Trd, 258579.100, 121
Trd, 258579.283, 126
Trd, 258579.417, 131
Trd, 258579.533, 140
Trd, 258579.617, 140
Trd, 258580.383, 129
Trd, 258580.717, 128
Trd, 258580.783, 125
Trd, 258580.883, 115
Trd, 258581.033, 109
Trd, 258581.450, 129
Trd, 258581.583, 129
Trd, 258581.817, 130
Trd, 258581.967, 130
Trd, 258582.483, 131
Trd, 258583.250, 134
Trd, 258583.267, 133
Trd, 258583.717, 127
Trd, 258584.133, 139
Trd, 258584.233, 116
Trd, 258584.400, 125
Trd, 258584.683, 119
Trd, 258584.750, 115
Trd, 258585.067, 129
Trd, 258585.417, 139
Trd, 258585.650, 126
Trd, 258585.867, 136
Trd, 258586.033, 136
Trd, 258586.167, 137
Trd, 258586.233, 135
Trd, 258586.283, 117
Trd, 258586.417, 113
Trd, 258586.583, 101
Trd, 258586.600, 99
Trd, 258586.900, 125
Trd, 258587.083, 140
Trd, 258587.367, 103
Trd, 258587.567, 140
Trd, 258588.450, 101
Trd, 258588.517, 100
Trd, 258589.267, 101
Trd, 258589.300, 100
Trd, 258589.383, 85
Trd, 258589.467, 74
Trd, 258589.600, 139
Trd, 258589.833, 140
Trd, 258590.100, 128
Trd, 258590.433, 129
Trd, 258591.083, 137
Trd, 258591.383, 134
Trd, 258591.417, 133
Trd, 258591.500, 132
Trd, 258592.117, 95
Trd, 258592.233, 94
Trd, 258592.367, 92
Trd, 258592.750, 96
Trd, 258592.817, 89
Trd, 258592.833, 120
Trd, 258593.133, 121
Trd, 258593.250, 140
Trd, 258593.483, 104
Trd, 258593.817, 126
Trd, 258593.900, 129
Trd, 258593.983, 102
Trd, 258594.367, 137
Trd, 258595.367, 135
Trd, 258595.483, 126
Trd, 258595.633, 119
Trd, 258595.917, 136
Trd, 258595.950, 132
Trd, 258595.983, 118
Trd, 258596.200, 103
Trd, 258596.350, 123
Trd, 258596.367, 98
Trd, 258596.533, 123
Trd, 258596.600, 124
Trd, 258596.833, 138
Trd, 258597.167, 120
Trd, 258597.617, 140
Trd, 258598.333, 138
Trd, 258598.567, 138
Trd, 258598.650, 137
Trd, 258598.717, 137
Trd, 258599.133, 137
Trd, 258599.183, 136
Trd, 258599.217, 134
Trd, 258599.717, 138
Trd, 258600.250, 126
Trd, 258600.350, 134
Trd, 258600.367, 123
Trd, 258600.633, 126
Trd, 258601.033, 134
Trd, 258601.067, 126
Trd, 258601.667, 127
Trd, 258601.683, 125
Trd, 258601.717, 128
Trd, 258601.917, 117
Trd, 258601.933, 113
Trd, 258602.167, 114
Trd, 258602.250, 114
Trd, 258602.767, 113
Trd, 258602.817, 139
Trd, 258602.933, 110
Trd, 258603.167, 123
Trd, 258603.483, 140
Trd, 258603.750, 140
Trd, 258604.150, 119
Trd, 258604.250, 111
Trd, 258604.333, 108
Trd, 258604.433, 105
Trd, 258604.600, 108
Trd, 258604.683, 98
Trd, 258604.983, 109
Trd, 258605.033, 113
Trd, 258605.067, 100
Trd, 258605.917, 126
Trd, 258606.200, 133
Trd, 258606.250, 120
Trd, 258606.283, 114
Trd, 258606.383, 111
Trd, 258607.000, 110
Trd, 258607.450, 103
Trd, 258607.583, 117
Trd, 258607.867, 102
Trd, 258608.550, 131
Trd, 258609.100, 118
Trd, 258609.133, 117
Trd, 258609.150, 116
Trd, 258609.300, 128
Trd, 258609.550, 136
Trd, 258609.900, 139
Trd, 258610.667, 140
Trd, 258610.683, 138
Trd, 258610.967, 140
Trd, 258611.000, 139
Trd, 258611.133, 138
Trd, 258611.217, 136
Trd, 258611.467, 110
Trd, 258611.750, 126
Trd, 258612.000, 103
Trd, 258612.050, 104
Trd, 258612.467, 111
Trd, 258612.617, 137
Trd, 258612.783, 136
Trd, 258613.067, 109
Trd, 258613.300, 104
Trd, 258613.367, 97
Trd, 258614.383, 140
Trd, 258614.433, 140
Trd, 258615.250, 140
Trd, 258615.333, 140
Trd, 258615.350, 130
Trd, 258615.367, 128
Trd, 258615.467, 113
Trd, 258615.883, 138
Trd, 258616.267, 140
Trd, 258616.283, 134
Trd, 258616.400, 131
Trd, 258616.417, 129
Trd, 258616.900, 124
Trd, 258617.200, 127
Trd, 258618.133, 130
Trd, 258619.183, 140
Trd, 258619.517, 140
Trd, 258620.033, 139
Trd, 258620.267, 136
Trd, 258620.317, 135
Trd, 258620.333, 133
Trd, 258620.383, 126
Trd, 258620.483, 120
Trd, 258620.650, 105
Trd, 258620.733, 111
Trd, 258620.867, 127
Trd, 258621.483, 128
Trd, 258621.500, 131
Trd, 258622.017, 140
Trd, 258622.417, 133
Trd, 258622.500, 132
Trd, 258622.833, 132
Trd, 258622.850, 124
Trd, 258623.283, 126
Trd, 258623.367, 125
Trd, 258623.633, 132
Trd, 258623.717, 131
Trd, 258623.883, 131
Trd, 258624.100, 131
Trd, 258624.433, 130
Trd, 258624.467, 124
Trd, 258624.900, 122
Trd, 258624.983, 106
Trd, 258625.017, 105
Trd, 258625.633, 95
Trd, 258625.667, 95
Trd, 258625.783, 102
Trd, 258626.100, 110
Trd, 258626.450, 102
Trd, 258626.667, 111
Trd, 258626.750, 140
Trd, 258627.217, 102
Trd, 258627.367, 102
Trd, 258627.600, 110
Trd, 258627.750, 119
Trd, 258627.867, 120
Trd, 258628.350, 113
Trd, 258628.583, 104
Trd, 258628.817, 136
Trd, 258629.250, 139
Trd, 258629.383, 140
Trd, 258629.483, 136
Trd, 258629.667, 135
Trd, 258630.100, 138
Trd, 258630.350, 139
Trd, 258630.500, 138
Trd, 258630.650, 137
Trd, 258631.150, 140
Trd, 258631.250, 134
Trd, 258631.500, 129
Trd, 258631.917, 140
Trd, 258632.233, 125
Trd, 258632.300, 119
Trd, 258632.517, 110
Trd, 258632.533, 109
Trd, 258632.750, 140
Trd, 258632.867, 137
Trd, 258633.433, 132
Trd, 258633.617, 133
Trd, 258633.633, 131
Trd, 258634.133, 130
Trd, 258634.350, 133
Trd, 258634.633, 120
Trd, 258634.700, 119
Trd, 258635.400, 130
Trd, 258635.467, 131
Trd, 258635.817, 130
Trd, 258635.933, 129
Trd, 258636.350, 139
Trd, 258636.417, 121
Trd, 258636.650, 111
Trd, 258637.100, 130
Trd, 258637.433, 135
Trd, 258637.500, 134
Trd, 258637.550, 134
Trd, 258637.600, 127
Trd, 258637.950, 113
Trd, 258638.217, 110
Trd, 258638.983, 137
Trd, 258639.100, 139
Trd, 258639.233, 140
Trd, 258639.267, 129
Trd, 258639.450, 128
Trd, 258639.600, 124
Trd, 258639.617, 123
Trd, 258639.867, 118
Trd, 258640.417, 118
Trd, 258640.683, 117
Trd, 258640.733, 108
Trd, 258640.800, 98
Trd, 258641.617, 107
Trd, 258641.650, 96
Trd, 258641.750, 95
Trd, 258641.767, 93
Trd, 258641.900, 81
Trd, 258642.033, 75
Trd, 258642.150, 73
Trd, 258642.233, 69
Trd, 258642.367, 92
Trd, 258643.667, 128
Trd, 258643.700, 126
Trd, 258643.767, 125
Trd, 258643.917, 107
Trd, 258643.967, 106
Trd, 258644.117, 129
Trd, 258644.667, 112
Trd, 258644.833, 114
Trd, 258644.933, 112
Trd, 258645.100, 124
Trd, 258645.150, 131
Trd, 258645.217, 130
Trd, 258645.383, 129
Trd, 258645.417, 111
Trd, 258645.600, 106
Trd, 258645.783, 106
Trd, 258645.967, 94
Trd, 258645.983, 132
Trd, 258646.083, 87
Trd, 258646.767, 111
Trd, 258646.950, 104
Trd, 258647.150, 99
Trd, 258647.533, 134
Trd, 258647.950, 140
Trd, 258648.000, 136
Trd, 258648.783, 121
Trd, 258649.450, 103
Trd, 258649.533, 101
Trd, 258649.550, 97
Trd, 258649.617, 104
Trd, 258649.767, 84
Trd, 258650.367, 99
Trd, 258650.917, 99
Trd, 258651.033, 98
Trd, 258651.200, 94
Trd, 258651.650, 132
Trd, 258651.850, 130
Trd, 258652.033, 99
Trd, 258652.133, 140
Trd, 258652.217, 138
Trd, 258652.450, 139
Trd, 258652.550, 138
Trd, 258652.650, 137
Trd, 258652.817, 123
Trd, 258652.883, 124
Trd, 258652.917, 104
Trd, 258653.133, 127
Trd, 258653.400, 120
Trd, 258653.617, 128
Trd, 258653.933, 124
Trd, 258653.983, 119
Trd, 258654.383, 132
Trd, 258654.733, 118
Trd, 258654.867, 117
Trd, 258654.900, 114
Trd, 258655.000, 115
Trd, 258655.233, 113
Trd, 258655.267, 105
Trd, 258655.417, 138
Trd, 258655.633, 140
Trd, 258657.167, 140
Trd, 258657.467, 128
Trd, 258657.500, 126
Trd, 258657.700, 134
Trd, 258657.883, 101
Trd, 258658.067, 108
Trd, 258658.117, 89
Trd, 258658.133, 79
Trd, 258658.367, 75
Trd, 258658.417, 79
Trd, 258658.800, 108
Trd, 258658.933, 113
Trd, 258659.333, 103
Trd, 258659.483, 96
Trd, 258659.767, 140
Trd, 258660.400, 134
Trd, 258660.450, 133
Trd, 258660.833, 129
Trd, 258660.883, 111
Trd, 258661.067, 105
Trd, 258661.117, 104
Trd, 258661.733, 111
Trd, 258661.900, 105
Trd, 258662.233, 123
Trd, 258662.383, 123
Trd, 258662.400, 118
Trd, 258662.517, 117
Trd, 258663.583, 139
Trd, 258663.800, 136
Trd, 258663.983, 140
Trd, 258664.183, 121
Trd, 258664.483, 136
Trd, 258664.683, 131
Trd, 258664.783, 130
Trd, 258665.400, 140
Trd, 258665.767, 140
Trd, 258666.133, 133
Trd, 258666.717, 127
Trd, 258667.017, 136
Trd, 258667.067, 126
Trd, 258667.350, 138
Trd, 258667.700, 140
Trd, 258667.883, 124
Trd, 258668.450, 139
Trd, 258668.850, 138
Trd, 258669.467, 135
Trd, 258669.500, 134
Trd, 258669.900, 124
Trd, 258669.933, 111
Trd, 258670.100, 111
Trd, 258670.133, 119
Trd, 258670.433, 126
Trd, 258670.617, 123
Trd, 258670.683, 116
Trd, 258670.733, 109
Trd, 258671.317, 102
Trd, 258671.550, 101
Trd, 258671.600, 124
Trd, 258671.883, 111
Trd, 258672.000, 124
Trd, 258672.150, 110
Trd, 258672.350, 111
Trd, 258672.750, 117
Trd, 258672.900, 126
Trd, 258672.917, 126
Trd, 258673.183, 125
Trd, 258673.483, 105
Trd, 258673.500, 104
Trd, 258673.667, 128
Trd, 258673.733, 140
Trd, 258673.800, 94
Trd, 258674.150, 81
Trd, 258674.183, 76
Trd, 258674.833, 99
Trd, 258675.850, 118
Trd, 258676.033, 117
Trd, 258676.150, 105
Trd, 258676.167, 94
Trd, 258676.233, 139
Trd, 258676.933, 113
Trd, 258677.150, 130
Trd, 258677.283, 102
Trd, 258677.300, 133
Trd, 258677.700, 130
Trd, 258678.950, 119
Trd, 258679.100, 120
Trd, 258679.117, 119
Trd, 258679.433, 114
Trd, 258679.500, 112
Trd, 258679.550, 109
Trd, 258679.783, 106
Trd, 258679.933, 127
Trd, 258680.017, 118
Trd, 258680.250, 125
Trd, 258680.583, 126
Trd, 258680.700, 108
Trd, 258680.717, 129
Trd, 258680.967, 112
Trd, 258681.200, 111
Trd, 258681.267, 110
Trd, 258681.633, 119
Trd, 258681.683, 120
Trd, 258681.767, 113
Trd, 258681.917, 108
Trd, 258682.200, 122
Trd, 258682.283, 100
Trd, 258682.750, 132
Trd, 258682.900, 126
Trd, 258682.950, 112
Trd, 258682.967, 101
Trd, 258683.250, 91
Trd, 258683.850, 87
Trd, 258683.900, 105
Trd, 258683.950, 105
Trd, 258684.433, 105
Trd, 258684.700, 87
Trd, 258684.867, 124
Trd, 258685.017, 125
Trd, 258685.567, 122
Trd, 258685.717, 125
Trd, 258685.783, 129
Trd, 258685.817, 122
Trd, 258685.950, 122
Trd, 258686.000, 121
Trd, 258686.033, 118
Trd, 258686.683, 137
Trd, 258686.767, 125
Trd, 258687.033, 124
Trd, 258687.267, 95
Trd, 258687.333, 117
Trd, 258687.667, 110
Trd, 258687.867, 118
Trd, 258688.367, 114
Trd, 258688.717, 116
Trd, 258688.800, 113
Trd, 258689.117, 79
Trd, 258689.883, 139
Trd, 258690.383, 140
Trd, 258690.417, 140
Trd, 258690.533, 140
Trd, 258690.633, 140
Trd, 258690.650, 122
Trd, 258690.783, 118
Trd, 258691.017, 107
Trd, 258691.333, 95
Trd, 258691.667, 122
Trd, 258691.750, 125
Trd, 258691.817, 93
Trd, 258692.683, 140
Trd, 258692.750, 140
Trd, 258693.317, 133
Trd, 258693.783, 120
Trd, 258694.133, 140
Trd, 258694.450, 132
Trd, 258694.567, 128
Trd, 258694.617, 119
Trd, 258694.883, 139
Trd, 258695.267, 140
Trd, 258695.750, 140
Trd, 258695.817, 140
Trd, 258696.117, 140
Trd, 258696.133, 132
Trd, 258696.517, 116
Trd, 258696.783, 138
Trd, 258697.050, 131
Trd, 258697.433, 129
Trd, 258697.467, 120
Trd, 258697.483, 115
Trd, 258697.683, 114
Trd, 258697.733, 86
Trd, 258697.750, 77
Trd, 258697.967, 93
Trd, 258698.300, 103
Trd, 258698.367, 104
Trd, 258698.583, 137
Trd, 258698.600, 80
Trd, 258699.117, 108
Trd, 258699.300, 94
Trd, 258699.833, 140
Trd, 258700.633, 124
Trd, 258701.450, 122
Trd, 258701.467, 121
Trd, 258701.533, 120
Trd, 258702.167, 124
Trd, 258702.583, 126
Trd, 258702.700, 125
Trd, 258702.883, 129
Trd, 258703.117, 125
Trd, 258703.217, 123
Trd, 258703.300, 120
Trd, 258703.383, 135
Trd, 258703.400, 106
Trd, 258704.100, 134
Trd, 258704.283, 133
Trd, 258704.350, 131
Trd, 258704.417, 116
Trd, 258704.450, 134
Trd, 258704.767, 134
Trd, 258705.183, 127
Trd, 258705.267, 113
Trd, 258705.300, 139
Trd, 258705.483, 110
Trd, 258705.617, 108
Trd, 258705.850, 121
Trd, 258705.950, 124
Trd, 258705.967, 117
Trd, 258706.150, 125
Trd, 258706.233, 115
Trd, 258706.367, 107
Trd, 258706.617, 106
Trd, 258706.733, 92
Trd, 258707.017, 76
Trd, 258707.350, 76
Trd, 258707.550, 61
Trd, 258707.567, 116
Trd, 258708.200, 104
Trd, 258708.283, 105
Trd, 258708.367, 96
Trd, 258708.383, 62
Trd, 258708.817, 108
Trd, 258709.117, 107
Trd, 258709.433, 140
Trd, 258709.450, 140
Trd, 258709.833, 113
Trd, 258710.483, 140
Trd, 258710.550, 126
Trd, 258710.617, 128
Trd, 258710.633, 112
Trd, 258711.317, 75
Trd, 258711.800, 92
Trd, 258711.900, 111
Trd, 258712.100, 90
Trd, 258712.183, 112
Trd, 258712.600, 92
Trd, 258712.917, 111
Trd, 258713.183, 99
Trd, 258713.283, 97
Trd, 258713.567, 110
Trd, 258713.617, 112
Trd, 258713.750, 111
Trd, 258714.300, 113
Trd, 258714.867, 132
Trd, 258715.350, 140
Trd, 258715.467, 140
Trd, 258715.483, 129
Trd, 258715.533, 123
Trd, 258715.817, 117
Trd, 258716.083, 110
Trd, 258716.267, 130
Trd, 258716.500, 117
Trd, 258716.967, 140
Trd, 258717.033, 111
Trd, 258717.133, 111
Trd, 258717.250, 118
Trd, 258717.733, 123
Trd, 258717.850, 122
Trd, 258718.067, 114
Trd, 258718.083, 109
Trd, 258718.800, 116
Trd, 258719.200, 128
Trd, 258719.233, 125
Trd, 258719.550, 139
Trd, 258719.700, 139
Trd, 258720.133, 138
Trd, 258720.417, 139
Trd, 258720.900, 138
Trd, 258721.583, 139
Trd, 258721.683, 138
Trd, 258721.700, 137
Trd, 258721.933, 129
Trd, 258722.083, 119
Trd, 258722.100, 118
Trd, 258722.283, 116
Trd, 258722.483, 114
Trd, 258722.500, 105
Trd, 258722.800, 96
Trd, 258723.217, 106
Trd, 258724.033, 124
Trd, 258724.200, 123
Trd, 258724.233, 131
Trd, 258724.383, 122
Trd, 258724.650, 120
Trd, 258724.817, 129
Trd, 258725.133, 98
Trd, 258725.500, 130
Trd, 258725.917, 140
Trd, 258726.333, 140
Trd, 258726.483, 140
Trd, 258726.817, 139
Trd, 258727.083, 140
Trd, 258727.183, 138
Trd, 258727.317, 137
Trd, 258727.583, 130
Trd, 258727.600, 125
Trd, 258728.167, 115
Trd, 258728.283, 112
Trd, 258728.483, 93
Trd, 258728.783, 116
Trd, 258729.183, 118
Trd, 258729.417, 124
Trd, 258729.867, 119
Trd, 258730.050, 118
Trd, 258730.150, 117
Trd, 258730.200, 116
Trd, 258730.283, 120
Trd, 258730.417, 124
Trd, 258730.533, 124
Trd, 258730.550, 111
Trd, 258730.583, 80
Trd, 258731.083, 134
Trd, 258731.683, 99
Trd, 258731.717, 136
Trd, 258731.850, 77
Trd, 258732.067, 88
Trd, 258732.117, 100
Trd, 258732.300, 102
Trd, 258732.683, 132
Trd, 258732.817, 107
Trd, 258732.867, 89
Trd, 258733.067, 81
Trd, 258733.683, 117
Trd, 258733.800, 80
Trd, 258733.950, 79
Trd, 258734.000, 73
Trd, 258734.267, 72
Trd, 258735.117, 131
Trd, 258735.567, 129
Trd, 258736.000, 126
Trd, 258736.233, 126
Trd, 258736.683, 131
Trd, 258736.983, 130
Trd, 258737.017, 121
Trd, 258737.033, 120
Trd, 258737.617, 137
Trd, 258737.633, 115
Trd, 258737.917, 139
Trd, 258737.983, 117
Trd, 258738.517, 110
Trd, 258738.533, 109
Trd, 258738.883, 130
Trd, 258739.367, 134
Trd, 258740.017, 133
Trd, 258740.117, 132
Trd, 258740.383, 123
Trd, 258740.700, 140
Trd, 258741.050, 140
Trd, 258741.150, 128
Trd, 258741.267, 123
Trd, 258741.367, 119
Trd, 258741.600, 133
Trd, 258741.767, 118
Trd, 258741.833, 110
Trd, 258741.850, 105
Trd, 258742.433, 131
Trd, 258742.533, 130
Trd, 258742.717, 112
Trd, 258743.417, 110
Trd, 258743.617, 109
Trd, 258743.633, 108
Trd, 258743.950, 108
Trd, 258744.250, 113
Trd, 258744.367, 126
Trd, 258744.533, 112
Trd, 258744.583, 100
Trd, 258744.933, 135
Trd, 258745.283, 106
Trd, 258745.650, 106
Trd, 258745.667, 105
Trd, 258746.083, 140
Trd, 258746.150, 139
Trd, 258746.250, 138
Trd, 258746.517, 115
Trd, 258746.533, 114
Trd, 258746.767, 106
Trd, 258747.450, 135
Trd, 258747.483, 124
Trd, 258747.850, 129
Trd, 258747.950, 126
Trd, 258748.133, 136
Trd, 258748.333, 136
Trd, 258748.817, 114
Trd, 258748.933, 114
Trd, 258749.233, 113
Trd, 258749.283, 112
Trd, 258750.317, 139
Trd, 258750.350, 136
Trd, 258750.683, 136
Trd, 258750.700, 135
Trd, 258750.717, 124
Trd, 258750.917, 118
Trd, 258751.233, 139
Trd, 258751.317, 120
Trd, 258751.633, 132
Trd, 258751.850, 139
Trd, 258752.417, 120
Trd, 258753.217, 140
Trd, 258753.367, 125
Trd, 258753.750, 125
Trd, 258754.217, 139
Trd, 258754.233, 127
Trd, 258754.267, 126
Trd, 258754.450, 140
Trd, 258754.517, 126
Trd, 258755.000, 140
Trd, 258755.383, 139
Trd, 258755.717, 136
Trd, 258755.850, 134
Trd, 258756.000, 134
Trd, 258756.033, 133
Trd, 258756.383, 133
Trd, 258756.867, 132
Trd, 258757.267, 115
Trd, 258757.467, 125
Trd, 258758.183, 111
Trd, 258758.283, 114
Trd, 258758.367, 109
Trd, 258758.400, 112
Trd, 258758.450, 131
Trd, 258758.467, 107
Trd, 258758.500, 98
Trd, 258758.617, 116
Trd, 258758.983, 91
Trd, 258759.167, 89
Trd, 258759.233, 87
Trd, 258759.267, 83
Trd, 258759.333, 83
Trd, 258759.383, 104
Trd, 258759.567, 100
Trd, 258759.633, 83
Trd, 258759.717, 82
Trd, 258759.917, 125
Trd, 258760.150, 121
Trd, 258761.100, 94
Trd, 258761.233, 108
Trd, 258761.317, 94
Trd, 258761.617, 106
Trd, 258761.667, 103
Trd, 258762.517, 120
Trd, 258762.567, 94
Trd, 258762.833, 117
Trd, 258762.867, 116
Trd, 258762.900, 111
Trd, 258763.100, 112
Trd, 258763.567, 138
Trd, 258763.583, 121
Trd, 258764.250, 122
Trd, 258764.500, 120
Trd, 258764.900, 123
Trd, 258765.383, 124
Trd, 258765.483, 120
Trd, 258765.617, 117
Trd, 258765.800, 113
Trd, 258765.850, 112
Trd, 258765.900, 136
Trd, 258766.133, 138
Trd, 258766.167, 137
Trd, 258766.283, 137
Trd, 258766.317, 137
Trd, 258766.350, 111
Trd, 258766.550, 114
Trd, 258766.733, 98
Trd, 258767.067, 115
Trd, 258767.583, 115
Trd, 258767.617, 111
Trd, 258767.983, 110
Trd, 258768.767, 115
Trd, 258768.883, 122
Trd, 258769.033, 124
Trd, 258769.217, 115
Trd, 258769.367, 124
Trd, 258769.417, 91
Trd, 258769.850, 135
Trd, 258770.017, 116
Trd, 258770.533, 113
Trd, 258770.650, 136
Trd, 258771.300, 137
Trd, 258771.317, 136
Trd, 258771.683, 129
Trd, 258771.733, 124
Trd, 258771.867, 116
Trd, 258772.500, 136
Trd, 258772.700, 135
Trd, 258773.383, 140
Trd, 258773.400, 140
Trd, 258773.550, 126
Trd, 258773.567, 125
Trd, 258773.717, 115
Trd, 258774.250, 115
Trd, 258774.300, 110
Trd, 258774.467, 113
Trd, 258774.483, 110
Trd, 258774.800, 140
Trd, 258774.867, 139
Trd, 258774.983, 119
Trd, 258775.367, 118
Trd, 258775.950, 113
Trd, 258776.367, 118
Trd, 258776.817, 140
Trd, 258776.900, 140
Trd, 258777.117, 115
Trd, 258777.300, 125
Trd, 258778.267, 139
Trd, 258778.383, 136
Trd, 258778.450, 124
Trd, 258778.850, 124
Trd, 258778.867, 122
Trd, 258779.133, 122
Trd, 258779.200, 116
Trd, 258779.217, 115
Trd, 258779.633, 132
Trd, 258779.833, 116
Trd, 258780.150, 115
Trd, 258780.283, 135
Trd, 258780.550, 129
Trd, 258780.667, 128
Trd, 258780.867, 140
Trd, 258780.950, 128
Trd, 258781.217, 133
Trd, 258781.533, 110
Trd, 258781.567, 104
Trd, 258781.600, 102
Trd, 258781.800, 91
Trd, 258781.850, 139
Trd, 258782.083, 132
Trd, 258782.483, 92
Trd, 258782.517, 90
Trd, 258782.700, 97
Trd, 258782.850, 96
Trd, 258783.067, 99
Trd, 258783.133, 95
Trd, 258783.167, 100
Trd, 258784.083, 140
Trd, 258784.183, 140
Trd, 258784.250, 113
Trd, 258784.300, 108
Trd, 258784.333, 104
Trd, 258784.583, 96
Trd, 258784.733, 140
Trd, 258785.367, 123
Trd, 258786.067, 138
Trd, 258786.300, 133
Trd, 258786.417, 123
Trd, 258786.467, 119
Trd, 258786.733, 115
Trd, 258787.033, 127
Trd, 258787.833, 93
Trd, 258787.867, 91
Trd, 258788.200, 99
Trd, 258788.217, 104
Trd, 258788.283, 106
Trd, 258788.383, 131
Trd, 258788.583, 92
Trd, 258789.633, 140
Trd, 258790.100, 140
Trd, 258790.167, 140
Trd, 258790.367, 140
Trd, 258790.383, 140
Trd, 258790.750, 140
Trd, 258791.433, 140
Trd, 258792.250, 140
Trd, 258792.467, 140
Trd, 258792.567, 139
Trd, 258793.200, 137
Trd, 258793.383, 133
Trd, 258793.467, 131
Trd, 258793.650, 138
Trd, 258793.733, 139
Trd, 258793.833, 138
Trd, 258794.067, 119
Trd, 258794.200, 140
Trd, 258794.517, 116
Trd, 258794.800, 114
Trd, 258794.883, 110
Trd, 258794.967, 122
Trd, 258795.117, 127
Trd, 258795.133, 109
Trd, 258795.233, 108
Trd, 258795.517, 109
Trd, 258795.600, 108
Trd, 258795.667, 108
Trd, 258795.783, 108
Trd, 258796.283, 111
Trd, 258796.433, 109
Trd, 258796.617, 109
Trd, 258796.717, 112
Trd, 258797.583, 138
Trd, 258797.667, 124
Trd, 258798.233, 133
Trd, 258798.417, 132
Trd, 258798.533, 134
Trd, 258799.283, 135
Trd, 258799.467, 134
Trd, 258799.533, 133
Trd, 258799.850, 130
Trd, 258800.250, 133
Trd, 258800.567, 131
Trd, 258800.667, 136
Trd, 258800.683, 128
Trd, 258800.717, 121
Trd, 258801.250, 126
Trd, 258801.300, 122
Trd, 258801.367, 118
Trd, 258801.683, 116
Trd, 258801.817, 113
Trd, 258802.000, 140
Trd, 258802.533, 119
Trd, 258802.950, 117
Trd, 258803.267, 117
Trd, 258803.450, 117
Trd, 258803.867, 131
Trd, 258803.900, 118
Trd, 258803.917, 135
Trd, 258804.400, 119
Trd, 258804.867, 131
Trd, 258805.017, 129
Trd, 258805.217, 124
Trd, 258805.233, 119
Trd, 258805.317, 118
Trd, 258805.567, 111
Trd, 258805.667, 131
Trd, 258805.817, 123
Trd, 258806.300, 97
Trd, 258806.467, 95
Trd, 258806.633, 120
Trd, 258807.133, 120
Trd, 258807.183, 121
Trd, 258807.200, 119
Trd, 258807.367, 94
Trd, 258807.600, 88
Trd, 258807.683, 133
Trd, 258807.967, 121
Trd, 258808.033, 131
Trd, 258808.483, 118
Trd, 258808.617, 117
Trd, 258808.717, 116
Trd, 258808.767, 118
Trd, 258809.083, 113
Trd, 258809.100, 119
Trd, 258809.700, 116
Trd, 258810.600, 140
Trd, 258811.433, 140
Trd, 258811.550, 140
Trd, 258811.767, 140
Trd, 258811.833, 140
Trd, 258811.883, 137
Trd, 258812.633, 126
Trd, 258812.967, 129
Trd, 258813.150, 137
Trd, 258813.333, 135
Trd, 258813.383, 129
Trd, 258813.850, 121
Trd, 258813.967, 133
Trd, 258814.233, 121
Trd, 258814.267, 120
Trd, 258814.900, 128
Trd, 258814.983, 129
Trd, 258815.000, 121
Trd, 258815.183, 122
Trd, 258815.217, 122
Trd, 258815.700, 119
Trd, 258816.217, 130
Trd, 258816.383, 129
Trd, 258816.400, 129
Trd, 258816.700, 119
Trd, 258816.733, 108
Trd, 258816.750, 100
Trd, 258816.933, 97
Trd, 258817.583, 90
Trd, 258817.850, 92
Trd, 258817.900, 111
Trd, 258818.333, 125
Trd, 258818.567, 92
Trd, 258818.983, 130
Trd, 258819.333, 132
Trd, 258819.367, 129
Trd, 258819.417, 129
Trd, 258819.783, 131
Trd, 258819.800, 133
Trd, 258819.900, 131
Trd, 258820.550, 131
Trd, 258820.683, 130
Trd, 258821.467, 133
Trd, 258821.667, 132
Trd, 258821.817, 131
Trd, 258821.833, 125
Trd, 258822.017, 129
Trd, 258822.100, 115
Trd, 258822.183, 114
Trd, 258822.267, 108
Trd, 258822.550, 139
Trd, 258822.867, 120
Trd, 258822.883, 113
Trd, 258822.917, 136
Trd, 258822.983, 111
Trd, 258823.233, 103
Trd, 258823.250, 104
Trd, 258823.333, 89
Trd, 258823.600, 99
Trd, 258823.700, 73
Trd, 258823.733, 72
Trd, 258823.750, 104
Trd, 258823.883, 63
Trd, 258824.100, 97
Trd, 258824.117, 105
Trd, 258824.333, 60
Trd, 258825.083, 81
Trd, 258825.433, 93
Trd, 258825.550, 72
Trd, 258825.617, 124
Trd, 258826.050, 95
Trd, 258826.317, 97
Trd, 258826.417, 72
Trd, 258826.467, 102
Trd, 258826.717, 94
Trd, 258827.383, 104
Trd, 258827.450, 122
Trd, 258827.867, 89
Trd, 258828.250, 94
Trd, 258828.700, 140
Trd, 258828.733, 137
Trd, 258829.283, 132
Trd, 258829.400, 133
Trd, 258829.883, 134
Trd, 258829.917, 134
Trd, 258829.933, 130
Trd, 258830.233, 128
Trd, 258830.350, 127
Trd, 258830.433, 138
Trd, 258830.450, 139
Trd, 258830.633, 136
Trd, 258830.733, 124
Trd, 258831.067, 123
Trd, 258831.783, 133
Trd, 258831.850, 125
Trd, 258831.917, 107
Trd, 258832.333, 106
Trd, 258832.667, 139
Trd, 258832.767, 114
Trd, 258833.033, 104
Trd, 258833.233, 107
Trd, 258834.333, 140
Trd, 258834.433, 139
Trd, 258834.550, 140
Trd, 258834.583, 139
Trd, 258834.650, 138
Trd, 258834.933, 140
Trd, 258835.183, 140
Trd, 258835.617, 140
Trd, 258835.967, 140
Trd, 258836.167, 139
Trd, 258837.217, 140
Trd, 258837.933, 140
Trd, 258838.267, 140
Trd, 258838.667, 139
Trd, 258838.817, 137
Trd, 258838.900, 137
Trd, 258838.917, 136
Trd, 258839.133, 134
Trd, 258839.250, 133
Trd, 258839.467, 121
Trd, 258839.517, 127
Trd, 258839.733, 120
Trd, 258839.900, 119
Trd, 258840.200, 119
Trd, 258840.267, 117
Trd, 258840.483, 111
Trd, 258840.750, 100
Trd, 258841.100, 99
Trd, 258841.233, 94
Trd, 258841.283, 81
Trd, 258841.750, 105
Trd, 258841.867, 116
Trd, 258842.017, 104
Trd, 258842.033, 120
Trd, 258842.700, 123
Trd, 258842.717, 122
Trd, 258842.750, 129
Trd, 258842.767, 130
Trd, 258842.800, 121
Trd, 258842.867, 117
Trd, 258843.117, 125
Trd, 258843.167, 124
Trd, 258843.617, 106
Trd, 258843.983, 125
Trd, 258844.200, 132
Trd, 258844.317, 133
Trd, 258844.433, 103
Trd, 258844.650, 119
Trd, 258845.067, 137
Trd, 258845.350, 132
Trd, 258845.583, 120
Trd, 258845.717, 103
Trd, 258846.117, 131
Trd, 258846.883, 128
Trd, 258846.983, 129
Trd, 258847.283, 135
Trd, 258847.367, 135
Trd, 258847.817, 137
Trd, 258848.367, 140
Trd, 258848.467, 135
Trd, 258848.650, 134
Trd, 258849.117, 135
Trd, 258849.217, 135
Trd, 258849.350, 135
Trd, 258849.733, 134
Trd, 258850.083, 138
Trd, 258850.100, 136
Trd, 258850.300, 132
Trd, 258850.533, 128
Trd, 258850.900, 127
Trd, 258850.983, 118
Trd, 258851.183, 133
Trd, 258851.200, 118
Trd, 258851.417, 112
Trd, 258851.567, 107
Trd, 258852.067, 120
Trd, 258852.100, 121
Trd, 258852.233, 122
Trd, 258852.550, 121
Trd, 258852.650, 120
Trd, 258852.833, 110
Trd, 258852.917, 137
Trd, 258853.183, 103
Trd, 258853.200, 102
Trd, 258853.483, 102
Trd, 258853.800, 101
Trd, 258854.033, 118
Trd, 258854.333, 140
Trd, 258854.550, 119
Trd, 258854.650, 118
Trd, 258854.700, 117
Trd, 258854.867, 116
Trd, 258855.283, 116
Trd, 258855.533, 115
Trd, 258855.767, 115
Trd, 258856.033, 120
Trd, 258856.100, 114
Trd, 258856.117, 113
Trd, 258856.300, 110
Trd, 258856.367, 109
Trd, 258856.650, 124
Trd, 258857.117, 111
Trd, 258857.400, 116
Trd, 258857.633, 110
Trd, 258857.700, 114
Trd, 258858.750, 112
Trd, 258858.867, 113
Trd, 258859.083, 111
Trd, 258859.100, 118
Trd, 258859.150, 110
Trd, 258859.183, 122
Trd, 258859.417, 96
Trd, 258859.700, 112
Trd, 258859.767, 96
Trd, 258859.783, 115
Trd, 258859.817, 81
Trd, 258860.133, 98
Trd, 258860.200, 127
Trd, 258860.367, 104
Trd, 258860.517, 103
Trd, 258860.950, 140
Trd, 258861.000, 130
Trd, 258861.267, 128
Trd, 258861.667, 118
Trd, 258862.250, 134
Trd, 258862.783, 121
Trd, 258862.900, 127
Trd, 258863.450, 118
Trd, 258863.717, 120
Trd, 258864.183, 138
Trd, 258864.317, 120
Trd, 258864.433, 119
Trd, 258864.567, 138
Trd, 258864.717, 115
Trd, 258864.867, 113
Trd, 258864.900, 137
Trd, 258865.233, 135
Trd, 258865.650, 136
Trd, 258866.000, 136
Trd, 258866.033, 135
Trd, 258866.217, 129
Trd, 258866.450, 126
Trd, 258867.350, 138
Trd, 258867.650, 136
Trd, 258867.750, 137
Trd, 258867.967, 140
Trd, 258868.350, 136
Trd, 258868.417, 135
Trd, 258868.583, 110
Trd, 258868.683, 115
Trd, 258868.750, 122
Trd, 258869.000, 118
Trd, 258869.317, 132
Trd, 258869.383, 121
Trd, 258869.667, 118
Trd, 258869.867, 127
Trd, 258870.383, 117
Trd, 258871.550, 130
Trd, 258871.700, 129
Trd, 258871.833, 117
Trd, 258871.883, 133
Trd, 258871.900, 117
Trd, 258872.017, 127
Trd, 258872.267, 126
Trd, 258872.317, 116
Trd, 258872.583, 125
Trd, 258873.050, 104
Trd, 258873.617, 103
Trd, 258873.683, 107
Trd, 258873.850, 87
Trd, 258874.183, 139
Trd, 258874.317, 136
Trd, 258874.350, 113
Trd, 258874.617, 116
Trd, 258874.733, 112
Trd, 258874.783, 106
Trd, 258875.050, 103
Trd, 258875.217, 104
Trd, 258875.550, 119
Trd, 258875.650, 109
Trd, 258875.917, 102
Trd, 258876.417, 98
Trd, 258876.533, 91
Trd, 258876.650, 112
Trd, 258876.867, 118
Trd, 258877.300, 80
Trd, 258877.733, 124
Trd, 258877.900, 96
Trd, 258878.217, 84
Trd, 258878.767, 140
Trd, 258878.917, 140
Trd, 258879.067, 140
Trd, 258879.100, 139
Trd, 258879.150, 138
Trd, 258879.550, 118
Trd, 258880.283, 119
Trd, 258880.433, 117
Trd, 258881.050, 140
Trd, 258881.067, 134
Trd, 258881.183, 133
Trd, 258881.350, 134
Trd, 258881.483, 134
Trd, 258881.767, 133
Trd, 258881.833, 132
Trd, 258882.150, 129
Trd, 258882.250, 123
Trd, 258882.400, 122
Trd, 258882.517, 124
Trd, 258882.600, 120
Trd, 258883.000, 140
Trd, 258883.050, 121
Trd, 258883.367, 124
Trd, 258883.467, 123
Trd, 258884.233, 122
Trd, 258884.833, 140
Trd, 258884.850, 120
Trd, 258884.967, 122
Trd, 258885.217, 118
Trd, 258885.250, 110
Trd, 258885.550, 132
Trd, 258885.683, 124
Trd, 258886.017, 119
Trd, 258886.133, 136
Trd, 258886.400, 108
Trd, 258886.683, 129
Trd, 258887.400, 131
Trd, 258887.717, 130
Trd, 258887.833, 131
Trd, 258888.100, 129
Trd, 258888.333, 131
Trd, 258888.367, 128
Trd, 258888.517, 126
Trd, 258888.633, 131
Trd, 258888.733, 121
Trd, 258888.783, 113
Trd, 258889.117, 113
Trd, 258889.267, 113
Trd, 258889.333, 108
Trd, 258889.650, 98
Trd, 258890.267, 117
Trd, 258890.333, 118
Trd, 258890.900, 118
Trd, 258890.983, 116
Trd, 258891.117, 117
Trd, 258891.717, 111
Trd, 258892.233, 112
Trd, 258892.700, 120
Trd, 258892.883, 113
Trd, 258892.983, 112
Trd, 258893.000, 111
Trd, 258893.400, 132
Trd, 258893.800, 135
Trd, 258893.850, 126
Trd, 258893.900, 137
Trd, 258894.100, 118
Trd, 258894.150, 131
Trd, 258894.317, 110
Trd, 258894.417, 109
Trd, 258894.817, 112
Trd, 258894.883, 118
Trd, 258895.200, 119
Trd, 258895.267, 101
Trd, 258895.533, 140
Trd, 258895.550, 130
Trd, 258896.083, 116
Trd, 258896.500, 105
Trd, 258896.783, 78
Trd, 258897.167, 75
Trd, 258897.217, 73
Trd, 258897.667, 125
Trd, 258897.917, 113
Trd, 258898.917, 121
Trd, 258899.450, 111
Trd, 258899.567, 119
Trd, 258899.767, 123
Trd, 258899.917, 104
Trd, 258900.100, 106
Trd, 258900.217, 140
Trd, 258900.667, 123
Trd, 258900.700, 122
Trd, 258900.750, 122
Trd, 258900.850, 109
Trd, 258901.100, 106
Trd, 258901.250, 130
Trd, 258901.750, 114
Trd, 258902.000, 100
Trd, 258902.033, 98
Trd, 258902.583, 129
Trd, 258903.083, 120
Trd, 258903.367, 116
Trd, 258903.467, 114
Trd, 258903.583, 113
Trd, 258903.600, 107
Trd, 258904.050, 120
Trd, 258904.150, 125
Trd, 258904.267, 98
Trd, 258904.283, 124
Trd, 258904.417, 125
Trd, 258904.517, 131
Trd, 258904.783, 87
Trd, 258905.317, 122
Trd, 258905.533, 134
Trd, 258905.600, 128
Trd, 258906.000, 135
Trd, 258906.467, 104
Trd, 258907.050, 103
Trd, 258907.100, 105
Trd, 258907.133, 110
Trd, 258907.417, 103
Trd, 258907.633, 101
Trd, 258907.717, 138
Trd, 258907.967, 107
Trd, 258908.000, 139
Trd, 258908.200, 107
Trd, 258908.267, 90
Trd, 258908.433, 86
Trd, 258908.750, 87
Trd, 258908.800, 93
Trd, 258909.017, 79
Trd, 258909.400, 127
Trd, 258909.833, 128
Trd, 258909.850, 121
Trd, 258909.917, 113
Trd, 258910.267, 114
Trd, 258910.283, 112
Trd, 258910.717, 114
Trd, 258910.800, 113
Trd, 258911.533, 122
Trd, 258911.717, 120
Trd, 258912.217, 123
Trd, 258912.383, 130
Trd, 258912.617, 123
Trd, 258912.783, 123
Trd, 258912.950, 123
Trd, 258913.033, 124
Trd, 258913.600, 140
Trd, 258913.967, 140
Trd, 258914.100, 140
Trd, 258914.133, 139
Trd, 258914.267, 137
Trd, 258914.300, 131
Trd, 258914.500, 125
Trd, 258914.750, 125
Trd, 258914.983, 140
Trd, 258915.167, 132
Trd, 258915.383, 139
Trd, 258915.900, 140
Trd, 258916.267, 140
Trd, 258916.400, 140
Trd, 258916.633, 140
Trd, 258916.700, 140
Trd, 258916.850, 135
Trd, 258917.317, 135
Trd, 258917.467, 134
Trd, 258917.600, 138
Trd, 258917.800, 131
Trd, 258918.117, 122
Trd, 258918.450, 130
Trd, 258918.717, 129
Trd, 258918.867, 115
Trd, 258919.267, 113
Trd, 258919.450, 113
Trd, 258919.483, 122
Trd, 258919.700, 104
Trd, 258919.767, 120
Trd, 258919.883, 99
Trd, 258920.000, 91
Trd, 258920.150, 86
Trd, 258920.833, 111
Trd, 258920.883, 110
Trd, 258921.033, 140
Trd, 258921.200, 120
Trd, 258921.933, 119
Trd, 258922.217, 140
Trd, 258923.067, 128
Trd, 258923.167, 126
Trd, 258923.533, 139
Trd, 258923.567, 137
Trd, 258924.000, 125
Trd, 258924.383, 125
Trd, 258924.417, 122
Trd, 258924.517, 120
Trd, 258924.883, 103
Trd, 258925.250, 113
Trd, 258925.300, 100
Trd, 258925.350, 115
Trd, 258925.650, 100
Trd, 258926.033, 103
Trd, 258926.050, 99
Trd, 258926.400, 125
Trd, 258926.683, 93
Trd, 258926.867, 92
Trd, 258926.917, 110
Trd, 258927.033, 123
Trd, 258927.833, 117
Trd, 258928.100, 138
Trd, 258928.200, 137
Trd, 258929.067, 137
Trd, 258929.083, 136
Trd, 258929.900, 135
Trd, 258930.067, 133
Trd, 258930.300, 121
Trd, 258930.350, 110
Trd, 258931.100, 106
Trd, 258931.133, 106
Trd, 258931.450, 140
Trd, 258931.533, 125
Trd, 258931.617, 125
Trd, 258931.800, 128
Trd, 258931.967, 118
Trd, 258932.017, 137
Trd, 258932.583, 131
Trd, 258932.867, 127
Trd, 258933.367, 114
Trd, 258933.417, 107
Trd, 258933.917, 113
Trd, 258933.967, 139
Trd, 258934.367, 122
Trd, 258934.450, 114
Trd, 258934.717, 138
Trd, 258935.100, 139
Trd, 258935.150, 138
Trd, 258935.433, 125
Trd, 258935.667, 115
Trd, 258936.317, 140
Trd, 258936.367, 139
Trd, 258937.033, 137
Trd, 258937.333, 130
Trd, 258937.717, 130
Trd, 258937.750, 129
Trd, 258937.983, 124
Trd, 258938.483, 130
Trd, 258938.733, 128
Trd, 258938.900, 127
Trd, 258938.917, 126
Trd, 258939.233, 125
Trd, 258939.417, 115
Trd, 258939.483, 130
Trd, 258940.300, 128
Trd, 258940.467, 130
Trd, 258940.533, 127
Trd, 258940.550, 104
Trd, 258940.817, 114
Trd, 258941.200, 126
Trd, 258941.517, 102
Trd, 258941.583, 114
Trd, 258941.733, 129
Trd, 258942.417, 129
Trd, 258942.433, 113
Trd, 258942.483, 112
Trd, 258943.217, 139
Trd, 258943.550, 133
Trd, 258944.067, 140
Trd, 258944.083, 140
Trd, 258944.150, 138
Trd, 258944.450, 136
Trd, 258945.100, 137
Trd, 258945.317, 133
Trd, 258945.400, 132
Trd, 258945.417, 117
Trd, 258945.583, 119
Trd, 258945.767, 117
Trd, 258946.183, 119
Trd, 258946.483, 106
Trd, 258946.650, 120
Trd, 258946.683, 101
Trd, 258946.833, 134
Trd, 258947.017, 136
Trd, 258947.050, 82
Trd, 258947.450, 88
Trd, 258947.467, 77
Trd, 258947.500, 90
Trd, 258947.900, 128
Trd, 258948.667, 140
Trd, 258948.817, 128
Trd, 258949.283, 134
Trd, 258949.300, 119
Trd, 258949.433, 107
Trd, 258949.617, 101
Trd, 258949.717, 127
Trd, 258949.817, 101
Trd, 258949.967, 100
Trd, 258950.067, 101
Trd, 258950.317, 130
Trd, 258950.433, 113
Trd, 258951.067, 131
Trd, 258951.317, 121
Trd, 258951.600, 120
Trd, 258951.633, 119
Trd, 258952.283, 113
Trd, 258952.350, 111
Trd, 258952.450, 115
Trd, 258952.667, 111
Trd, 258952.683, 114
Trd, 258952.833, 116
Trd, 258952.950, 84
Trd, 258953.333, 91
Trd, 258953.433, 82
Trd, 258954.717, 140
Trd, 258954.783, 140
Trd, 258955.033, 139
Trd, 258955.167, 138
Trd, 258955.233, 140
Trd, 258955.333, 136
Trd, 258955.350, 130
Trd, 258955.400, 86
Trd, 258955.683, 81
Trd, 258955.967, 127
Trd, 258956.733, 140
Trd, 258956.950, 140
Trd, 258956.983, 140
Trd, 258957.017, 139
Trd, 258957.683, 139
Trd, 258957.950, 132
Trd, 258958.083, 132
Trd, 258958.333, 132
Trd, 258958.433, 136
Trd, 258958.767, 130
Trd, 258958.900, 129
Trd, 258959.000, 104
Trd, 258959.183, 128
Trd, 258959.250, 127
Trd, 258959.333, 102
Trd, 258959.550, 118
Trd, 258960.000, 118
Trd, 258960.367, 115
Trd, 258960.850, 115
Trd, 258961.250, 129
Trd, 258961.533, 140
Trd, 258961.550, 136
Trd, 258961.600, 138
Trd, 258961.867, 130
Trd, 258962.300, 129
Trd, 258962.567, 105
Trd, 258963.050, 128
Trd, 258963.083, 127
Trd, 258963.367, 121
Trd, 258963.650, 120
Trd, 258963.733, 128
Trd, 258963.783, 111
Trd, 258963.850, 129
Trd, 258963.917, 113
Trd, 258963.950, 130
Trd, 258964.000, 129
Trd, 258964.133, 129
Trd, 258964.267, 131
Trd, 258964.567, 129
Trd, 258964.583, 129
Trd, 258964.733, 128
Trd, 258964.800, 108
Trd, 258964.833, 132
Trd, 258964.917, 102
Trd, 258965.167, 62
Trd, 258966.350, 127
Trd, 258966.450, 96
Trd, 258967.300, 119
Trd, 258967.583, 119
Trd, 258968.017, 135
Trd, 258968.500, 136
Trd, 258968.683, 119
Trd, 258968.733, 116
Trd, 258969.133, 114
Trd, 258969.200, 105
Trd, 258969.567, 115
Trd, 258969.700, 111
Trd, 258969.750, 111
Trd, 258969.867, 116
Trd, 258969.933, 118
Trd, 258970.350, 116
Trd, 258970.367, 115
Trd, 258970.650, 118
Trd, 258970.667, 117
Trd, 258970.933, 114
Trd, 258971.250, 110
Trd, 258971.350, 109
Trd, 258971.667, 84
Trd, 258972.250, 132
Trd, 258972.283, 114
Trd, 258972.767, 125
Trd, 258972.783, 120
Trd, 258973.417, 140
Trd, 258973.667, 140
Trd, 258974.383, 140
Trd, 258974.583, 140
Trd, 258974.617, 140
Trd, 258975.383, 140
Trd, 258975.417, 140
Trd, 258975.767, 137
Trd, 258976.183, 131
Trd, 258976.233, 130
Trd, 258976.450, 125
Trd, 258976.583, 124
Trd, 258976.633, 124
Trd, 258976.650, 124
Trd, 258977.033, 112
Trd, 258977.367, 132
Trd, 258977.433, 137
Trd, 258977.467, 106
Trd, 258977.517, 104
Trd, 258977.733, 124
Trd, 258977.817, 100
Trd, 258978.250, 124
Trd, 258978.417, 99
Trd, 258978.483, 130
Trd, 258978.717, 99
Trd, 258978.733, 98
Trd, 258978.917, 128
Trd, 258979.317, 132
Trd, 258979.433, 131
Trd, 258979.467, 134
Trd, 258979.633, 131
Trd, 258979.900, 129
Trd, 258980.000, 109
Trd, 258980.050, 105
Trd, 258980.933, 136
Trd, 258981.300, 136
Trd, 258981.483, 121
Trd, 258981.783, 113
Trd, 258981.883, 138
Trd, 258982.217, 136
Trd, 258982.250, 112
Trd, 258982.433, 119
Trd, 258982.617, 126
Trd, 258982.767, 100
Trd, 258983.317, 98
Trd, 258983.483, 96
Trd, 258983.867, 82
Trd, 258984.433, 82
Trd, 258984.533, 96
Trd, 258984.683, 97
Trd, 258985.017, 88
Trd, 258985.100, 93
Trd, 258985.417, 85
Trd, 258985.683, 101
Trd, 258985.817, 85
Trd, 258985.833, 84
Trd, 258985.983, 71
Trd, 258986.433, 139
Trd, 258986.483, 138
Trd, 258986.767, 119
Trd, 258986.800, 125
Trd, 258987.283, 123
Trd, 258987.500, 124
Trd, 258987.600, 99
Trd, 258988.483, 132
Trd, 258989.100, 138
Trd, 258989.200, 134
Trd, 258989.367, 112
Trd, 258989.500, 121
Trd, 258989.600, 112
Trd, 258990.017, 111
Trd, 258990.117, 117
Trd, 258990.350, 137
Trd, 258990.583, 122
Trd, 258991.050, 133
Trd, 258991.417, 132
Trd, 258991.683, 123
Trd, 258991.733, 120
Trd, 258991.850, 109
Trd, 258992.300, 125
Trd, 258992.783, 110
Trd, 258993.083, 109
Trd, 258993.300, 111
Trd, 258993.383, 106
Trd, 258993.483, 103
Trd, 258993.567, 91
Trd, 258993.667, 77
Trd, 258993.767, 110
Trd, 258993.783, 108
Trd, 258994.117, 100
Trd, 258994.517, 123
Trd, 258995.267, 126
Trd, 258995.733, 128
Trd, 258996.300, 140
Trd, 258996.317, 133
Trd, 258996.717, 133
Trd, 258996.983, 121
Trd, 258997.233, 121
Trd, 258997.533, 125
Trd, 258998.017, 131
Trd, 258998.417, 131
Trd, 258998.567, 130
Trd, 258998.633, 135
Trd, 258998.767, 122
Trd, 258999.017, 136
Trd, 258999.417, 135
Trd, 258999.683, 134
Trd, 258999.800, 133
Trd, 259000.217, 131
Trd, 259000.300, 124
Trd, 259000.333, 121
Trd, 259000.400, 134
Trd, 259000.567, 127
Trd, 259000.967, 120
Trd, 259000.983, 116
Trd, 259001.383, 118
Trd, 259001.467, 122
Trd, 259001.800, 129
Trd, 259002.000, 118
Trd, 259002.017, 133
Trd, 259002.350, 121
Trd, 259002.533, 117
Trd, 259002.567, 116
Trd, 259002.983, 115
Trd, 259003.067, 114
Trd, 259003.150, 138
Trd, 259003.217, 110
Trd, 259003.617, 133
Trd, 259003.650, 137
Trd, 259003.783, 114
Trd, 259004.850, 140
Trd, 259004.917, 140
Trd, 259005.117, 140
Trd, 259005.200, 140
Trd, 259005.467, 140
Trd, 259005.567, 138
Trd, 259005.833, 136
Trd, 259006.883, 123
Trd, 259007.000, 135
Trd, 259007.067, 122
Trd, 259007.100, 120
Trd, 259007.333, 116
Trd, 259007.350, 135
Trd, 259007.433, 112
Trd, 259007.800, 106
Trd, 259007.933, 100
Trd, 259008.467, 101
Trd, 259008.533, 100
Trd, 259008.850, 133
Trd, 259009.100, 115
Trd, 259009.300, 113
Trd, 259009.733, 123
Trd, 259010.000, 131
Trd, 259010.083, 106
Trd, 259010.100, 102
Trd, 259010.517, 135
Trd, 259010.650, 110
Trd, 259010.667, 136
Trd, 259010.950, 107
Trd, 259011.367, 127
Trd, 259011.667, 125
Trd, 259012.017, 113
Trd, 259012.100, 111
Trd, 259012.400, 110
Trd, 259013.167, 140
Trd, 259013.200, 139
Trd, 259013.450, 135
Trd, 259013.467, 112
Trd, 259013.750, 139
Trd, 259014.083, 128
Trd, 259014.317, 106
Trd, 259014.383, 109
Trd, 259014.600, 130
Trd, 259014.900, 134
Trd, 259014.933, 133
Trd, 259015.250, 134
Trd, 259015.317, 133
Trd, 259015.500, 133
Trd, 259015.650, 136
Trd, 259015.800, 132
Trd, 259015.867, 133
Trd, 259016.067, 123
Trd, 259016.250, 106
Trd, 259016.700, 137
Trd, 259016.733, 134
Trd, 259017.450, 140
Trd, 259017.467, 139
Trd, 259017.817, 138
Trd, 259018.300, 121
Trd, 259018.717, 115
Trd, 259019.150, 126
Trd, 259019.367, 124
Trd, 259019.483, 120
Trd, 259019.500, 125
Trd, 259019.967, 120
Trd, 259019.983, 119
Trd, 259020.000, 108
Trd, 259020.100, 117
Trd, 259020.183, 114
Trd, 259020.333, 113
Trd, 259020.517, 128
Trd, 259020.967, 138
Trd, 259021.300, 117
Trd, 259021.650, 100
Trd, 259021.733, 99
Trd, 259021.917, 103
Trd, 259022.767, 134
Trd, 259023.233, 139
Trd, 259023.400, 140
Trd, 259023.617, 137
Trd, 259023.683, 123
Trd, 259024.383, 140
Trd, 259024.400, 139
Trd, 259024.967, 135
Trd, 259025.217, 132
Trd, 259025.383, 131
Trd, 259025.600, 140
Trd, 259025.633, 139
Trd, 259025.900, 121
Trd, 259026.117, 113
Trd, 259026.450, 122
Trd, 259026.683, 108
Trd, 259026.817, 102
Trd, 259027.100, 103
Trd, 259027.433, 111
Trd, 259027.467, 103
Trd, 259027.567, 102
Trd, 259027.900, 101
Trd, 259027.933, 107
Trd, 259027.967, 92
Trd, 259027.983, 88
Trd, 259028.350, 108
Trd, 259028.383, 95
Trd, 259029.100, 122
Trd, 259029.250, 134
Trd, 259029.500, 122
Trd, 259029.600, 122
Trd, 259029.783, 118
Trd, 259029.967, 135
Trd, 259030.100, 115
Trd, 259030.300, 140
Trd, 259031.000, 140
Trd, 259031.083, 138
Trd, 259031.500, 138
Trd, 259031.533, 128
Trd, 259031.600, 122
Trd, 259031.700, 116
Trd, 259031.750, 117
Trd, 259031.783, 116
Trd, 259032.383, 135
Trd, 259032.600, 134
Trd, 259032.733, 131
Trd, 259032.917, 139
Trd, 259033.183, 127
Trd, 259033.317, 126
Trd, 259033.467, 126
Trd, 259033.517, 117
Trd, 259033.617, 116
Trd, 259034.183, 85
Trd, 259034.250, 117
Trd, 259034.333, 128
Trd, 259034.533, 125
Trd, 259034.617, 83
Trd, 259035.217, 134
Trd, 259035.583, 136
Trd, 259036.083, 133
Trd, 259037.117, 123
Trd, 259037.283, 114
Trd, 259037.767, 120
Trd, 259037.900, 135
Trd, 259037.967, 114
Trd, 259038.133, 103
Trd, 259038.300, 111
Trd, 259038.600, 109
Trd, 259038.983, 115
Trd, 259039.333, 111
Trd, 259039.583, 126
Trd, 259039.750, 133
Trd, 259040.117, 112
Trd, 259040.200, 112
Trd, 259040.217, 110
Trd, 259040.233, 110
Trd, 259041.067, 117
Trd, 259041.233, 116
Trd, 259041.267, 112
Trd, 259041.667, 111
Trd, 259041.817, 111
Trd, 259042.017, 101
Trd, 259042.167, 120
Trd, 259042.383, 133
Trd, 259042.533, 135
Trd, 259042.550, 101
Trd, 259042.950, 101
Trd, 259042.983, 109
Trd, 259043.000, 113
Trd, 259043.033, 100
Trd, 259043.517, 100
Trd, 259043.617, 99
Trd, 259043.700, 92
Trd, 259043.800, 101
Trd, 259043.933, 116
Trd, 259043.967, 92
Trd, 259044.050, 88
Trd, 259044.633, 105
Trd, 259044.817, 126
Trd, 259045.117, 123
Trd, 259045.167, 119
Trd, 259045.567, 107
Trd, 259045.800, 123
Trd, 259046.550, 138
Trd, 259047.583, 140
Trd, 259048.183, 140
Trd, 259048.267, 139
Trd, 259048.467, 138
Trd, 259048.583, 138
Trd, 259048.983, 137
Trd, 259049.067, 135
Trd, 259049.217, 122
Trd, 259049.267, 109
Trd, 259049.583, 125
Trd, 259049.600, 108
Trd, 259049.633, 98
Trd, 259049.700, 78
Trd, 259050.033, 109
Trd, 259050.183, 112
Trd, 259050.417, 139
Trd, 259050.833, 139
Trd, 259051.017, 140
Trd, 259051.333, 138
Trd, 259051.383, 128
Trd, 259051.517, 123
Trd, 259051.667, 140
Trd, 259052.433, 120
Trd, 259052.883, 129
Trd, 259053.350, 119
Trd, 259053.367, 117
Trd, 259053.450, 112
Trd, 259053.633, 102
Trd, 259053.867, 113
Trd, 259053.900, 101
Trd, 259054.167, 100
Trd, 259054.233, 100
Trd, 259054.450, 99
Trd, 259054.833, 140
Trd, 259054.983, 139
Trd, 259055.050, 128
Trd, 259055.467, 98
Trd, 259055.500, 95
Trd, 259055.617, 90
Trd, 259055.800, 112
Trd, 259056.200, 124
Trd, 259056.350, 112
Trd, 259056.683, 124
Trd, 259056.750, 116
Trd, 259057.017, 118
Trd, 259057.317, 115
Trd, 259057.917, 118
Trd, 259058.083, 113
Trd, 259058.100, 112
Trd, 259058.167, 106
Trd, 259058.483, 99
Trd, 259058.700, 101
Trd, 259058.800, 100
Trd, 259058.967, 126
Trd, 259059.083, 91
Trd, 259059.267, 127
Trd, 259059.400, 110
Trd, 259059.583, 63
Trd, 259060.050, 124
Trd, 259060.817, 140
Trd, 259061.033, 140
Trd, 259061.050, 137
Trd, 259061.150, 134
Trd, 259061.317, 95
Trd, 259061.333, 88
Trd, 259062.933, 139
Trd, 259063.600, 140
Trd, 259063.700, 140
Trd, 259063.717, 138
Trd, 259064.050, 135
Trd, 259064.067, 123
Trd, 259064.100, 121
Trd, 259064.167, 137
Trd, 259064.217, 137
Trd, 259064.267, 136
Trd, 259064.600, 139
Trd, 259064.750, 137
Trd, 259064.833, 126
Trd, 259065.517, 137
Trd, 259065.767, 138
Trd, 259066.017, 137
Trd, 259066.300, 136
Trd, 259066.417, 134
Trd, 259067.333, 130
Trd, 259067.800, 134
Trd, 259067.850, 128
Trd, 259068.150, 127
Trd, 259068.217, 121
Trd, 259068.517, 120
Trd, 259068.567, 119
Trd, 259068.967, 120
Trd, 259069.333, 131
Trd, 259069.367, 112
Trd, 259069.433, 135
Trd, 259069.500, 123
Trd, 259069.717, 106
Trd, 259069.917, 136
Trd, 259070.067, 123
Trd, 259070.450, 133
Trd, 259070.600, 134
Trd, 259070.967, 140
Trd, 259071.000, 127
Trd, 259071.817, 106
Trd, 259072.033, 137
Trd, 259072.467, 140
Trd, 259072.633, 139
Trd, 259072.700, 133
Trd, 259072.733, 118
Trd, 259073.117, 128
Trd, 259073.150, 117
Trd, 259073.217, 116
Trd, 259073.500, 132
Trd, 259073.650, 131
Trd, 259073.767, 122
Trd, 259074.000, 112
Trd, 259074.417, 137
Trd, 259074.450, 112
Trd, 259074.617, 112
Trd, 259074.717, 111
Trd, 259075.600, 127
Trd, 259075.933, 133
Trd, 259076.050, 119
Trd, 259076.067, 118
Trd, 259076.083, 117
Trd, 259076.233, 140
Trd, 259076.383, 111
Trd, 259076.533, 100
Trd, 259077.050, 117
Trd, 259077.250, 119
Trd, 259077.517, 125
Trd, 259077.750, 130
Trd, 259078.167, 130
Trd, 259078.383, 130
Trd, 259078.467, 127
Trd, 259078.500, 125
Trd, 259078.583, 134
Trd, 259078.600, 118
Trd, 259079.000, 116
Trd, 259079.467, 118
Trd, 259079.733, 109
Trd, 259080.033, 129
Trd, 259080.050, 110
Trd, 259080.200, 108
Trd, 259080.450, 112
Trd, 259080.800, 139
Trd, 259081.250, 139
Trd, 259081.367, 139
Trd, 259081.700, 139
Trd, 259081.983, 138
Trd, 259082.150, 134
Trd, 259082.183, 121
Trd, 259082.267, 120
Trd, 259082.433, 120
Trd, 259083.700, 140
Trd, 259083.767, 122
Trd, 259084.417, 121
Trd, 259084.550, 107
Trd, 259084.733, 122
Trd, 259085.100, 140
Trd, 259085.517, 140
Trd, 259085.617, 128
Trd, 259086.383, 140
Trd, 259086.583, 140
Trd, 259086.700, 139
Trd, 259086.967, 125
Trd, 259087.033, 122
Trd, 259087.583, 138
Trd, 259087.667, 132
Trd, 259087.800, 125
Trd, 259088.333, 115
Trd, 259088.367, 114
Trd, 259089.033, 128
Trd, 259089.117, 125
Trd, 259089.300, 139
Trd, 259089.667, 136
Trd, 259089.683, 135
Trd, 259089.800, 125
Trd, 259089.850, 124
Trd, 259089.883, 123
Trd, 259090.450, 140
Trd, 259090.500, 139
Trd, 259090.517, 111
Trd, 259090.967, 119
Trd, 259091.267, 112
Trd, 259092.083, 113
Trd, 259092.133, 112
Trd, 259092.700, 115
Trd, 259093.083, 116
Trd, 259093.150, 111
Trd, 259093.217, 110
Trd, 259093.233, 129
Trd, 259093.500, 140
Trd, 259093.600, 140
Trd, 259093.883, 135
Trd, 259093.983, 120
Trd, 259094.650, 140
Trd, 259094.817, 140
Trd, 259094.933, 140
Trd, 259095.067, 140
Trd, 259095.350, 137
Trd, 259095.383, 129
Trd, 259095.633, 113
Trd, 259095.817, 120
Trd, 259096.400, 115
Trd, 259096.583, 114
Trd, 259096.617, 112
Trd, 259096.833, 111
Trd, 259097.083, 116
Trd, 259097.233, 110
Trd, 259097.367, 99
Trd, 259097.900, 115
Trd, 259098.083, 100
Trd, 259098.233, 94
Trd, 259098.283, 89
Trd, 259098.833, 137
Trd, 259099.067, 94
Trd, 259099.367, 63
Trd, 259099.433, 68
Trd, 259100.033, 114
Trd, 259100.083, 77
Trd, 259100.700, 71
Trd, 259101.100, 121
Trd, 259101.217, 128
Trd, 259101.517, 124
Trd, 259101.550, 123
Trd, 259101.800, 126
Trd, 259101.950, 126
Trd, 259102.250, 123
Trd, 259102.367, 122
Trd, 259102.933, 124
Trd, 259103.317, 113
Trd, 259103.333, 117
Trd, 259103.600, 116
Trd, 259103.700, 115
Trd, 259104.167, 109
Trd, 259104.250, 128
Trd, 259104.467, 129
Trd, 259104.567, 134
Trd, 259104.883, 132
Trd, 259104.933, 115
Trd, 259105.100, 115
Trd, 259105.200, 114
Trd, 259105.567, 117
Trd, 259105.717, 116
Trd, 259106.083, 131
Trd, 259106.517, 119
Trd, 259106.800, 117
Trd, 259106.983, 110
Trd, 259107.217, 101
Trd, 259107.533, 133
Trd, 259107.633, 134
Trd, 259108.050, 120
Trd, 259108.067, 118
Trd, 259108.517, 139
Trd, 259109.067, 136
Trd, 259109.283, 118
Trd, 259109.550, 138
Trd, 259109.883, 118
Trd, 259110.050, 140
Trd, 259110.417, 119
Trd, 259110.483, 117
Trd, 259110.600, 113
Trd, 259110.750, 126
Trd, 259110.767, 125
Trd, 259110.883, 119
Trd, 259111.017, 124
Trd, 259112.050, 127
Trd, 259112.617, 139
Trd, 259112.967, 118
Trd, 259113.133, 125
Trd, 259113.200, 120
Trd, 259113.233, 117
Trd, 259113.250, 113
Trd, 259113.350, 110
Trd, 259113.750, 138
Trd, 259113.800, 134
Trd, 259113.850, 133
Trd, 259114.183, 99
Trd, 259114.300, 120
Trd, 259114.433, 119
Trd, 259114.483, 98
Trd, 259114.583, 92
Trd, 259114.833, 77
Trd, 259115.317, 78
Trd, 259115.683, 127
Trd, 259115.767, 126
Trd, 259115.800, 90
Trd, 259116.550, 127
Trd, 259116.683, 120
Trd, 259116.717, 133
Trd, 259116.967, 109
Trd, 259117.033, 107
Trd, 259117.217, 100
Trd, 259117.250, 99
Trd, 259117.267, 97
Trd, 259117.333, 85
Trd, 259117.350, 125
Trd, 259117.700, 84
Trd, 259118.083, 78
Trd, 259118.733, 132
Trd, 259119.117, 113
Trd, 259119.250, 112
Trd, 259119.650, 96
Trd, 259120.083, 118
Trd, 259120.350, 119
Trd, 259120.367, 115
Trd, 259120.533, 115
Trd, 259121.217, 122
Trd, 259121.533, 138
Trd, 259121.567, 136
Trd, 259121.833, 140
Trd, 259122.367, 140
Trd, 259122.683, 140
Trd, 259123.150, 140
Trd, 259123.167, 140
Trd, 259123.717, 138
Trd, 259124.350, 140
Trd, 259124.517, 125
Trd, 259124.567, 114
Trd, 259124.633, 113
Trd, 259124.917, 138
Trd, 259125.400, 138
Trd, 259125.783, 135
Trd, 259126.017, 139
Trd, 259126.217, 135
Trd, 259126.250, 134
Trd, 259126.367, 119
Trd, 259126.467, 119
Trd, 259126.617, 125
Trd, 259127.200, 138
Trd, 259127.417, 134
Trd, 259127.483, 133
Trd, 259127.550, 132
Trd, 259127.817, 131
Trd, 259127.833, 131
Trd, 259128.133, 128
Trd, 259128.367, 137
Trd, 259128.433, 133
Trd, 259128.600, 117
Trd, 259128.683, 117
Trd, 259128.917, 116
Trd, 259129.717, 134
Trd, 259129.933, 133
Trd, 259130.083, 126
Trd, 259130.500, 126
Trd, 259130.850, 111
Trd, 259131.583, 126
Trd, 259131.700, 124
Trd, 259131.783, 129
Trd, 259132.283, 140
Trd, 259132.367, 140
Trd, 259132.400, 140
Trd, 259132.417, 126
Trd, 259132.550, 134
Trd, 259133.133, 135
Trd, 259133.250, 134
Trd, 259133.267, 114
Trd, 259134.083, 131
Trd, 259134.183, 129
Trd, 259134.250, 120
Trd, 259134.600, 128
Trd, 259134.867, 129
Trd, 259135.033, 128
Trd, 259135.333, 121
Trd, 259135.350, 120
Trd, 259136.017, 121
Trd, 259136.067, 111
Trd, 259136.100, 133
Trd, 259136.400, 136
Trd, 259136.483, 110
Trd, 259136.750, 98
Trd, 259136.883, 98
Trd, 259137.683, 119
Trd, 259137.883, 132
Trd, 259137.933, 133
Trd, 259138.017, 131
Trd, 259138.167, 116
Trd, 259138.567, 104
Trd, 259138.667, 97
Trd, 259138.950, 133
Trd, 259138.983, 131
Trd, 259139.100, 105
Trd, 259139.283, 137
Trd, 259139.450, 113
Trd, 259140.033, 135
Trd, 259140.467, 136
Trd, 259140.517, 134
Trd, 259140.550, 112
Trd, 259140.683, 112
Trd, 259141.150, 130
Trd, 259141.700, 138
Trd, 259141.850, 107
Trd, 259141.983, 104
Trd, 259142.117, 101
Trd, 259142.367, 113
Trd, 259142.450, 115
Trd, 259142.667, 135
Trd, 259143.133, 140
Trd, 259144.083, 133
Trd, 259144.117, 132
Trd, 259144.433, 131
Trd, 259144.517, 129
Trd, 259144.750, 128
Trd, 259144.833, 125
Trd, 259144.867, 119
Trd, 259145.050, 109
Trd, 259145.167, 140
Trd, 259145.217, 108
Trd, 259145.450, 103
Trd, 259146.100, 133
Trd, 259146.167, 132
Trd, 259146.667, 130
Trd, 259146.683, 120
Trd, 259146.700, 116
Trd, 259146.917, 121
Trd, 259147.200, 113
Trd, 259147.250, 138
Trd, 259147.267, 112
Trd, 259147.500, 128
Trd, 259147.583, 109
Trd, 259148.350, 113
Trd, 259148.383, 112
Trd, 259148.633, 111
Trd, 259148.950, 98
Trd, 259148.983, 121
Trd, 259149.300, 97
Trd, 259149.400, 92
Trd, 259149.683, 120
Trd, 259149.883, 124
Trd, 259150.050, 115
Trd, 259150.750, 133
Trd, 259150.817, 123
Trd, 259151.700, 123
Trd, 259151.850, 123
Trd, 259151.883, 122
Trd, 259153.000, 139
Trd, 259153.150, 116
Trd, 259153.350, 115
Trd, 259153.650, 114
Trd, 259153.717, 114
Trd, 259154.117, 138
Trd, 259154.350, 139
Trd, 259154.567, 138
Trd, 259154.667, 139
Trd, 259154.817, 140
Trd, 259154.850, 116
Trd, 259156.067, 139
Trd, 259156.117, 136
Trd, 259156.283, 134
Trd, 259156.367, 133
Trd, 259156.467, 138
Trd, 259156.767, 123
Trd, 259157.017, 136
Trd, 259157.067, 121
Trd, 259157.550, 138
Trd, 259158.100, 127
Trd, 259158.483, 138
Trd, 259158.717, 126
Trd, 259158.733, 126
Trd, 259159.083, 123
Trd, 259159.167, 131
Trd, 259159.267, 116
Trd, 259159.583, 138
Trd, 259159.833, 137
Trd, 259160.000, 136
Trd, 259160.117, 118
Trd, 259160.250, 117
Trd, 259160.383, 117
Trd, 259160.583, 116
Trd, 259161.167, 117
Trd, 259161.450, 109
Trd, 259161.833, 110
Trd, 259162.100, 109
Trd, 259162.583, 119
Trd, 259162.717, 107
Trd, 259163.000, 106
Trd, 259163.233, 137
Trd, 259163.250, 136
Trd, 259163.450, 116
Trd, 259163.750, 128
Trd, 259163.933, 127
Trd, 259164.567, 140
Trd, 259164.767, 135
Trd, 259164.917, 133
Trd, 259165.317, 128
Trd, 259165.567, 119
Trd, 259165.833, 130
Trd, 259165.950, 123
Trd, 259166.133, 138
Trd, 259166.533, 114
Trd, 259166.933, 140
Trd, 259167.567, 140
Trd, 259167.950, 137
Trd, 259168.783, 130
Trd, 259169.100, 127
Trd, 259169.350, 126
Trd, 259169.700, 126
Trd, 259170.183, 130
Trd, 259170.250, 133
Trd, 259170.267, 129
Trd, 259170.283, 125
Trd, 259170.850, 117
Trd, 259171.067, 133
Trd, 259171.133, 119
Trd, 259171.317, 117
Trd, 259171.400, 118
Trd, 259172.083, 122
Trd, 259172.283, 139
Trd, 259172.650, 140
Trd, 259172.883, 140
Trd, 259173.533, 140
Trd, 259173.800, 139
Trd, 259174.467, 138
Trd, 259174.683, 133
Trd, 259175.100, 129
Trd, 259175.333, 129
Trd, 259175.500, 140
Trd, 259175.667, 140
Trd, 259175.767, 127
Trd, 259175.850, 122
Trd, 259175.983, 126
Trd, 259176.000, 118
Trd, 259176.033, 113
Trd, 259176.317, 102
Trd, 259176.483, 103
Trd, 259176.800, 102
Trd, 259176.833, 96
Trd, 259176.883, 113
Trd, 259177.033, 114
Trd, 259177.333, 87
Trd, 259177.367, 102
Trd, 259177.683, 123
Trd, 259177.717, 131
Trd, 259177.767, 122
Trd, 259178.183, 131
Trd, 259178.400, 130
Trd, 259178.933, 139
Trd, 259179.183, 127
Trd, 259179.283, 127
Trd, 259179.517, 112
Trd, 259179.917, 108
Trd, 259180.500, 135
Trd, 259180.583, 121
Trd, 259180.667, 104
Trd, 259180.817, 102
Trd, 259181.050, 138
Trd, 259181.533, 138
Trd, 259181.633, 137
Trd, 259182.267, 138
Trd, 259182.383, 137
Trd, 259182.400, 136
Trd, 259182.517, 135
Trd, 259182.717, 137
Trd, 259183.183, 131
Trd, 259183.283, 134
Trd, 259183.733, 130
Trd, 259183.817, 129
Trd, 259183.950, 123
Trd, 259184.083, 101
Trd, 259184.150, 90
Trd, 259184.383, 128
Trd, 259184.417, 106
Trd, 259184.600, 111
Trd, 259184.917, 127
Trd, 259185.183, 89
Trd, 259185.683, 132
Trd, 259186.100, 138
Trd, 259186.483, 137
Trd, 259186.550, 132
Trd, 259187.400, 136
Trd, 259187.567, 135
Trd, 259187.800, 133
Trd, 259188.333, 140
Trd, 259188.383, 137
Trd, 259188.400, 132
Trd, 259188.483, 132
Trd, 259189.033, 136
Trd, 259189.150, 131
Trd, 259189.350, 130
Trd, 259189.617, 128
Trd, 259189.667, 127
Trd, 259189.733, 139
Trd, 259189.933, 138
Trd, 259190.033, 139
Trd, 259190.733, 125
Trd, 259190.833, 119
Trd, 259191.200, 121
Trd, 259191.250, 104
Trd, 259191.317, 110
Trd, 259191.617, 124
Trd, 259191.850, 105
Trd, 259192.000, 99
Trd, 259192.517, 109
Trd, 259192.550, 91
Trd, 259192.717, 103
Trd, 259192.767, 131
Trd, 259192.883, 91
Trd, 259193.133, 118
Trd, 259193.200, 123
Trd, 259193.333, 101
Trd, 259193.567, 132
Trd, 259193.933, 127
Trd, 259194.483, 132
Trd, 259194.550, 132
Trd, 259194.850, 133
Trd, 259194.917, 130
Trd, 259194.933, 134
Trd, 259195.117, 116
Trd, 259195.217, 107
Trd, 259195.717, 136
Trd, 259196.200, 139
Trd, 259196.800, 140
Trd, 259197.150, 140
Trd, 259197.633, 140
Trd, 259197.750, 140
Trd, 259197.800, 133
Trd, 259198.283, 122
Trd, 259198.617, 130
Trd, 259198.717, 129
Trd, 259198.900, 126
Trd, 259198.950, 125
Trd, 259199.433, 130
Trd, 259199.550, 119
Trd, 259199.567, 118
Trd, 259199.717, 111
Trd, 259199.867, 134
