Trd, 258553.533, 139
Trd, 258553.683, 128
Trd, 258553.800, 121
Trd, 258554.067, 137
Trd, 258554.200, 127
Trd, 258554.233, 121
Trd, 258555.183, 140
Trd, 258555.583, 140
Trd, 258555.700, 140
Trd, 258555.833, 140
Trd, 258555.850, 138
Trd, 258556.700, 140
Trd, 258556.967, 140
Trd, 258557.467, 140
Trd, 258557.567, 139
Trd, 258557.750, 136
Trd, 258558.150, 133
Trd, 258558.383, 127
Trd, 258558.867, 127
Trd, 258559.200, 134
Trd, 258559.600, 136
Trd, 258559.733, 120
Trd, 258560.017, 138
Trd, 258560.683, 136
Trd, 258561.017, 135
Trd, 258561.283, 140
Trd, 258561.383, 134
Trd, 258561.750, 135
Trd, 258561.767, 134
Trd, 258562.617, 135
Trd, 258562.733, 138
Trd, 258562.917, 135
Trd, 258563.050, 134
Trd, 258564.483, 139
Trd, 258564.517, 138
Trd, 258565.000, 137
Trd, 258565.183, 136
Trd, 258565.200, 134
Trd, 258565.417, 136
Trd, 258565.800, 124
Trd, 258566.150, 120
Trd, 258566.267, 115
Trd, 258566.733, 135
Trd, 258566.783, 139
Trd, 258567.150, 123
Trd, 258567.750, 126
Trd, 258568.200, 119
Trd, 258568.267, 103
Trd, 258568.650, 98
Trd, 258568.750, 97
Trd, 258568.833, 111
Trd, 258570.083, 131
Trd, 258570.533, 124
Trd, 258570.967, 129
Trd, 258571.033, 129
Trd, 258571.233, 128
Trd, 258571.367, 127
Trd, 258571.417, 125
Trd, 258571.533, 124
Trd, 258571.750, 135
Trd, 258571.783, 134
Trd, 258571.933, 133
Trd, 258572.067, 131
Trd, 258572.183, 123
Trd, 258573.167, 136
Trd, 258573.350, 135
Trd, 258573.567, 130
Trd, 258573.750, 124
Trd, 258574.117, 140
Trd, 258574.800, 140
Trd, 258575.617, 140
Trd, 258576.050, 140
Trd, 258576.217, 140
Trd, 258576.533, 140
Trd, 258576.717, 137
Trd, 258576.767, 133
Trd, 258576.800, 129
Trd, 258576.850, 118
Trd, 258576.983, 113
Trd, 258577.367, 106
Trd, 258577.400, 105
Trd, 258577.467, 104
Trd, 258577.567, 99
Trd, 258577.783, 87
Trd, 258578.100, 92
Trd, 258578.150, 96
Trd, 258578.183, 97
Trd, 258578.250, 90
Trd, 258578.300, 81
Trd, 258578.733, 115
Trd, 258578.867, 113
Trd, 258578.900, 124
Trd, 258579.350, 116
Trd, 258579.467, 116
Trd, 258579.517, 110
Trd, 258579.833, 87
Trd, 258579.850, 129
Trd, 258580.350, 116
Trd, 258580.667, 117
Trd, 258580.967, 100
Trd, 258581.200, 100
Trd, 258581.283, 99
Trd, 258581.450, 115
Trd, 258581.533, 132
Trd, 258581.967, 136
Trd, 258582.250, 135
Trd, 258582.300, 133
Trd, 258582.667, 107
Trd, 258582.733, 109
Trd, 258583.217, 138
Trd, 258583.333, 119
Trd, 258583.467, 104
Trd, 258583.633, 104
Trd, 258584.167, 107
Trd, 258584.667, 123
Trd, 258584.717, 108
Trd, 258585.017, 122
Trd, 258585.383, 122
Trd, 258585.450, 119
Trd, 258585.750, 119
Trd, 258585.833, 124
Trd, 258586.083, 119
Trd, 258586.267, 117
Trd, 258586.400, 116
Trd, 258587.133, 133
Trd, 258587.267, 134
Trd, 258587.717, 130
Trd, 258587.767, 128
Trd, 258587.783, 127
Trd, 258588.333, 126
Trd, 258589.350, 140
Trd, 258589.383, 139
Trd, 258589.600, 138
Trd, 258589.883, 137
Trd, 258590.233, 136
Trd, 258590.450, 135
Trd, 258590.583, 130
Trd, 258591.033, 133
Trd, 258591.550, 114
Trd, 258591.600, 112
Trd, 258591.617, 102
Trd, 258591.633, 122
Trd, 258591.850, 139
Trd, 258592.600, 114
Trd, 258592.917, 113
Trd, 258593.450, 126
Trd, 258593.533, 129
Trd, 258593.750, 129
Trd, 258594.150, 121
Trd, 258594.250, 120
Trd, 258595.000, 140
Trd, 258595.250, 126
Trd, 258595.317, 125
Trd, 258595.517, 125
Trd, 258595.567, 124
Trd, 258595.783, 128
Trd, 258596.067, 123
Trd, 258596.750, 122
Trd, 258596.867, 121
Trd, 258597.600, 140
Trd, 258597.683, 137
Trd, 258597.900, 135
Trd, 258598.383, 136
Trd, 258598.800, 136
Trd, 258598.867, 133
Trd, 258598.900, 132
Trd, 258599.183, 120
Trd, 258599.383, 115
Trd, 258600.050, 120
Trd, 258600.150, 119
Trd, 258600.667, 119
Trd, 258600.750, 118
Trd, 258600.767, 123
Trd, 258600.800, 118
Trd, 258600.900, 117
Trd, 258601.100, 116
Trd, 258601.150, 110
Trd, 258601.900, 112
Trd, 258601.933, 111
Trd, 258602.133, 110
Trd, 258602.717, 140
Trd, 258603.433, 140
Trd, 258603.567, 137
Trd, 258603.667, 132
Trd, 258604.350, 137
Trd, 258604.717, 134
Trd, 258604.817, 133
Trd, 258605.167, 138
Trd, 258605.217, 137
Trd, 258605.500, 137
Trd, 258605.533, 136
Trd, 258606.383, 140
Trd, 258606.400, 140
Trd, 258606.733, 126
Trd, 258607.133, 134
Trd, 258607.650, 134
Trd, 258607.700, 131
Trd, 258607.967, 130
Trd, 258608.133, 124
Trd, 258608.317, 127
Trd, 258608.367, 123
Trd, 258608.733, 122
Trd, 258609.200, 123
Trd, 258609.383, 118
Trd, 258609.517, 117
Trd, 258609.633, 129
Trd, 258609.883, 107
Trd, 258609.933, 110
Trd, 258610.400, 136
Trd, 258610.933, 131
Trd, 258610.950, 130
Trd, 258611.117, 140
Trd, 258612.033, 136
Trd, 258612.083, 135
Trd, 258612.150, 119
Trd, 258612.500, 140
Trd, 258612.783, 137
Trd, 258613.533, 138
Trd, 258613.967, 125
Trd, 258614.883, 125
Trd, 258614.933, 124
Trd, 258615.133, 124
Trd, 258615.250, 123
Trd, 258615.367, 125
Trd, 258615.567, 128
Trd, 258616.050, 127
Trd, 258616.317, 126
Trd, 258616.333, 134
Trd, 258616.433, 129
Trd, 258616.667, 128
Trd, 258616.933, 128
Trd, 258617.583, 127
Trd, 258618.200, 135
Trd, 258618.217, 134
Trd, 258618.517, 135
Trd, 258619.167, 133
Trd, 258620.217, 139
Trd, 258620.283, 138
Trd, 258620.850, 125
Trd, 258622.000, 140
Trd, 258622.300, 140
Trd, 258622.417, 140
Trd, 258622.483, 138
Trd, 258622.500, 135
Trd, 258622.750, 134
Trd, 258623.200, 125
Trd, 258623.217, 124
Trd, 258623.367, 138
Trd, 258623.467, 119
Trd, 258624.667, 123
Trd, 258625.267, 120
Trd, 258625.333, 119
Trd, 258625.633, 126
Trd, 258625.867, 105
Trd, 258626.183, 111
Trd, 258626.233, 110
Trd, 258626.317, 101
Trd, 258626.450, 101
Trd, 258626.933, 115
Trd, 258626.967, 117
Trd, 258627.217, 124
Trd, 258627.333, 126
Trd, 258627.367, 118
Trd, 258627.467, 115
Trd, 258627.583, 111
Trd, 258627.767, 111
Trd, 258628.283, 130
Trd, 258628.750, 129
Trd, 258629.467, 131
Trd, 258629.517, 133
Trd, 258629.683, 136
Trd, 258629.950, 129
Trd, 258630.800, 135
Trd, 258631.117, 140
Trd, 258631.467, 140
Trd, 258631.633, 139
Trd, 258632.117, 139
Trd, 258632.200, 138
Trd, 258632.517, 135
Trd, 258632.617, 133
Trd, 258632.667, 125
Trd, 258632.883, 126
Trd, 258632.917, 117
Trd, 258632.933, 114
Trd, 258633.067, 114
Trd, 258633.083, 114
Trd, 258633.433, 124
Trd, 258633.833, 115
Trd, 258633.967, 114
Trd, 258634.317, 113
Trd, 258635.200, 114
Trd, 258635.550, 113
Trd, 258636.100, 131
Trd, 258636.283, 140
Trd, 258636.500, 140
Trd, 258636.600, 140
Trd, 258637.083, 128
Trd, 258637.383, 125
Trd, 258637.533, 117
Trd, 258637.850, 123
Trd, 258637.900, 133
Trd, 258638.100, 122
Trd, 258638.983, 124
Trd, 258639.667, 125
Trd, 258639.867, 125
Trd, 258640.150, 132
Trd, 258640.383, 130
Trd, 258640.717, 123
Trd, 258640.950, 122
Trd, 258641.083, 117
Trd, 258641.117, 110
Trd, 258641.450, 128
Trd, 258641.567, 134
Trd, 258642.083, 136
Trd, 258642.583, 140
Trd, 258642.900, 136
Trd, 258643.083, 134
Trd, 258644.033, 137
Trd, 258644.583, 136
Trd, 258644.617, 135
Trd, 258644.683, 130
Trd, 258644.883, 118
Trd, 258645.017, 117
Trd, 258645.750, 122
Trd, 258646.183, 123
Trd, 258646.200, 122
Trd, 258646.717, 124
Trd, 258647.350, 124
Trd, 258647.700, 125
Trd, 258647.917, 124
Trd, 258647.983, 123
Trd, 258649.633, 140
Trd, 258649.800, 139
Trd, 258650.017, 139
Trd, 258650.200, 139
Trd, 258650.350, 133
Trd, 258650.700, 137
Trd, 258651.417, 140
Trd, 258651.633, 140
Trd, 258651.900, 140
Trd, 258651.917, 140
Trd, 258652.300, 140
Trd, 258652.433, 140
Trd, 258652.900, 140
Trd, 258653.100, 140
Trd, 258653.133, 137
Trd, 258653.250, 130
Trd, 258653.267, 126
Trd, 258653.617, 118
Trd, 258653.933, 120
Trd, 258654.017, 122
Trd, 258654.033, 114
Trd, 258654.183, 138
Trd, 258654.817, 139
Trd, 258654.850, 137
Trd, 258655.100, 122
Trd, 258655.550, 125
Trd, 258656.067, 115
Trd, 258656.083, 114
Trd, 258656.450, 113
Trd, 258657.050, 114
Trd, 258657.317, 118
Trd, 258657.733, 126
Trd, 258658.217, 140
Trd, 258659.067, 140
Trd, 258659.483, 140
Trd, 258659.833, 140
Trd, 258659.950, 140
Trd, 258660.033, 140
Trd, 258660.983, 140
Trd, 258661.300, 139
Trd, 258661.450, 137
Trd, 258661.550, 140
Trd, 258661.583, 140
Trd, 258661.767, 122
Trd, 258661.817, 117
Trd, 258662.083, 109
Trd, 258662.200, 110
Trd, 258662.467, 128
Trd, 258662.550, 127
Trd, 258663.267, 117
Trd, 258663.417, 116
Trd, 258663.883, 138
Trd, 258663.933, 137
Trd, 258664.400, 121
Trd, 258664.450, 125
Trd, 258664.700, 120
Trd, 258664.850, 115
Trd, 258666.167, 130
Trd, 258666.633, 130
Trd, 258667.383, 133
Trd, 258667.417, 132
Trd, 258667.517, 123
Trd, 258668.000, 122
Trd, 258668.500, 126
Trd, 258668.550, 125
Trd, 258668.567, 132
Trd, 258668.633, 123
Trd, 258668.700, 123
Trd, 258669.667, 128
Trd, 258670.000, 127
Trd, 258670.100, 122
Trd, 258670.233, 131
Trd, 258670.250, 113
Trd, 258670.717, 137
Trd, 258670.733, 107
Trd, 258671.000, 119
Trd, 258671.183, 99
Trd, 258671.300, 127
Trd, 258671.417, 116
Trd, 258671.600, 140
Trd, 258672.000, 131
Trd, 258672.250, 130
Trd, 258672.467, 134
Trd, 258672.750, 133
Trd, 258673.183, 131
Trd, 258673.533, 131
Trd, 258673.700, 130
Trd, 258673.950, 129
Trd, 258674.250, 140
Trd, 258674.400, 130
Trd, 258674.667, 131
Trd, 258674.733, 130
Trd, 258674.783, 129
Trd, 258674.883, 127
Trd, 258675.367, 133
Trd, 258675.817, 131
Trd, 258676.283, 131
Trd, 258676.667, 137
Trd, 258677.050, 126
Trd, 258677.333, 114
Trd, 258677.383, 113
Trd, 258677.683, 111
Trd, 258677.717, 100
Trd, 258677.783, 96
Trd, 258677.900, 94
Trd, 258678.650, 136
Trd, 258679.050, 132
Trd, 258679.267, 127
Trd, 258679.450, 126
Trd, 258679.500, 116
Trd, 258680.017, 117
Trd, 258680.133, 116
Trd, 258680.683, 140
Trd, 258680.800, 140
Trd, 258681.033, 139
Trd, 258681.283, 140
Trd, 258681.567, 140
Trd, 258681.800, 140
Trd, 258682.167, 137
Trd, 258682.250, 135
Trd, 258682.533, 124
Trd, 258682.833, 123
Trd, 258682.917, 122
Trd, 258683.200, 123
Trd, 258683.433, 119
Trd, 258683.450, 134
Trd, 258684.200, 136
Trd, 258684.333, 123
Trd, 258684.617, 116
Trd, 258684.867, 117
Trd, 258684.967, 132
Trd, 258685.050, 115
Trd, 258686.650, 120
Trd, 258686.683, 135
Trd, 258686.800, 119
Trd, 258687.650, 127
Trd, 258687.700, 127
Trd, 258688.100, 128
Trd, 258688.150, 126
Trd, 258688.250, 126
Trd, 258688.417, 125
Trd, 258688.483, 115
Trd, 258689.333, 116
Trd, 258689.383, 116
Trd, 258689.450, 112
Trd, 258690.183, 129
Trd, 258690.483, 134
Trd, 258690.550, 130
Trd, 258690.800, 128
Trd, 258691.017, 139
Trd, 258691.317, 128
Trd, 258691.500, 137
Trd, 258691.733, 124
Trd, 258692.083, 132
Trd, 258692.417, 129
Trd, 258692.617, 129
Trd, 258692.833, 126
Trd, 258692.850, 119
Trd, 258692.900, 111
Trd, 258693.250, 108
Trd, 258693.850, 111
Trd, 258694.000, 123
Trd, 258694.433, 132
Trd, 258694.600, 130
Trd, 258694.767, 130
Trd, 258694.917, 123
Trd, 258695.617, 109
Trd, 258695.717, 108
Trd, 258695.733, 107
Trd, 258696.083, 112
Trd, 258696.550, 114
Trd, 258696.767, 120
Trd, 258697.000, 117
Trd, 258697.717, 120
Trd, 258698.283, 121
Trd, 258698.367, 121
Trd, 258698.600, 125
Trd, 258698.617, 117
Trd, 258698.800, 107
Trd, 258698.967, 131
Trd, 258699.317, 107
Trd, 258699.667, 109
Trd, 258699.967, 136
Trd, 258700.050, 135
Trd, 258700.133, 134
Trd, 258700.533, 132
Trd, 258701.100, 133
Trd, 258701.217, 132
Trd, 258701.500, 132
Trd, 258701.850, 131
Trd, 258701.917, 131
Trd, 258702.183, 135
Trd, 258702.583, 137
Trd, 258702.617, 136
Trd, 258703.650, 140
Trd, 258703.717, 137
Trd, 258703.817, 134
Trd, 258704.150, 124
Trd, 258704.200, 123
Trd, 258704.783, 99
Trd, 258705.117, 137
Trd, 258705.217, 112
Trd, 258705.450, 108
Trd, 258706.050, 130
Trd, 258706.467, 114
Trd, 258706.533, 112
Trd, 258707.367, 121
Trd, 258707.417, 120
Trd, 258707.467, 115
Trd, 258707.600, 114
Trd, 258707.833, 120
Trd, 258707.867, 114
Trd, 258707.883, 113
Trd, 258708.033, 108
Trd, 258708.050, 123
Trd, 258708.250, 84
Trd, 258708.283, 124
Trd, 258708.433, 83
Trd, 258708.600, 130
Trd, 258708.683, 138
Trd, 258708.900, 127
Trd, 258709.033, 126
Trd, 258709.550, 103
Trd, 258710.133, 116
Trd, 258710.700, 140
Trd, 258710.767, 140
Trd, 258710.833, 130
Trd, 258711.450, 135
Trd, 258712.083, 136
Trd, 258712.400, 136
Trd, 258712.417, 135
Trd, 258712.767, 135
Trd, 258712.850, 134
Trd, 258712.950, 131
Trd, 258713.000, 131
Trd, 258713.617, 114
Trd, 258713.650, 110
Trd, 258713.733, 102
Trd, 258714.467, 109
Trd, 258714.550, 103
Trd, 258714.917, 120
Trd, 258715.383, 115
Trd, 258715.600, 125
Trd, 258715.650, 110
Trd, 258715.767, 115
Trd, 258715.933, 130
Trd, 258716.000, 129
Trd, 258716.900, 131
Trd, 258716.917, 130
Trd, 258717.117, 128
Trd, 258717.217, 127
Trd, 258717.433, 136
Trd, 258717.467, 129
Trd, 258717.883, 140
Trd, 258717.967, 140
Trd, 258718.317, 119
Trd, 258718.767, 140
Trd, 258719.017, 119
Trd, 258719.083, 114
Trd, 258719.267, 111
Trd, 258719.317, 101
Trd, 258719.550, 85
Trd, 258719.733, 111
Trd, 258719.850, 136
Trd, 258720.250, 126
Trd, 258721.017, 121
Trd, 258721.067, 120
Trd, 258721.333, 106
Trd, 258721.783, 119
Trd, 258721.917, 118
Trd, 258722.267, 118
Trd, 258723.050, 140
Trd, 258723.417, 139
Trd, 258723.567, 138
Trd, 258724.050, 137
Trd, 258724.083, 136
Trd, 258724.133, 136
Trd, 258724.583, 132
Trd, 258724.667, 127
Trd, 258724.833, 116
Trd, 258724.933, 125
Trd, 258725.317, 133
Trd, 258725.333, 134
Trd, 258726.417, 140
Trd, 258726.467, 140
Trd, 258726.683, 140
Trd, 258726.917, 138
Trd, 258727.367, 137
Trd, 258727.383, 133
Trd, 258727.500, 131
Trd, 258727.783, 117
Trd, 258727.850, 102
Trd, 258727.933, 102
Trd, 258727.983, 91
Trd, 258728.017, 134
Trd, 258728.033, 135
Trd, 258728.517, 93
Trd, 258729.433, 119
Trd, 258729.450, 120
Trd, 258729.733, 124
Trd, 258730.000, 128
Trd, 258730.250, 122
Trd, 258730.317, 138
Trd, 258730.350, 121
Trd, 258730.917, 132
Trd, 258731.233, 134
Trd, 258731.400, 133
Trd, 258731.700, 127
Trd, 258731.767, 126
Trd, 258732.617, 129
Trd, 258732.733, 128
Trd, 258732.767, 126
Trd, 258732.817, 125
Trd, 258733.083, 125
Trd, 258733.167, 123
Trd, 258733.383, 109
Trd, 258734.000, 116
Trd, 258734.383, 118
Trd, 258734.633, 133
Trd, 258734.867, 121
Trd, 258735.517, 124
Trd, 258736.117, 133
Trd, 258736.200, 132
Trd, 258736.367, 130
Trd, 258736.600, 122
Trd, 258736.783, 125
Trd, 258736.950, 123
Trd, 258737.250, 121
Trd, 258737.450, 120
Trd, 258738.533, 122
Trd, 258738.550, 121
Trd, 258738.817, 119
Trd, 258738.983, 128
Trd, 258739.017, 127
Trd, 258739.117, 118
Trd, 258739.417, 128
Trd, 258739.450, 125
Trd, 258740.050, 139
Trd, 258740.900, 126
Trd, 258741.033, 102
Trd, 258741.150, 97
Trd, 258741.250, 121
Trd, 258741.400, 113
Trd, 258741.683, 132
Trd, 258742.483, 139
Trd, 258742.683, 140
Trd, 258742.767, 140
Trd, 258742.983, 140
Trd, 258743.117, 140
Trd, 258743.567, 138
Trd, 258743.817, 137
Trd, 258743.983, 130
Trd, 258744.733, 140
Trd, 258745.000, 140
Trd, 258745.250, 140
Trd, 258745.833, 140
Trd, 258745.933, 140
Trd, 258746.383, 125
Trd, 258746.650, 124
Trd, 258746.750, 120
Trd, 258747.350, 121
Trd, 258747.417, 117
Trd, 258747.900, 139
Trd, 258747.917, 136
Trd, 258747.983, 134
Trd, 258748.167, 139
Trd, 258748.333, 125
Trd, 258748.517, 137
Trd, 258748.683, 117
Trd, 258749.050, 129
Trd, 258749.300, 129
Trd, 258749.583, 127
Trd, 258749.717, 111
Trd, 258749.750, 111
Trd, 258749.917, 108
Trd, 258750.333, 123
Trd, 258750.550, 122
Trd, 258750.717, 137
Trd, 258750.883, 123
Trd, 258751.433, 123
Trd, 258751.717, 122
Trd, 258751.800, 121
Trd, 258751.983, 120
Trd, 258752.350, 133
Trd, 258752.400, 124
Trd, 258752.800, 120
Trd, 258752.833, 139
Trd, 258752.950, 119
Trd, 258752.967, 117
Trd, 258753.200, 107
Trd, 258753.217, 118
Trd, 258753.450, 103
Trd, 258753.683, 140
Trd, 258753.783, 103
Trd, 258754.883, 114
Trd, 258755.283, 134
Trd, 258755.300, 133
Trd, 258756.217, 135
Trd, 258756.250, 121
Trd, 258756.333, 120
Trd, 258756.700, 119
Trd, 258756.717, 119
Trd, 258757.300, 118
Trd, 258757.850, 117
Trd, 258758.433, 118
Trd, 258758.733, 140
Trd, 258759.683, 127
Trd, 258760.150, 139
Trd, 258760.467, 138
Trd, 258760.633, 136
Trd, 258760.650, 135
Trd, 258761.133, 128
Trd, 258762.183, 140
Trd, 258762.400, 140
Trd, 258762.583, 140
Trd, 258762.683, 140
Trd, 258762.717, 139
Trd, 258762.733, 137
Trd, 258762.783, 124
Trd, 258763.217, 134
Trd, 258763.283, 130
Trd, 258763.400, 122
Trd, 258763.450, 121
Trd, 258763.617, 120
Trd, 258763.683, 127
Trd, 258763.767, 115
Trd, 258764.300, 126
Trd, 258765.517, 122
Trd, 258765.817, 136
Trd, 258765.983, 122
Trd, 258766.267, 131
Trd, 258766.717, 137
Trd, 258767.350, 137
Trd, 258767.367, 136
Trd, 258767.383, 134
Trd, 258767.767, 136
Trd, 258768.117, 136
Trd, 258768.133, 135
Trd, 258768.333, 127
Trd, 258769.100, 132
Trd, 258769.500, 126
Trd, 258769.517, 126
Trd, 258769.583, 123
Trd, 258770.233, 135
Trd, 258770.250, 130
Trd, 258770.467, 125
Trd, 258770.667, 132
Trd, 258771.100, 132
Trd, 258771.200, 131
Trd, 258771.467, 138
Trd, 258771.600, 136
Trd, 258771.883, 135
Trd, 258772.633, 139
Trd, 258772.700, 136
Trd, 258772.817, 136
Trd, 258773.317, 140
Trd, 258773.350, 139
Trd, 258773.383, 135
Trd, 258773.567, 135
Trd, 258773.950, 134
Trd, 258774.083, 129
Trd, 258774.233, 122
Trd, 258774.333, 121
Trd, 258774.700, 112
Trd, 258774.817, 125
Trd, 258775.183, 114
Trd, 258775.617, 103
Trd, 258776.283, 118
Trd, 258776.367, 122
Trd, 258776.467, 126
Trd, 258777.050, 105
Trd, 258777.250, 112
Trd, 258777.317, 106
Trd, 258777.567, 104
Trd, 258778.100, 140
Trd, 258778.783, 120
Trd, 258779.083, 121
Trd, 258779.817, 140
Trd, 258780.200, 123
Trd, 258780.417, 125
Trd, 258780.650, 123
Trd, 258780.783, 135
Trd, 258780.917, 120
Trd, 258781.517, 134
Trd, 258781.767, 131
Trd, 258782.050, 131
Trd, 258782.067, 130
Trd, 258782.867, 136
Trd, 258783.117, 134
Trd, 258783.167, 133
Trd, 258783.517, 132
Trd, 258783.550, 131
Trd, 258783.933, 129
Trd, 258784.300, 128
Trd, 258784.483, 137
Trd, 258784.583, 133
Trd, 258785.233, 134
Trd, 258785.317, 133
Trd, 258785.350, 131
Trd, 258785.683, 127
Trd, 258786.117, 130
Trd, 258787.217, 126
Trd, 258787.233, 114
Trd, 258787.667, 109
Trd, 258787.800, 115
Trd, 258787.817, 114
Trd, 258788.100, 110
Trd, 258788.117, 109
Trd, 258788.250, 116
Trd, 258788.667, 122
Trd, 258789.033, 129
Trd, 258789.250, 123
Trd, 258789.283, 121
Trd, 258789.600, 118
Trd, 258790.033, 139
Trd, 258790.067, 138
Trd, 258790.833, 130
Trd, 258791.150, 139
Trd, 258791.300, 121
Trd, 258791.333, 115
Trd, 258791.367, 108
Trd, 258791.633, 104
Trd, 258791.850, 120
Trd, 258792.017, 120
Trd, 258792.583, 100
Trd, 258792.783, 125
Trd, 258793.267, 127
Trd, 258793.450, 126
Trd, 258793.683, 126
Trd, 258793.833, 125
Trd, 258794.117, 125
Trd, 258794.283, 126
Trd, 258794.517, 125
Trd, 258795.533, 124
Trd, 258795.550, 122
Trd, 258795.900, 123
Trd, 258796.217, 123
Trd, 258796.367, 123
Trd, 258796.550, 122
Trd, 258796.817, 129
Trd, 258797.267, 113
Trd, 258797.550, 109
Trd, 258797.617, 108
Trd, 258798.067, 122
Trd, 258798.433, 122
Trd, 258798.500, 121
Trd, 258798.617, 130
Trd, 258799.433, 140
Trd, 258799.817, 137
Trd, 258799.950, 138
Trd, 258800.000, 137
Trd, 258800.067, 136
Trd, 258800.167, 129
Trd, 258800.817, 139
Trd, 258801.633, 138
Trd, 258801.883, 138
Trd, 258801.950, 137
Trd, 258802.100, 129
Trd, 258803.700, 138
Trd, 258803.767, 140
Trd, 258803.783, 135
Trd, 258804.083, 136
Trd, 258804.167, 135
Trd, 258804.500, 135
Trd, 258804.733, 132
Trd, 258804.950, 126
Trd, 258805.483, 112
Trd, 258806.150, 131
Trd, 258806.550, 130
Trd, 258806.967, 131
Trd, 258807.467, 140
Trd, 258807.650, 124
Trd, 258808.333, 137
Trd, 258808.567, 133
Trd, 258808.750, 130
Trd, 258809.050, 129
Trd, 258809.550, 123
Trd, 258809.617, 122
Trd, 258809.783, 122
Trd, 258809.800, 120
Trd, 258809.883, 118
Trd, 258809.917, 117
Trd, 258810.433, 127
Trd, 258810.850, 114
Trd, 258811.017, 113
Trd, 258811.150, 130
Trd, 258811.483, 129
Trd, 258811.817, 114
Trd, 258812.033, 109
Trd, 258812.150, 108
Trd, 258812.233, 107
Trd, 258812.533, 102
Trd, 258812.667, 104
Trd, 258813.117, 104
Trd, 258813.267, 106
Trd, 258813.283, 115
Trd, 258813.433, 103
Trd, 258813.583, 101
Trd, 258814.350, 138
Trd, 258814.750, 118
Trd, 258815.550, 117
Trd, 258815.950, 125
Trd, 258816.550, 133
Trd, 258816.667, 138
Trd, 258817.050, 136
Trd, 258817.383, 140
Trd, 258817.633, 140
Trd, 258817.767, 134
Trd, 258817.783, 119
Trd, 258817.833, 119
Trd, 258818.467, 128
Trd, 258818.550, 119
Trd, 258818.683, 135
Trd, 258818.767, 118
Trd, 258818.883, 125
Trd, 258819.117, 118
Trd, 258819.400, 134
Trd, 258819.933, 134
Trd, 258820.033, 133
Trd, 258820.133, 133
Trd, 258820.233, 133
Trd, 258820.467, 132
Trd, 258820.683, 131
Trd, 258820.983, 125
Trd, 258821.117, 120
Trd, 258821.167, 118
Trd, 258821.767, 118
Trd, 258822.000, 127
Trd, 258822.267, 134
Trd, 258822.367, 126
Trd, 258822.950, 125
Trd, 258823.133, 126
Trd, 258823.383, 127
Trd, 258823.933, 122
Trd, 258824.983, 126
Trd, 258826.050, 137
Trd, 258826.167, 139
Trd, 258826.383, 136
Trd, 258826.800, 139
Trd, 258826.817, 135
Trd, 258826.983, 134
Trd, 258827.117, 133
Trd, 258827.233, 132
Trd, 258827.300, 128
Trd, 258827.400, 139
Trd, 258827.817, 125
Trd, 258828.300, 125
Trd, 258828.317, 124
Trd, 258828.833, 124
Trd, 258829.450, 137
Trd, 258829.667, 114
Trd, 258830.317, 132
Trd, 258830.817, 137
Trd, 258830.917, 113
Trd, 258831.483, 132
Trd, 258831.817, 130
Trd, 258832.967, 140
Trd, 258833.083, 140
Trd, 258833.283, 140
Trd, 258833.433, 140
Trd, 258833.583, 140
Trd, 258833.767, 140
Trd, 258834.167, 140
Trd, 258834.417, 140
Trd, 258835.383, 140
Trd, 258835.883, 140
Trd, 258836.117, 140
Trd, 258836.533, 140
Trd, 258837.033, 140
Trd, 258837.050, 140
Trd, 258837.267, 138
Trd, 258837.383, 137
Trd, 258837.600, 140
Trd, 258837.900, 139
Trd, 258838.017, 137
Trd, 258838.033, 132
Trd, 258838.450, 124
Trd, 258838.633, 103
Trd, 258838.917, 121
Trd, 258839.150, 135
Trd, 258839.467, 140
Trd, 258839.700, 124
Trd, 258839.817, 138
Trd, 258839.983, 134
Trd, 258840.267, 109
Trd, 258840.300, 106
Trd, 258841.383, 124
Trd, 258841.417, 120
Trd, 258841.717, 134
Trd, 258842.033, 116
Trd, 258842.083, 124
Trd, 258842.133, 131
Trd, 258842.300, 119
Trd, 258842.733, 125
Trd, 258843.500, 129
Trd, 258844.200, 130
Trd, 258844.267, 130
Trd, 258844.367, 129
Trd, 258844.683, 130
Trd, 258844.700, 134
Trd, 258844.733, 129
Trd, 258845.300, 140
Trd, 258845.350, 136
Trd, 258845.717, 140
Trd, 258845.900, 140
Trd, 258846.050, 140
Trd, 258846.583, 140
Trd, 258846.600, 140
Trd, 258846.700, 140
Trd, 258847.433, 140
Trd, 258847.767, 140
Trd, 258848.333, 140
Trd, 258848.500, 140
Trd, 258848.867, 140
Trd, 258849.033, 138
Trd, 258849.200, 135
Trd, 258849.517, 135
Trd, 258849.683, 135
Trd, 258849.783, 130
Trd, 258850.233, 138
Trd, 258850.250, 137
Trd, 258850.317, 129
Trd, 258850.967, 124
Trd, 258851.100, 121
Trd, 258851.550, 122
Trd, 258851.667, 121
Trd, 258851.733, 122
Trd, 258851.783, 121
Trd, 258851.817, 121
Trd, 258852.067, 137
Trd, 258852.750, 129
Trd, 258852.767, 121
Trd, 258853.183, 120
Trd, 258853.683, 137
Trd, 258854.117, 124
Trd, 258855.050, 128
Trd, 258855.117, 126
Trd, 258855.333, 131
Trd, 258855.733, 126
Trd, 258856.017, 125
Trd, 258856.117, 125
Trd, 258856.167, 123
Trd, 258856.350, 126
Trd, 258856.483, 123
Trd, 258856.967, 139
Trd, 258857.383, 136
Trd, 258857.400, 135
Trd, 258858.283, 140
Trd, 258858.467, 136
Trd, 258859.300, 140
Trd, 258859.367, 140
Trd, 258859.500, 140
Trd, 258859.600, 139
Trd, 258859.717, 133
Trd, 258860.017, 135
Trd, 258860.983, 131
Trd, 258861.183, 136
Trd, 258861.283, 131
Trd, 258861.683, 132
Trd, 258861.900, 136
Trd, 258862.167, 140
Trd, 258862.333, 139
Trd, 258862.450, 131
Trd, 258862.533, 128
Trd, 258862.883, 140
Trd, 258863.417, 139
Trd, 258864.050, 140
Trd, 258864.567, 140
Trd, 258864.733, 140
Trd, 258864.867, 135
Trd, 258865.300, 135
Trd, 258865.317, 138
Trd, 258865.433, 134
Trd, 258866.333, 139
Trd, 258866.483, 138
Trd, 258866.867, 137
Trd, 258866.950, 136
Trd, 258867.050, 135
Trd, 258867.083, 116
Trd, 258867.450, 140
Trd, 258868.117, 140
Trd, 258868.417, 140
Trd, 258868.850, 140
Trd, 258869.283, 140
Trd, 258869.450, 140
Trd, 258869.517, 140
Trd, 258869.833, 139
Trd, 258869.933, 136
Trd, 258870.550, 120
Trd, 258870.650, 119
Trd, 258870.833, 114
Trd, 258871.033, 122
Trd, 258871.567, 112
Trd, 258871.900, 123
Trd, 258872.100, 122
Trd, 258872.533, 137
Trd, 258872.683, 125
Trd, 258872.800, 123
Trd, 258872.850, 113
Trd, 258872.967, 107
Trd, 258873.267, 125
Trd, 258873.283, 115
Trd, 258873.450, 106
Trd, 258873.517, 106
Trd, 258873.750, 106
Trd, 258874.317, 128
Trd, 258875.217, 129
Trd, 258875.400, 140
Trd, 258875.833, 140
Trd, 258876.150, 140
Trd, 258876.200, 140
Trd, 258876.267, 140
Trd, 258876.567, 140
Trd, 258876.850, 139
Trd, 258877.133, 137
Trd, 258878.683, 140
Trd, 258878.767, 140
Trd, 258879.067, 140
Trd, 258879.200, 128
Trd, 258879.233, 124
Trd, 258879.667, 120
Trd, 258879.767, 120
Trd, 258881.383, 130
Trd, 258881.483, 123
Trd, 258881.567, 122
Trd, 258881.717, 121
Trd, 258882.000, 120
Trd, 258882.100, 121
Trd, 258882.283, 121
Trd, 258882.350, 120
Trd, 258882.700, 110
Trd, 258882.850, 137
Trd, 258883.483, 135
Trd, 258883.650, 134
Trd, 258884.667, 140
Trd, 258884.683, 139
Trd, 258884.833, 137
Trd, 258885.033, 140
Trd, 258885.567, 123
Trd, 258886.117, 123
Trd, 258886.467, 125
Trd, 258886.567, 123
Trd, 258886.800, 140
Trd, 258886.983, 140
Trd, 258887.300, 140
Trd, 258887.733, 140
Trd, 258888.067, 139
Trd, 258888.583, 139
Trd, 258888.667, 137
Trd, 258889.300, 133
Trd, 258889.800, 133
Trd, 258889.950, 132
Trd, 258890.067, 132
Trd, 258890.383, 139
Trd, 258890.467, 103
Trd, 258890.650, 108
Trd, 258890.850, 124
Trd, 258891.500, 131
Trd, 258891.683, 128
Trd, 258891.883, 127
Trd, 258892.250, 130
Trd, 258892.550, 121
Trd, 258892.983, 131
Trd, 258893.033, 130
Trd, 258893.767, 112
Trd, 258894.317, 130
Trd, 258894.633, 122
Trd, 258895.383, 138
Trd, 258895.433, 137
Trd, 258895.817, 139
Trd, 258896.417, 139
Trd, 258896.450, 138
Trd, 258896.617, 139
Trd, 258897.067, 140
Trd, 258897.317, 138
Trd, 258897.333, 137
Trd, 258897.433, 136
Trd, 258897.600, 129
Trd, 258897.633, 128
Trd, 258897.933, 128
Trd, 258898.050, 127
Trd, 258898.417, 139
Trd, 258898.433, 135
Trd, 258898.617, 132
Trd, 258899.017, 131
Trd, 258899.700, 140
Trd, 258899.883, 132
Trd, 258900.033, 130
Trd, 258900.650, 131
Trd, 258900.700, 130
Trd, 258900.867, 126
Trd, 258901.300, 126
Trd, 258901.800, 126
Trd, 258901.867, 121
Trd, 258902.267, 126
Trd, 258902.317, 117
Trd, 258903.550, 140
Trd, 258904.117, 126
Trd, 258905.083, 140
Trd, 258905.250, 133
Trd, 258905.400, 133
Trd, 258905.617, 132
Trd, 258905.683, 126
Trd, 258905.817, 125
Trd, 258906.417, 140
Trd, 258906.467, 140
Trd, 258906.700, 132
Trd, 258906.967, 126
Trd, 258907.017, 115
Trd, 258907.750, 138
Trd, 258907.767, 137
Trd, 258908.183, 140
Trd, 258908.383, 140
Trd, 258908.633, 140
Trd, 258909.117, 137
Trd, 258909.133, 131
Trd, 258909.250, 119
Trd, 258909.367, 118
Trd, 258909.383, 118
Trd, 258909.433, 115
Trd, 258909.967, 121
Trd, 258910.383, 131
Trd, 258910.650, 130
Trd, 258910.783, 130
Trd, 258910.900, 129
Trd, 258911.083, 131
Trd, 258911.350, 122
Trd, 258911.450, 129
Trd, 258911.567, 132
Trd, 258911.633, 137
Trd, 258911.733, 122
Trd, 258912.283, 123
Trd, 258912.483, 122
Trd, 258912.700, 140
Trd, 258912.867, 122
Trd, 258913.117, 125
Trd, 258913.217, 113
Trd, 258914.067, 125
Trd, 258914.350, 124
Trd, 258914.750, 136
Trd, 258915.850, 116
Trd, 258916.350, 117
Trd, 258916.517, 117
Trd, 258916.850, 120
Trd, 258917.150, 131
Trd, 258917.250, 119
Trd, 258917.283, 118
Trd, 258917.417, 140
Trd, 258917.500, 118
Trd, 258917.583, 122
Trd, 258918.083, 134
Trd, 258918.183, 118
Trd, 258918.583, 128
Trd, 258918.633, 125
Trd, 258918.667, 118
Trd, 258918.933, 119
Trd, 258919.000, 118
Trd, 258919.683, 140
Trd, 258919.983, 129
Trd, 258920.050, 128
Trd, 258920.200, 127
Trd, 258920.250, 125
Trd, 258920.767, 120
Trd, 258921.067, 118
Trd, 258921.117, 104
Trd, 258921.567, 97
Trd, 258921.583, 121
Trd, 258921.767, 79
Trd, 258921.800, 77
Trd, 258922.267, 106
Trd, 258922.517, 114
Trd, 258922.750, 95
Trd, 258922.900, 132
Trd, 258923.100, 96
Trd, 258923.400, 133
Trd, 258923.883, 140
Trd, 258924.050, 140
Trd, 258924.083, 140
Trd, 258924.200, 138
Trd, 258924.400, 137
Trd, 258925.917, 140
Trd, 258926.517, 140
Trd, 258926.667, 139
Trd, 258926.950, 138
Trd, 258927.050, 126
Trd, 258927.150, 121
Trd, 258927.233, 125
Trd, 258927.750, 126
Trd, 258927.850, 126
Trd, 258928.567, 129
Trd, 258928.600, 136
Trd, 258928.933, 132
Trd, 258929.100, 130
Trd, 258929.350, 130
Trd, 258929.417, 128
Trd, 258929.983, 129
Trd, 258930.133, 126
Trd, 258931.067, 134
Trd, 258931.267, 135
Trd, 258931.300, 134
Trd, 258931.683, 133
Trd, 258932.083, 135
Trd, 258932.117, 134
Trd, 258932.400, 127
Trd, 258932.533, 122
Trd, 258932.800, 121
Trd, 258932.817, 119
Trd, 258932.967, 119
Trd, 258933.000, 129
Trd, 258933.117, 126
Trd, 258933.383, 118
Trd, 258934.133, 126
Trd, 258934.317, 125
Trd, 258934.933, 140
Trd, 258935.217, 140
Trd, 258935.300, 140
Trd, 258935.867, 140
Trd, 258935.983, 140
Trd, 258936.050, 140
Trd, 258936.117, 140
Trd, 258936.367, 140
Trd, 258936.667, 130
Trd, 258936.850, 129
Trd, 258937.033, 122
Trd, 258937.217, 137
Trd, 258937.233, 119
Trd, 258937.267, 117
Trd, 258937.383, 114
Trd, 258938.167, 134
Trd, 258938.367, 116
Trd, 258938.383, 115
Trd, 258938.650, 139
Trd, 258939.083, 114
Trd, 258939.167, 120
Trd, 258939.350, 112
Trd, 258940.083, 112
Trd, 258940.550, 122
Trd, 258940.983, 126
Trd, 258941.083, 122
Trd, 258941.800, 125
Trd, 258941.933, 121
Trd, 258942.017, 120
Trd, 258942.233, 106
Trd, 258942.400, 114
Trd, 258942.467, 134
Trd, 258942.550, 106
Trd, 258942.850, 94
Trd, 258943.000, 93
Trd, 258943.817, 124
Trd, 258944.200, 127
Trd, 258944.217, 124
Trd, 258944.333, 124
Trd, 258945.233, 138
Trd, 258945.300, 119
Trd, 258945.500, 138
Trd, 258945.800, 119
Trd, 258946.333, 128
Trd, 258946.917, 137
Trd, 258946.933, 131
Trd, 258947.500, 115
Trd, 258947.683, 115
Trd, 258947.833, 115
Trd, 258948.217, 113
Trd, 258948.250, 107
Trd, 258948.300, 116
Trd, 258948.567, 98
Trd, 258948.767, 138
Trd, 258948.883, 114
Trd, 258949.200, 136
Trd, 258949.267, 135
Trd, 258949.667, 129
Trd, 258949.750, 130
Trd, 258950.083, 129
Trd, 258951.133, 118
Trd, 258951.167, 116
Trd, 258951.933, 117
Trd, 258952.467, 118
Trd, 258952.567, 126
Trd, 258953.283, 120
Trd, 258953.617, 120
Trd, 258953.667, 119
Trd, 258953.883, 118
Trd, 258954.150, 119
Trd, 258954.300, 139
Trd, 258954.833, 140
Trd, 258954.850, 139
Trd, 258955.033, 138
Trd, 258955.133, 136
Trd, 258955.283, 118
Trd, 258955.450, 119
Trd, 258956.533, 128
Trd, 258956.567, 127
Trd, 258957.033, 140
Trd, 258957.050, 118
Trd, 258957.067, 117
Trd, 258957.083, 116
Trd, 258957.600, 126
Trd, 258958.417, 114
Trd, 258958.450, 106
Trd, 258958.600, 110
Trd, 258958.717, 104
Trd, 258959.233, 122
Trd, 258959.250, 105
Trd, 258959.450, 140
Trd, 258959.567, 140
Trd, 258959.717, 130
Trd, 258960.217, 122
Trd, 258960.367, 119
Trd, 258960.400, 117
Trd, 258960.517, 106
Trd, 258960.633, 117
Trd, 258961.100, 137
Trd, 258961.317, 138
Trd, 258961.883, 118
Trd, 258962.400, 140
Trd, 258962.667, 140
Trd, 258963.117, 140
Trd, 258963.217, 139
Trd, 258963.783, 132
Trd, 258963.883, 132
Trd, 258964.183, 131
Trd, 258964.433, 128
Trd, 258964.617, 120
Trd, 258964.700, 133
Trd, 258965.300, 118
Trd, 258965.617, 136
Trd, 258965.717, 131
Trd, 258965.917, 117
Trd, 258966.333, 131
Trd, 258967.033, 140
Trd, 258967.700, 140
Trd, 258967.733, 140
Trd, 258967.850, 135
Trd, 258968.333, 135
Trd, 258968.350, 134
Trd, 258968.500, 116
Trd, 258968.633, 127
Trd, 258968.667, 114
Trd, 258968.717, 113
Trd, 258968.783, 113
Trd, 258968.917, 109
Trd, 258969.400, 124
Trd, 258969.550, 118
Trd, 258969.817, 113
Trd, 258969.967, 112
Trd, 258970.117, 119
Trd, 258970.350, 116
Trd, 258970.533, 116
Trd, 258970.867, 118
Trd, 258971.200, 117
Trd, 258971.350, 117
Trd, 258971.950, 120
Trd, 258972.517, 120
Trd, 258972.667, 119
Trd, 258973.000, 117
Trd, 258973.117, 119
Trd, 258974.000, 133
Trd, 258974.117, 120
Trd, 258974.350, 120
Trd, 258975.233, 135
Trd, 258975.550, 135
Trd, 258975.600, 134
Trd, 258976.133, 137
Trd, 258976.633, 136
Trd, 258976.733, 135
Trd, 258976.983, 126
Trd, 258977.100, 127
Trd, 258977.133, 117
Trd, 258977.283, 136
Trd, 258977.400, 118
Trd, 258977.517, 117
Trd, 258977.567, 107
Trd, 258977.933, 128
Trd, 258978.400, 123
Trd, 258978.683, 113
Trd, 258978.750, 112
Trd, 258979.400, 115
Trd, 258979.817, 128
Trd, 258980.067, 129
Trd, 258980.200, 140
Trd, 258980.367, 138
Trd, 258980.750, 140
Trd, 258981.033, 140
Trd, 258981.267, 140
Trd, 258981.817, 140
Trd, 258981.867, 140
Trd, 258982.867, 135
Trd, 258983.033, 136
Trd, 258983.100, 135
Trd, 258983.350, 140
Trd, 258983.500, 129
Trd, 258983.717, 130
Trd, 258983.733, 128
Trd, 258984.483, 121
Trd, 258984.867, 119
Trd, 258985.483, 140
Trd, 258985.517, 139
Trd, 258985.600, 133
Trd, 258985.983, 139
Trd, 258986.017, 137
Trd, 258986.283, 133
Trd, 258986.333, 132
Trd, 258986.767, 128
Trd, 258987.333, 139
Trd, 258987.967, 138
Trd, 258988.233, 139
Trd, 258988.417, 139
Trd, 258988.517, 138
Trd, 258988.850, 140
Trd, 258988.967, 138
Trd, 258989.817, 136
Trd, 258990.033, 140
Trd, 258990.683, 138
Trd, 258990.917, 138
Trd, 258991.667, 137
Trd, 258992.700, 140
Trd, 258992.800, 140
Trd, 258992.850, 140
Trd, 258992.917, 139
Trd, 258992.933, 137
Trd, 258993.350, 130
Trd, 258993.550, 123
Trd, 258993.617, 123
Trd, 258994.067, 123
Trd, 258994.233, 125
Trd, 258994.567, 140
Trd, 258994.750, 139
Trd, 258995.150, 121
Trd, 258995.233, 119
Trd, 258996.450, 122
Trd, 258996.917, 121
Trd, 258996.983, 112
Trd, 258997.300, 110
Trd, 258997.550, 111
Trd, 258997.633, 128
Trd, 258998.133, 140
Trd, 258998.200, 116
Trd, 258998.633, 111
Trd, 258998.900, 134
Trd, 258999.000, 131
Trd, 258999.350, 137
Trd, 258999.600, 136
Trd, 258999.733, 136
Trd, 258999.767, 135
Trd, 259000.017, 133
Trd, 259000.083, 128
Trd, 259000.533, 140
Trd, 259001.317, 140
Trd, 259001.817, 140
Trd, 259002.033, 140
Trd, 259002.050, 140
Trd, 259002.167, 140
Trd, 259002.250, 136
Trd, 259002.533, 139
Trd, 259003.383, 140
Trd, 259003.450, 139
Trd, 259003.683, 138
Trd, 259003.700, 136
Trd, 259003.767, 135
Trd, 259003.850, 130
Trd, 259004.250, 121
Trd, 259004.383, 117
Trd, 259004.717, 116
Trd, 259004.833, 115
Trd, 259004.900, 109
Trd, 259005.617, 130
Trd, 259005.700, 131
Trd, 259005.750, 105
Trd, 259005.767, 104
Trd, 259006.633, 115
Trd, 259006.800, 111
Trd, 259006.983, 131
Trd, 259007.367, 110
Trd, 259007.767, 110
Trd, 259007.883, 109
Trd, 259008.183, 108
Trd, 259008.250, 108
Trd, 259008.383, 116
Trd, 259008.717, 139
Trd, 259008.767, 137
Trd, 259008.917, 119
Trd, 259009.467, 117
Trd, 259009.600, 129
Trd, 259009.867, 134
Trd, 259010.017, 135
Trd, 259010.650, 134
Trd, 259011.750, 140
Trd, 259011.850, 140
Trd, 259011.950, 140
Trd, 259012.967, 140
Trd, 259013.200, 140
Trd, 259013.367, 140
Trd, 259014.083, 140
Trd, 259014.117, 140
Trd, 259014.467, 139
Trd, 259014.700, 138
Trd, 259014.733, 136
Trd, 259014.967, 125
Trd, 259015.017, 125
Trd, 259015.250, 124
Trd, 259015.267, 126
Trd, 259015.383, 118
Trd, 259015.700, 132
Trd, 259015.967, 119
Trd, 259016.300, 138
Trd, 259017.083, 119
Trd, 259017.217, 118
Trd, 259017.383, 116
Trd, 259017.883, 136
Trd, 259017.933, 135
Trd, 259018.117, 134
Trd, 259018.700, 128
Trd, 259019.067, 126
Trd, 259019.100, 125
Trd, 259019.450, 124
Trd, 259019.467, 113
Trd, 259019.700, 130
Trd, 259019.800, 113
Trd, 259020.267, 138
Trd, 259020.600, 124
Trd, 259020.733, 119
Trd, 259020.983, 118
Trd, 259021.033, 117
Trd, 259021.667, 136
Trd, 259021.933, 126
Trd, 259023.250, 140
Trd, 259023.467, 139
Trd, 259023.867, 137
Trd, 259023.967, 135
Trd, 259024.300, 131
Trd, 259024.317, 125
Trd, 259024.967, 129
Trd, 259025.167, 128
Trd, 259025.567, 123
Trd, 259025.617, 127
Trd, 259025.733, 138
Trd, 259025.933, 137
Trd, 259026.117, 136
Trd, 259026.417, 134
Trd, 259026.450, 126
Trd, 259026.917, 138
Trd, 259027.883, 139
Trd, 259028.100, 138
Trd, 259028.350, 137
Trd, 259028.783, 130
Trd, 259028.883, 122
Trd, 259029.050, 119
Trd, 259029.467, 136
Trd, 259029.733, 135
Trd, 259030.083, 119
Trd, 259030.167, 139
Trd, 259030.183, 114
Trd, 259030.400, 140
Trd, 259031.400, 130
Trd, 259031.517, 129
Trd, 259031.800, 129
Trd, 259032.017, 137
Trd, 259032.417, 129
Trd, 259032.800, 125
Trd, 259032.950, 110
Trd, 259033.417, 93
Trd, 259033.450, 131
Trd, 259033.833, 93
Trd, 259033.917, 92
Trd, 259034.550, 117
Trd, 259034.950, 128
Trd, 259035.050, 131
Trd, 259035.517, 138
Trd, 259035.867, 132
Trd, 259036.017, 121
Trd, 259036.383, 120
Trd, 259036.783, 127
Trd, 259036.883, 121
Trd, 259037.450, 123
Trd, 259037.550, 122
Trd, 259037.617, 121
Trd, 259037.950, 121
Trd, 259038.133, 121
Trd, 259038.717, 130
Trd, 259039.717, 139
Trd, 259040.083, 137
Trd, 259040.150, 136
Trd, 259040.500, 140
Trd, 259040.583, 140
Trd, 259040.800, 137
Trd, 259041.067, 139
Trd, 259041.467, 137
Trd, 259041.600, 126
Trd, 259041.617, 123
Trd, 259041.633, 115
Trd, 259042.317, 114
Trd, 259042.583, 135
Trd, 259042.817, 133
Trd, 259043.017, 95
Trd, 259043.183, 140
Trd, 259043.350, 139
Trd, 259043.417, 123
Trd, 259043.650, 92
Trd, 259044.367, 119
Trd, 259044.667, 129
Trd, 259044.950, 128
Trd, 259045.233, 131
Trd, 259045.467, 129
Trd, 259045.500, 128
Trd, 259045.533, 134
Trd, 259045.850, 127
Trd, 259046.550, 138
Trd, 259047.333, 140
Trd, 259047.533, 140
Trd, 259047.550, 140
Trd, 259047.600, 136
Trd, 259048.617, 140
Trd, 259049.050, 137
Trd, 259049.400, 129
Trd, 259049.517, 131
Trd, 259049.583, 122
Trd, 259049.600, 122
Trd, 259049.933, 121
Trd, 259050.183, 140
Trd, 259050.283, 116
Trd, 259050.367, 112
Trd, 259050.533, 111
Trd, 259051.000, 140
Trd, 259051.017, 139
Trd, 259051.617, 140
Trd, 259051.867, 140
Trd, 259052.400, 140
Trd, 259052.450, 136
Trd, 259052.633, 128
Trd, 259052.817, 116
Trd, 259053.467, 118
Trd, 259053.567, 115
Trd, 259053.650, 128
Trd, 259053.733, 132
Trd, 259053.833, 118
Trd, 259054.233, 140
Trd, 259054.283, 118
Trd, 259054.317, 96
Trd, 259054.467, 140
Trd, 259054.867, 140
Trd, 259055.283, 140
Trd, 259055.900, 125
Trd, 259056.133, 124
Trd, 259056.367, 121
Trd, 259057.350, 125
Trd, 259058.867, 140
Trd, 259058.900, 140
Trd, 259058.917, 140
Trd, 259059.033, 140
Trd, 259059.400, 140
Trd, 259059.650, 140
Trd, 259060.717, 139
Trd, 259060.767, 138
Trd, 259060.800, 137
Trd, 259060.883, 126
Trd, 259061.467, 140
Trd, 259062.000, 140
Trd, 259062.333, 140
Trd, 259062.450, 140
Trd, 259062.983, 140
Trd, 259063.117, 140
Trd, 259063.450, 140
Trd, 259063.617, 140
Trd, 259063.750, 132
Trd, 259063.900, 133
Trd, 259064.300, 133
Trd, 259064.583, 132
Trd, 259065.283, 127
Trd, 259065.383, 126
Trd, 259065.650, 135
Trd, 259065.900, 137
Trd, 259066.233, 116
Trd, 259066.250, 99
Trd, 259066.550, 73
Trd, 259066.817, 127
Trd, 259066.867, 112
Trd, 259067.183, 75
Trd, 259067.317, 126
Trd, 259067.350, 101
Trd, 259067.633, 126
Trd, 259067.800, 121
Trd, 259068.350, 138
Trd, 259068.633, 140
Trd, 259068.650, 140
Trd, 259069.033, 140
Trd, 259069.233, 140
Trd, 259069.267, 140
Trd, 259069.483, 126
Trd, 259069.683, 128
Trd, 259070.100, 126
Trd, 259070.567, 137
Trd, 259070.733, 121
Trd, 259070.783, 120
Trd, 259071.067, 121
Trd, 259071.100, 119
Trd, 259071.567, 110
Trd, 259071.600, 122
Trd, 259071.850, 108
Trd, 259071.967, 109
Trd, 259072.817, 138
Trd, 259073.233, 139
Trd, 259073.550, 118
Trd, 259074.450, 139
Trd, 259074.700, 111
Trd, 259074.867, 109
Trd, 259075.033, 121
Trd, 259075.500, 123
Trd, 259075.867, 130
Trd, 259076.217, 127
Trd, 259076.483, 127
Trd, 259076.850, 139
Trd, 259077.050, 139
Trd, 259077.200, 139
Trd, 259077.267, 138
Trd, 259077.383, 130
Trd, 259077.467, 125
Trd, 259077.517, 124
Trd, 259077.617, 123
Trd, 259078.483, 139
Trd, 259078.750, 139
Trd, 259079.650, 138
Trd, 259079.667, 136
Trd, 259079.817, 119
Trd, 259080.083, 140
Trd, 259080.133, 110
Trd, 259080.200, 109
Trd, 259081.100, 134
Trd, 259081.217, 130
Trd, 259081.383, 140
Trd, 259081.583, 139
Trd, 259082.433, 137
Trd, 259082.883, 139
Trd, 259083.067, 138
Trd, 259083.183, 138
Trd, 259083.467, 124
Trd, 259083.533, 123
Trd, 259083.550, 119
Trd, 259083.567, 117
Trd, 259083.617, 136
Trd, 259085.183, 136
Trd, 259085.200, 132
Trd, 259085.317, 131
Trd, 259085.333, 130
Trd, 259085.383, 137
Trd, 259085.617, 133
Trd, 259085.883, 129
Trd, 259086.067, 140
Trd, 259086.117, 140
Trd, 259086.800, 132
Trd, 259087.000, 133
Trd, 259087.300, 133
Trd, 259087.383, 132
Trd, 259087.417, 139
Trd, 259087.583, 132
Trd, 259087.950, 131
Trd, 259088.817, 132
Trd, 259089.017, 131
Trd, 259089.067, 129
Trd, 259089.217, 126
Trd, 259089.317, 121
Trd, 259089.333, 120
Trd, 259090.267, 140
Trd, 259090.833, 125
Trd, 259091.333, 126
Trd, 259091.617, 140
Trd, 259091.950, 127
Trd, 259092.167, 132
Trd, 259092.350, 127
Trd, 259092.383, 126
Trd, 259092.683, 124
Trd, 259092.833, 104
Trd, 259093.350, 112
Trd, 259093.583, 116
Trd, 259093.600, 111
Trd, 259094.367, 116
Trd, 259094.383, 113
Trd, 259094.600, 101
Trd, 259094.633, 99
Trd, 259094.700, 96
Trd, 259095.233, 114
Trd, 259095.533, 124
Trd, 259096.050, 138
Trd, 259096.183, 117
Trd, 259096.783, 135
Trd, 259096.883, 126
Trd, 259097.067, 121
Trd, 259097.700, 123
Trd, 259097.783, 127
Trd, 259098.350, 129
Trd, 259098.550, 126
Trd, 259098.583, 125
Trd, 259098.850, 140
Trd, 259098.917, 140
Trd, 259099.283, 140
Trd, 259099.550, 135
Trd, 259099.733, 136
Trd, 259099.800, 134
Trd, 259099.833, 133
Trd, 259100.033, 131
Trd, 259100.233, 130
Trd, 259100.833, 131
Trd, 259100.967, 130
Trd, 259101.217, 107
Trd, 259101.300, 101
Trd, 259101.350, 91
Trd, 259101.400, 105
Trd, 259101.567, 87
Trd, 259102.383, 125
Trd, 259102.433, 87
Trd, 259102.583, 87
Trd, 259103.050, 134
Trd, 259103.083, 133
Trd, 259103.383, 123
Trd, 259103.683, 87
Trd, 259103.833, 109
Trd, 259104.233, 116
Trd, 259104.767, 91
Trd, 259104.933, 101
Trd, 259105.000, 95
Trd, 259105.050, 94
Trd, 259105.200, 93
Trd, 259105.717, 138
Trd, 259105.933, 121
Trd, 259106.117, 115
Trd, 259106.200, 112
Trd, 259106.250, 123
Trd, 259107.000, 140
Trd, 259107.483, 126
Trd, 259107.500, 125
Trd, 259107.833, 122
Trd, 259107.983, 126
Trd, 259108.100, 113
Trd, 259108.300, 131
Trd, 259108.833, 103
Trd, 259108.867, 102
Trd, 259109.050, 102
Trd, 259109.617, 122
Trd, 259110.050, 115
Trd, 259110.600, 120
Trd, 259110.817, 133
Trd, 259110.900, 137
Trd, 259111.133, 121
Trd, 259111.150, 120
Trd, 259111.633, 122
Trd, 259112.200, 126
Trd, 259112.750, 132
Trd, 259113.183, 120
Trd, 259114.033, 126
Trd, 259114.400, 128
Trd, 259114.417, 121
Trd, 259114.733, 119
Trd, 259114.983, 120
Trd, 259115.033, 125
Trd, 259115.450, 124
Trd, 259115.700, 125
Trd, 259115.900, 136
Trd, 259116.183, 130
Trd, 259116.400, 125
Trd, 259116.733, 139
Trd, 259116.750, 138
Trd, 259117.100, 129
Trd, 259117.133, 129
Trd, 259117.233, 128
Trd, 259117.383, 124
Trd, 259117.633, 138
Trd, 259117.667, 122
Trd, 259117.683, 118
Trd, 259118.367, 131
Trd, 259118.667, 133
Trd, 259119.117, 133
Trd, 259119.367, 133
Trd, 259119.467, 132
Trd, 259119.733, 138
Trd, 259119.950, 119
Trd, 259120.267, 127
Trd, 259120.417, 117
Trd, 259120.633, 131
Trd, 259120.733, 136
Trd, 259120.750, 125
Trd, 259121.183, 140
Trd, 259121.800, 123
Trd, 259122.167, 124
Trd, 259122.700, 127
Trd, 259122.767, 119
Trd, 259124.000, 140
Trd, 259124.017, 140
Trd, 259124.233, 130
Trd, 259124.267, 129
Trd, 259124.467, 140
Trd, 259125.100, 137
Trd, 259125.200, 135
Trd, 259125.400, 134
Trd, 259125.417, 133
Trd, 259125.467, 129
Trd, 259125.650, 120
Trd, 259125.950, 124
Trd, 259126.067, 132
Trd, 259126.317, 133
Trd, 259126.450, 126
Trd, 259126.767, 120
Trd, 259126.783, 107
Trd, 259127.733, 132
Trd, 259128.733, 140
Trd, 259128.950, 139
Trd, 259129.083, 140
Trd, 259129.133, 139
Trd, 259129.433, 140
Trd, 259129.567, 139
Trd, 259129.900, 139
Trd, 259130.200, 138
Trd, 259130.483, 140
Trd, 259131.150, 140
Trd, 259132.117, 140
Trd, 259132.333, 139
Trd, 259132.417, 138
Trd, 259132.900, 128
Trd, 259133.067, 122
Trd, 259133.333, 122
Trd, 259133.367, 121
Trd, 259133.633, 134
Trd, 259133.733, 112
Trd, 259133.783, 112
Trd, 259133.933, 106
Trd, 259134.017, 104
Trd, 259134.067, 105
Trd, 259134.550, 127
Trd, 259134.783, 135
Trd, 259134.867, 111
Trd, 259135.950, 140
Trd, 259136.000, 132
Trd, 259136.450, 135
Trd, 259136.600, 134
Trd, 259137.000, 134
Trd, 259137.217, 134
Trd, 259137.500, 135
Trd, 259137.800, 133
Trd, 259138.000, 132
Trd, 259138.367, 139
Trd, 259138.533, 135
Trd, 259139.117, 140
Trd, 259139.567, 140
Trd, 259139.600, 137
Trd, 259139.650, 128
Trd, 259140.033, 130
Trd, 259140.217, 132
Trd, 259140.333, 131
Trd, 259140.517, 130
Trd, 259140.733, 138
Trd, 259140.833, 133
Trd, 259140.933, 129
Trd, 259141.033, 109
Trd, 259141.500, 125
Trd, 259142.317, 140
Trd, 259142.583, 140
Trd, 259142.900, 140
Trd, 259143.033, 140
Trd, 259143.150, 127
Trd, 259143.167, 120
Trd, 259143.567, 121
Trd, 259143.883, 127
Trd, 259144.067, 120
Trd, 259144.083, 136
Trd, 259144.400, 119
Trd, 259144.600, 119
Trd, 259144.983, 118
Trd, 259145.183, 131
Trd, 259145.850, 123
Trd, 259146.283, 120
Trd, 259147.333, 139
Trd, 259147.350, 138
Trd, 259147.433, 136
Trd, 259147.483, 136
Trd, 259147.800, 136
Trd, 259148.017, 136
Trd, 259149.983, 134
Trd, 259150.083, 127
Trd, 259150.100, 126
Trd, 259150.283, 128
Trd, 259150.583, 101
Trd, 259150.633, 99
Trd, 259150.733, 124
Trd, 259150.800, 125
Trd, 259150.867, 120
Trd, 259151.067, 113
Trd, 259151.167, 115
Trd, 259151.183, 107
Trd, 259151.267, 125
Trd, 259151.433, 139
Trd, 259151.467, 138
Trd, 259151.617, 123
Trd, 259151.850, 135
Trd, 259151.933, 101
Trd, 259152.167, 118
Trd, 259152.517, 124
Trd, 259152.700, 123
Trd, 259152.783, 122
Trd, 259152.983, 120
Trd, 259153.183, 117
Trd, 259153.200, 103
Trd, 259154.200, 125
Trd, 259155.000, 127
Trd, 259155.733, 127
Trd, 259155.850, 127
Trd, 259155.950, 126
Trd, 259155.967, 124
Trd, 259156.167, 123
Trd, 259156.217, 129
Trd, 259156.300, 123
Trd, 259156.483, 122
Trd, 259156.500, 121
Trd, 259156.650, 118
Trd, 259156.783, 117
Trd, 259156.850, 114
Trd, 259156.867, 112
Trd, 259156.950, 110
Trd, 259159.433, 135
Trd, 259159.667, 124
Trd, 259159.817, 139
Trd, 259160.733, 127
Trd, 259160.800, 135
Trd, 259161.233, 129
Trd, 259161.467, 126
Trd, 259162.050, 139
Trd, 259162.117, 139
Trd, 259162.150, 138
Trd, 259162.167, 137
Trd, 259162.233, 126
Trd, 259162.683, 135
Trd, 259162.867, 134
Trd, 259163.050, 133
Trd, 259163.283, 131
Trd, 259163.700, 130
Trd, 259164.067, 125
Trd, 259164.550, 114
Trd, 259164.733, 111
Trd, 259164.850, 111
Trd, 259165.017, 128
Trd, 259165.100, 121
Trd, 259165.367, 118
Trd, 259165.467, 122
Trd, 259165.983, 130
Trd, 259166.583, 131
Trd, 259167.250, 138
Trd, 259167.317, 137
Trd, 259167.533, 132
Trd, 259168.300, 131
Trd, 259168.483, 130
Trd, 259168.500, 129
Trd, 259168.983, 140
Trd, 259169.633, 140
Trd, 259169.800, 140
Trd, 259169.917, 140
Trd, 259170.100, 139
Trd, 259170.867, 135
Trd, 259171.433, 137
Trd, 259171.517, 134
Trd, 259171.533, 133
Trd, 259172.083, 120
Trd, 259172.150, 117
Trd, 259172.167, 108
Trd, 259172.350, 108
Trd, 259172.433, 135
Trd, 259173.383, 133
Trd, 259173.650, 122
Trd, 259173.800, 121
Trd, 259173.833, 120
Trd, 259174.350, 131
Trd, 259174.550, 119
Trd, 259174.583, 116
Trd, 259174.750, 136
Trd, 259175.000, 119
Trd, 259175.667, 120
Trd, 259175.683, 118
Trd, 259175.850, 134
Trd, 259176.633, 140
Trd, 259176.833, 140
Trd, 259177.033, 140
Trd, 259178.300, 140
Trd, 259178.350, 140
Trd, 259178.583, 139
Trd, 259178.817, 138
Trd, 259178.900, 137
Trd, 259179.167, 138
Trd, 259179.250, 137
Trd, 259179.483, 134
Trd, 259180.033, 136
Trd, 259180.183, 136
Trd, 259180.217, 135
Trd, 259180.250, 133
Trd, 259181.717, 128
Trd, 259181.733, 126
Trd, 259182.017, 126
Trd, 259182.383, 134
Trd, 259182.417, 125
Trd, 259182.833, 111
Trd, 259183.233, 100
Trd, 259183.300, 101
Trd, 259183.583, 127
Trd, 259183.850, 118
Trd, 259184.117, 129
Trd, 259184.300, 116
Trd, 259184.350, 113
Trd, 259184.783, 111
Trd, 259184.967, 111
Trd, 259185.650, 126
Trd, 259185.817, 126
Trd, 259185.883, 131
Trd, 259186.033, 125
Trd, 259186.083, 136
Trd, 259186.867, 138
Trd, 259186.983, 127
Trd, 259187.467, 117
Trd, 259187.933, 118
Trd, 259188.100, 117
Trd, 259188.183, 116
Trd, 259188.783, 122
Trd, 259189.183, 126
Trd, 259189.350, 125
Trd, 259189.400, 122
Trd, 259189.800, 124
Trd, 259190.083, 124
Trd, 259190.267, 123
Trd, 259190.350, 131
Trd, 259190.783, 123
Trd, 259190.850, 122
Trd, 259191.167, 120
Trd, 259191.233, 119
Trd, 259191.717, 117
Trd, 259191.833, 116
Trd, 259191.867, 113
Trd, 259191.883, 123
Trd, 259192.733, 125
Trd, 259192.900, 124
Trd, 259193.150, 120
Trd, 259193.317, 121
Trd, 259193.750, 120
Trd, 259194.167, 126
Trd, 259194.317, 127
Trd, 259194.367, 140
Trd, 259194.817, 130
Trd, 259194.983, 129
Trd, 259195.617, 139
Trd, 259195.667, 130
Trd, 259195.717, 129
Trd, 259196.217, 131
Trd, 259196.850, 140
Trd, 259196.983, 140
Trd, 259197.200, 140
Trd, 259197.617, 129
Trd, 259197.833, 127
Trd, 259198.150, 138
Trd, 259198.167, 117
Trd, 259198.283, 109
Trd, 259198.333, 114
Trd, 259198.633, 104
Trd, 259198.850, 103
Trd, 259198.933, 131
Trd, 259199.500, 103
