Trd, 258582.017, 120
Trd, 258582.050, 119
Trd, 258582.383, 114
Trd, 258582.533, 131
Trd, 258582.883, 132
Trd, 258583.117, 126
Trd, 258583.167, 125
Trd, 258583.217, 122
Trd, 258583.500, 112
Trd, 258583.583, 132
Trd, 258583.750, 109
Trd, 258583.867, 112
Trd, 258584.033, 133
Trd, 258584.383, 103
Trd, 258584.533, 89
Trd, 258584.550, 87
Trd, 258584.667, 95
Trd, 258584.683, 94
Trd, 258585.550, 79
Trd, 258585.700, 92
Trd, 258586.017, 78
Trd, 258586.133, 95
Trd, 258586.217, 96
Trd, 258586.300, 97
Trd, 258586.500, 83
Trd, 258586.617, 108
Trd, 258587.050, 137
Trd, 258587.450, 97
Trd, 258587.833, 96
Trd, 258587.900, 89
Trd, 258588.467, 126
Trd, 258588.583, 93
Trd, 258588.767, 136
Trd, 258589.367, 115
Trd, 258589.383, 89
Trd, 258589.600, 102
Trd, 258589.633, 103
Trd, 258590.150, 126
Trd, 258590.433, 125
Trd, 258590.450, 136
Trd, 258590.567, 123
Trd, 258590.633, 109
Trd, 258591.050, 92
Trd, 258591.300, 137
Trd, 258591.500, 125
Trd, 258591.767, 91
Trd, 258592.000, 88
Trd, 258592.600, 134
Trd, 258592.900, 136
Trd, 258593.017, 135
Trd, 258593.400, 134
Trd, 258593.800, 133
Trd, 258594.033, 125
Trd, 258594.467, 137
Trd, 258594.500, 127
Trd, 258594.717, 123
Trd, 258594.817, 107
Trd, 258594.917, 106
Trd, 258595.017, 104
Trd, 258595.100, 96
Trd, 258595.350, 91
Trd, 258595.800, 111
Trd, 258596.150, 136
Trd, 258596.183, 112
Trd, 258596.333, 97
Trd, 258596.400, 123
Trd, 258597.050, 120
Trd, 258597.183, 120
Trd, 258597.433, 121
Trd, 258597.750, 118
Trd, 258597.817, 122
Trd, 258598.017, 134
Trd, 258598.367, 118
Trd, 258598.733, 140
Trd, 258598.967, 119
Trd, 258599.050, 128
Trd, 258599.350, 118
Trd, 258599.400, 140
Trd, 258599.700, 117
Trd, 258600.117, 116
Trd, 258600.267, 117
Trd, 258600.550, 116
Trd, 258600.683, 108
Trd, 258600.817, 124
Trd, 258600.833, 108
Trd, 258600.933, 100
Trd, 258600.967, 100
Trd, 258601.183, 100
Trd, 258601.383, 128
Trd, 258601.700, 121
Trd, 258601.750, 120
Trd, 258601.933, 114
Trd, 258603.250, 130
Trd, 258603.500, 129
Trd, 258603.533, 120
Trd, 258603.717, 134
Trd, 258604.183, 130
Trd, 258604.400, 123
Trd, 258604.650, 126
Trd, 258605.200, 127
Trd, 258605.617, 125
Trd, 258606.017, 110
Trd, 258606.117, 109
Trd, 258606.433, 108
Trd, 258606.483, 124
Trd, 258606.800, 125
Trd, 258606.833, 128
Trd, 258606.867, 108
Trd, 258607.167, 107
Trd, 258607.217, 113
Trd, 258607.483, 109
Trd, 258607.550, 121
Trd, 258607.617, 108
Trd, 258607.700, 106
Trd, 258607.750, 96
Trd, 258607.833, 91
Trd, 258608.067, 86
Trd, 258608.483, 96
Trd, 258608.800, 125
Trd, 258608.933, 81
Trd, 258609.050, 93
Trd, 258609.150, 136
Trd, 258609.250, 119
Trd, 258609.800, 140
Trd, 258610.100, 139
Trd, 258610.117, 138
Trd, 258610.133, 137
Trd, 258610.317, 130
Trd, 258610.783, 126
Trd, 258611.300, 126
Trd, 258611.317, 125
Trd, 258611.417, 124
Trd, 258611.533, 139
Trd, 258611.700, 123
Trd, 258611.750, 117
Trd, 258612.133, 116
Trd, 258612.150, 106
Trd, 258612.333, 140
Trd, 258612.817, 140
Trd, 258612.950, 140
Trd, 258613.283, 139
Trd, 258614.200, 125
Trd, 258614.933, 139
Trd, 258615.033, 134
Trd, 258615.133, 134
Trd, 258615.550, 136
Trd, 258615.583, 135
Trd, 258616.000, 135
Trd, 258616.117, 135
Trd, 258616.467, 135
Trd, 258616.583, 134
Trd, 258616.683, 134
Trd, 258617.133, 117
Trd, 258617.933, 119
Trd, 258617.950, 118
Trd, 258618.033, 115
Trd, 258618.317, 107
Trd, 258618.367, 132
Trd, 258618.383, 105
Trd, 258618.517, 94
Trd, 258618.950, 133
Trd, 258618.967, 125
Trd, 258619.717, 125
Trd, 258619.967, 115
Trd, 258620.200, 115
Trd, 258620.433, 129
Trd, 258620.600, 133
Trd, 258621.133, 132
Trd, 258621.267, 133
Trd, 258621.467, 133
Trd, 258621.483, 131
Trd, 258621.550, 124
Trd, 258621.683, 134
Trd, 258621.800, 132
Trd, 258622.117, 121
Trd, 258622.433, 120
Trd, 258622.600, 117
Trd, 258623.100, 140
Trd, 258623.750, 140
Trd, 258623.983, 140
Trd, 258624.183, 139
Trd, 258624.333, 138
Trd, 258624.433, 137
Trd, 258624.700, 126
Trd, 258624.900, 125
Trd, 258624.967, 111
Trd, 258625.383, 105
Trd, 258625.517, 96
Trd, 258626.083, 140
Trd, 258626.117, 140
Trd, 258627.083, 138
Trd, 258627.267, 135
Trd, 258627.300, 134
Trd, 258627.733, 139
Trd, 258627.800, 133
Trd, 258627.950, 128
Trd, 258628.150, 120
Trd, 258628.250, 107
Trd, 258628.533, 102
Trd, 258629.867, 131
Trd, 258630.100, 127
Trd, 258630.400, 136
Trd, 258630.500, 126
Trd, 258630.833, 139
Trd, 258631.250, 131
Trd, 258631.300, 135
Trd, 258631.333, 127
Trd, 258631.550, 122
Trd, 258631.750, 117
Trd, 258631.833, 118
Trd, 258631.850, 135
Trd, 258632.217, 121
Trd, 258632.317, 116
Trd, 258632.333, 112
Trd, 258632.450, 122
Trd, 258632.600, 135
Trd, 258632.700, 134
Trd, 258633.167, 137
Trd, 258633.400, 136
Trd, 258633.450, 119
Trd, 258633.867, 118
Trd, 258634.883, 129
Trd, 258634.967, 124
Trd, 258634.983, 123
Trd, 258635.400, 122
Trd, 258635.600, 130
Trd, 258636.050, 140
Trd, 258636.083, 139
Trd, 258636.267, 128
Trd, 258636.583, 122
Trd, 258636.917, 121
Trd, 258637.167, 119
Trd, 258637.250, 119
Trd, 258638.017, 106
Trd, 258638.050, 105
Trd, 258638.617, 112
Trd, 258638.667, 132
Trd, 258638.833, 111
Trd, 258639.883, 140
Trd, 258640.217, 139
Trd, 258640.533, 121
Trd, 258640.683, 119
Trd, 258640.733, 118
Trd, 258640.767, 118
Trd, 258640.800, 110
Trd, 258640.900, 101
Trd, 258640.950, 100
Trd, 258641.167, 99
Trd, 258641.250, 124
Trd, 258641.350, 98
Trd, 258641.383, 93
Trd, 258642.233, 139
Trd, 258642.500, 139
Trd, 258642.833, 136
Trd, 258642.883, 135
Trd, 258643.150, 134
Trd, 258643.183, 131
Trd, 258643.433, 124
Trd, 258643.483, 123
Trd, 258643.683, 129
Trd, 258643.750, 112
Trd, 258644.683, 115
Trd, 258644.750, 132
Trd, 258645.350, 130
Trd, 258645.417, 135
Trd, 258645.583, 122
Trd, 258645.767, 130
Trd, 258645.817, 129
Trd, 258645.983, 120
Trd, 258646.250, 137
Trd, 258646.333, 113
Trd, 258646.683, 132
Trd, 258647.400, 129
Trd, 258647.450, 119
Trd, 258647.667, 113
Trd, 258647.750, 112
Trd, 258648.517, 135
Trd, 258648.683, 140
Trd, 258648.783, 130
Trd, 258649.100, 124
Trd, 258649.467, 130
Trd, 258649.700, 132
Trd, 258649.900, 119
Trd, 258650.417, 137
Trd, 258650.733, 131
Trd, 258651.050, 128
Trd, 258651.067, 127
Trd, 258651.200, 127
Trd, 258651.633, 128
Trd, 258651.650, 127
Trd, 258652.033, 129
Trd, 258652.183, 125
Trd, 258652.433, 124
Trd, 258652.450, 119
Trd, 258652.550, 136
Trd, 258652.633, 137
Trd, 258654.117, 121
Trd, 258654.350, 120
Trd, 258654.467, 119
Trd, 258654.917, 124
Trd, 258654.967, 124
Trd, 258655.117, 123
Trd, 258655.600, 119
Trd, 258655.617, 125
Trd, 258655.950, 124
Trd, 258656.083, 127
Trd, 258656.367, 129
Trd, 258656.450, 114
Trd, 258656.783, 124
Trd, 258657.050, 130
Trd, 258657.133, 130
Trd, 258657.167, 137
Trd, 258657.500, 138
Trd, 258657.667, 139
Trd, 258657.700, 130
Trd, 258657.750, 130
Trd, 258658.050, 129
Trd, 258658.067, 127
Trd, 258658.217, 120
Trd, 258658.400, 120
Trd, 258658.517, 120
Trd, 258658.950, 135
Trd, 258659.033, 134
Trd, 258659.200, 138
Trd, 258659.217, 126
Trd, 258659.567, 113
Trd, 258659.650, 129
Trd, 258659.783, 135
Trd, 258659.867, 125
Trd, 258659.883, 100
Trd, 258659.900, 126
Trd, 258660.750, 99
Trd, 258660.833, 100
Trd, 258661.583, 107
Trd, 258661.600, 104
Trd, 258662.367, 135
Trd, 258662.717, 119
Trd, 258662.900, 119
Trd, 258662.967, 118
Trd, 258663.033, 108
Trd, 258663.117, 135
Trd, 258663.233, 93
Trd, 258663.417, 109
Trd, 258663.617, 101
Trd, 258664.183, 108
Trd, 258664.700, 106
Trd, 258665.167, 115
Trd, 258665.183, 104
Trd, 258665.267, 102
Trd, 258665.467, 89
Trd, 258665.700, 116
Trd, 258665.833, 89
Trd, 258666.100, 116
Trd, 258666.250, 98
Trd, 258667.133, 115
Trd, 258667.167, 114
Trd, 258667.517, 124
Trd, 258667.700, 139
Trd, 258667.917, 140
Trd, 258668.017, 120
Trd, 258668.183, 117
Trd, 258668.200, 115
Trd, 258668.950, 124
Trd, 258669.250, 133
Trd, 258669.500, 129
Trd, 258669.850, 114
Trd, 258670.050, 108
Trd, 258670.217, 116
Trd, 258670.317, 109
Trd, 258670.383, 108
Trd, 258670.450, 107
Trd, 258670.633, 118
Trd, 258670.917, 106
Trd, 258670.933, 117
Trd, 258671.417, 105
Trd, 258671.767, 140
Trd, 258671.850, 103
Trd, 258672.133, 122
Trd, 258672.433, 140
Trd, 258672.517, 119
Trd, 258672.583, 108
Trd, 258672.617, 97
Trd, 258672.833, 106
Trd, 258673.433, 106
Trd, 258673.717, 100
Trd, 258674.067, 137
Trd, 258674.367, 137
Trd, 258674.383, 136
Trd, 258674.567, 130
Trd, 258674.967, 138
Trd, 258675.300, 136
Trd, 258675.350, 134
Trd, 258675.367, 130
Trd, 258676.183, 129
Trd, 258676.333, 125
Trd, 258676.400, 124
Trd, 258676.517, 119
Trd, 258676.717, 115
Trd, 258676.867, 109
Trd, 258676.983, 108
Trd, 258677.267, 139
Trd, 258677.917, 125
Trd, 258678.683, 140
Trd, 258679.100, 137
Trd, 258679.133, 136
Trd, 258679.817, 138
Trd, 258679.917, 139
Trd, 258680.200, 134
Trd, 258680.317, 127
Trd, 258680.617, 127
Trd, 258680.683, 126
Trd, 258680.917, 115
Trd, 258681.033, 124
Trd, 258681.183, 129
Trd, 258681.533, 109
Trd, 258681.700, 134
Trd, 258681.750, 112
Trd, 258681.850, 107
Trd, 258682.050, 106
Trd, 258682.617, 107
Trd, 258682.967, 116
Trd, 258683.033, 111
Trd, 258683.150, 105
Trd, 258683.317, 104
Trd, 258683.750, 129
Trd, 258683.767, 96
Trd, 258684.583, 133
Trd, 258685.017, 125
Trd, 258685.050, 107
Trd, 258685.117, 105
Trd, 258685.483, 134
Trd, 258685.833, 97
Trd, 258685.950, 129
Trd, 258686.517, 123
Trd, 258686.633, 118
Trd, 258686.800, 134
Trd, 258687.067, 104
Trd, 258687.117, 123
Trd, 258687.283, 135
Trd, 258687.383, 131
Trd, 258687.450, 130
Trd, 258687.550, 130
Trd, 258687.833, 134
Trd, 258687.850, 129
Trd, 258687.867, 107
Trd, 258688.117, 140
Trd, 258688.250, 131
Trd, 258688.350, 132
Trd, 258688.367, 112
Trd, 258688.550, 112
Trd, 258689.117, 111
Trd, 258689.217, 110
Trd, 258689.800, 106
Trd, 258689.817, 108
Trd, 258689.900, 103
Trd, 258690.050, 97
Trd, 258690.167, 96
Trd, 258690.200, 92
Trd, 258690.667, 104
Trd, 258690.700, 126
Trd, 258690.800, 108
Trd, 258690.850, 126
Trd, 258690.883, 135
Trd, 258691.100, 140
Trd, 258691.317, 132
Trd, 258691.583, 134
Trd, 258692.017, 114
Trd, 258692.067, 120
Trd, 258692.083, 113
Trd, 258692.200, 112
Trd, 258693.183, 127
Trd, 258693.367, 124
Trd, 258694.267, 118
Trd, 258694.317, 116
Trd, 258694.533, 138
Trd, 258694.700, 126
Trd, 258695.067, 138
Trd, 258695.150, 137
Trd, 258695.450, 127
Trd, 258695.583, 126
Trd, 258695.750, 125
Trd, 258695.833, 117
Trd, 258696.000, 115
Trd, 258696.033, 114
Trd, 258696.083, 136
Trd, 258696.250, 115
Trd, 258696.550, 127
Trd, 258696.750, 126
Trd, 258696.833, 114
Trd, 258696.917, 138
Trd, 258697.100, 106
Trd, 258697.583, 127
Trd, 258698.000, 134
Trd, 258698.150, 114
Trd, 258698.300, 125
Trd, 258698.733, 130
Trd, 258698.750, 123
Trd, 258698.817, 119
Trd, 258699.667, 140
Trd, 258699.967, 103
Trd, 258700.083, 128
Trd, 258700.300, 105
Trd, 258700.383, 104
Trd, 258700.400, 98
Trd, 258700.500, 81
Trd, 258701.350, 140
Trd, 258701.383, 127
Trd, 258701.400, 124
Trd, 258701.583, 124
Trd, 258702.500, 139
Trd, 258702.583, 138
Trd, 258702.733, 136
Trd, 258702.800, 135
Trd, 258703.083, 136
Trd, 258703.917, 128
Trd, 258703.950, 132
Trd, 258704.550, 140
Trd, 258705.200, 140
Trd, 258705.367, 140
Trd, 258705.383, 140
Trd, 258705.517, 140
Trd, 258705.783, 140
Trd, 258706.033, 140
Trd, 258706.383, 140
Trd, 258706.517, 139
Trd, 258706.583, 138
Trd, 258707.233, 130
Trd, 258707.683, 132
Trd, 258707.867, 133
Trd, 258707.917, 121
Trd, 258708.250, 120
Trd, 258708.483, 123
Trd, 258708.600, 133
Trd, 258708.733, 130
Trd, 258708.817, 135
Trd, 258708.850, 131
Trd, 258709.267, 137
Trd, 258709.550, 131
Trd, 258709.583, 129
Trd, 258709.817, 128
Trd, 258709.883, 128
Trd, 258710.033, 127
Trd, 258710.067, 128
Trd, 258710.200, 121
Trd, 258710.483, 117
Trd, 258710.683, 118
Trd, 258711.233, 140
Trd, 258711.283, 126
Trd, 258711.717, 138
Trd, 258711.833, 138
Trd, 258711.983, 128
Trd, 258712.017, 110
Trd, 258712.100, 106
Trd, 258712.250, 129
Trd, 258712.283, 96
Trd, 258712.750, 140
Trd, 258713.067, 139
Trd, 258713.217, 115
Trd, 258713.333, 116
Trd, 258713.733, 140
Trd, 258713.933, 135
Trd, 258714.550, 125
Trd, 258714.633, 123
Trd, 258714.683, 115
Trd, 258714.717, 102
Trd, 258714.867, 117
Trd, 258715.783, 107
Trd, 258715.817, 101
Trd, 258715.850, 122
Trd, 258715.950, 100
Trd, 258716.017, 100
Trd, 258716.700, 99
Trd, 258717.333, 104
Trd, 258717.550, 101
Trd, 258717.717, 115
Trd, 258718.100, 101
Trd, 258718.250, 117
Trd, 258718.617, 103
Trd, 258718.633, 99
Trd, 258718.850, 114
Trd, 258718.867, 120
Trd, 258718.933, 122
Trd, 258719.133, 111
Trd, 258719.317, 110
Trd, 258719.450, 135
Trd, 258719.617, 103
Trd, 258720.250, 112
Trd, 258720.850, 120
Trd, 258720.917, 102
Trd, 258721.300, 137
Trd, 258721.317, 134
Trd, 258721.400, 133
Trd, 258721.650, 102
Trd, 258721.883, 120
Trd, 258721.983, 119
Trd, 258722.033, 109
Trd, 258722.300, 122
Trd, 258723.317, 140
Trd, 258723.550, 140
Trd, 258723.617, 140
Trd, 258723.883, 140
Trd, 258724.200, 139
Trd, 258724.267, 137
Trd, 258724.950, 140
Trd, 258725.017, 139
Trd, 258725.283, 140
Trd, 258725.317, 140
Trd, 258725.367, 139
Trd, 258725.467, 139
Trd, 258725.583, 128
Trd, 258725.783, 119
Trd, 258726.567, 129
Trd, 258726.783, 119
Trd, 258726.933, 113
Trd, 258727.050, 109
Trd, 258727.283, 108
Trd, 258727.650, 109
Trd, 258727.917, 102
Trd, 258728.050, 101
Trd, 258728.083, 100
Trd, 258728.133, 103
Trd, 258728.200, 116
Trd, 258728.633, 109
Trd, 258728.733, 115
Trd, 258728.950, 116
Trd, 258729.717, 104
Trd, 258730.150, 126
Trd, 258730.400, 126
Trd, 258730.567, 140
Trd, 258730.900, 127
Trd, 258730.933, 138
Trd, 258730.983, 138
Trd, 258731.233, 125
Trd, 258731.300, 112
Trd, 258731.683, 129
Trd, 258731.850, 116
Trd, 258732.117, 110
Trd, 258732.167, 109
Trd, 258732.517, 120
Trd, 258732.933, 128
Trd, 258733.233, 128
Trd, 258733.617, 131
Trd, 258733.800, 123
Trd, 258733.867, 119
Trd, 258734.300, 135
Trd, 258734.667, 134
Trd, 258734.717, 114
Trd, 258734.800, 113
Trd, 258734.933, 106
Trd, 258735.383, 109
Trd, 258735.667, 121
Trd, 258735.733, 105
Trd, 258736.050, 114
Trd, 258736.417, 120
Trd, 258736.450, 96
Trd, 258736.583, 109
Trd, 258736.967, 97
Trd, 258737.050, 95
Trd, 258737.267, 117
Trd, 258737.350, 95
Trd, 258737.467, 94
Trd, 258737.533, 118
Trd, 258737.650, 89
Trd, 258738.383, 88
Trd, 258738.617, 86
Trd, 258738.733, 123
Trd, 258739.000, 114
Trd, 258739.083, 84
Trd, 258739.400, 140
Trd, 258739.583, 140
Trd, 258739.733, 140
Trd, 258739.833, 140
Trd, 258740.150, 140
Trd, 258741.017, 140
Trd, 258742.033, 140
Trd, 258742.117, 140
Trd, 258742.183, 140
Trd, 258742.383, 139
Trd, 258742.417, 137
Trd, 258742.467, 139
Trd, 258742.483, 129
Trd, 258742.717, 127
Trd, 258743.233, 124
Trd, 258743.400, 117
Trd, 258743.417, 116
Trd, 258743.517, 133
Trd, 258743.633, 115
Trd, 258743.667, 110
Trd, 258743.800, 107
Trd, 258743.917, 133
Trd, 258744.100, 131
Trd, 258744.450, 112
Trd, 258744.700, 116
Trd, 258744.817, 116
Trd, 258745.183, 112
Trd, 258745.300, 134
Trd, 258745.417, 111
Trd, 258745.483, 113
Trd, 258745.933, 73
Trd, 258746.000, 73
Trd, 258746.433, 94
Trd, 258747.017, 131
Trd, 258747.050, 133
Trd, 258747.400, 91
Trd, 258747.550, 137
Trd, 258747.867, 129
Trd, 258748.117, 106
Trd, 258748.400, 90
Trd, 258748.917, 113
Trd, 258748.967, 129
Trd, 258749.317, 112
Trd, 258749.433, 113
Trd, 258749.567, 112
Trd, 258749.600, 111
Trd, 258749.667, 115
Trd, 258750.217, 140
Trd, 258750.283, 140
Trd, 258750.367, 140
Trd, 258750.417, 139
Trd, 258750.717, 123
Trd, 258751.067, 113
Trd, 258751.083, 110
Trd, 258751.183, 109
Trd, 258751.483, 100
Trd, 258751.967, 135
Trd, 258752.117, 125
Trd, 258752.600, 139
Trd, 258752.650, 138
Trd, 258752.767, 137
Trd, 258752.983, 128
Trd, 258753.183, 126
Trd, 258753.917, 121
Trd, 258753.950, 120
Trd, 258754.367, 135
Trd, 258755.100, 121
Trd, 258755.300, 139
Trd, 258755.533, 134
Trd, 258755.633, 139
Trd, 258755.817, 134
Trd, 258756.167, 135
Trd, 258756.200, 133
Trd, 258756.400, 127
Trd, 258756.800, 133
Trd, 258756.850, 124
Trd, 258757.033, 134
Trd, 258757.067, 135
Trd, 258757.100, 119
Trd, 258757.133, 118
Trd, 258757.150, 109
Trd, 258757.167, 108
Trd, 258757.383, 103
Trd, 258757.783, 134
Trd, 258757.817, 133
Trd, 258757.950, 131
Trd, 258758.183, 79
Trd, 258758.833, 98
Trd, 258758.883, 110
Trd, 258759.050, 111
Trd, 258759.067, 112
Trd, 258759.317, 119
Trd, 258759.417, 133
Trd, 258760.183, 134
Trd, 258760.250, 134
Trd, 258761.500, 140
Trd, 258762.050, 140
Trd, 258762.333, 140
Trd, 258762.700, 140
Trd, 258762.833, 140
Trd, 258762.900, 140
Trd, 258763.250, 139
Trd, 258763.583, 138
Trd, 258763.717, 139
Trd, 258763.783, 138
Trd, 258764.033, 138
Trd, 258764.150, 129
Trd, 258764.200, 128
Trd, 258764.217, 124
Trd, 258764.267, 115
Trd, 258764.533, 114
Trd, 258764.933, 139
Trd, 258765.150, 119
Trd, 258765.267, 118
Trd, 258765.400, 122
Trd, 258765.617, 107
Trd, 258765.733, 102
Trd, 258765.950, 101
Trd, 258766.267, 127
Trd, 258766.417, 112
Trd, 258766.633, 111
Trd, 258767.150, 97
Trd, 258767.167, 132
Trd, 258767.367, 94
Trd, 258767.467, 83
Trd, 258767.550, 120
Trd, 258767.583, 83
Trd, 258767.617, 134
Trd, 258767.717, 111
Trd, 258768.167, 123
Trd, 258768.267, 121
Trd, 258768.433, 121
Trd, 258768.533, 116
Trd, 258768.683, 122
Trd, 258768.867, 102
Trd, 258769.183, 134
Trd, 258769.350, 122
Trd, 258769.567, 115
Trd, 258769.600, 114
Trd, 258769.717, 97
Trd, 258769.950, 132
Trd, 258770.733, 135
Trd, 258771.250, 139
Trd, 258771.550, 138
Trd, 258771.717, 137
Trd, 258771.817, 140
Trd, 258771.850, 132
Trd, 258772.033, 129
Trd, 258773.017, 129
Trd, 258773.167, 121
Trd, 258773.450, 126
Trd, 258773.517, 121
Trd, 258773.700, 134
Trd, 258774.500, 123
Trd, 258774.833, 130
Trd, 258774.950, 123
Trd, 258775.050, 122
Trd, 258775.167, 117
Trd, 258775.250, 112
Trd, 258775.367, 118
Trd, 258775.700, 128
Trd, 258775.733, 129
Trd, 258775.900, 113
Trd, 258775.950, 112
Trd, 258776.000, 111
Trd, 258776.250, 119
Trd, 258776.317, 110
Trd, 258776.767, 126
Trd, 258776.917, 105
Trd, 258776.983, 103
Trd, 258777.067, 100
Trd, 258777.417, 128
Trd, 258777.483, 121
Trd, 258778.367, 127
Trd, 258778.433, 126
Trd, 258778.783, 115
Trd, 258778.983, 112
Trd, 258779.400, 117
Trd, 258779.533, 111
Trd, 258779.800, 126
Trd, 258780.417, 119
Trd, 258780.700, 126
Trd, 258780.733, 125
Trd, 258781.300, 118
Trd, 258781.367, 125
Trd, 258781.533, 115
Trd, 258781.633, 116
Trd, 258781.883, 111
Trd, 258782.117, 110
Trd, 258782.200, 120
Trd, 258782.467, 123
Trd, 258782.750, 108
Trd, 258782.783, 105
Trd, 258782.867, 105
Trd, 258783.250, 130
Trd, 258783.450, 131
Trd, 258783.917, 120
Trd, 258784.133, 115
Trd, 258784.300, 111
Trd, 258784.417, 110
Trd, 258784.550, 104
Trd, 258784.717, 105
Trd, 258785.150, 122
Trd, 258785.933, 108
Trd, 258785.967, 125
Trd, 258786.617, 116
Trd, 258786.700, 109
Trd, 258786.767, 116
Trd, 258786.850, 117
Trd, 258787.117, 108
Trd, 258787.183, 118
Trd, 258787.600, 115
Trd, 258787.967, 109
Trd, 258787.983, 108
Trd, 258788.000, 105
Trd, 258788.150, 122
Trd, 258788.433, 132
Trd, 258788.500, 107
Trd, 258788.817, 127
Trd, 258789.183, 116
Trd, 258789.767, 139
Trd, 258789.783, 138
Trd, 258789.867, 132
Trd, 258790.350, 128
Trd, 258791.600, 138
Trd, 258792.117, 138
Trd, 258792.333, 137
Trd, 258792.583, 134
Trd, 258792.750, 128
Trd, 258792.817, 140
Trd, 258792.900, 127
Trd, 258792.950, 124
Trd, 258793.000, 127
Trd, 258793.183, 123
Trd, 258793.333, 115
Trd, 258793.433, 109
Trd, 258793.533, 108
Trd, 258793.600, 116
Trd, 258793.900, 117
Trd, 258794.050, 106
Trd, 258794.067, 136
Trd, 258794.417, 103
Trd, 258794.917, 105
Trd, 258794.950, 105
Trd, 258795.200, 133
Trd, 258795.283, 109
Trd, 258795.983, 118
Trd, 258796.017, 118
Trd, 258796.083, 140
Trd, 258796.217, 117
Trd, 258796.483, 109
Trd, 258796.700, 140
Trd, 258796.917, 138
Trd, 258796.983, 137
Trd, 258797.333, 128
Trd, 258797.567, 127
Trd, 258797.900, 138
Trd, 258798.367, 140
Trd, 258798.483, 137
Trd, 258798.650, 138
Trd, 258798.800, 127
Trd, 258799.050, 122
Trd, 258799.317, 115
Trd, 258799.500, 113
Trd, 258799.617, 112
Trd, 258799.967, 121
Trd, 258800.100, 128
Trd, 258800.900, 131
Trd, 258801.067, 120
Trd, 258801.233, 112
Trd, 258801.317, 112
Trd, 258801.400, 112
Trd, 258801.833, 92
Trd, 258802.450, 91
Trd, 258802.633, 67
Trd, 258802.817, 68
Trd, 258803.017, 65
Trd, 258803.150, 64
Trd, 258803.267, 98
Trd, 258803.350, 99
Trd, 258803.683, 130
Trd, 258803.700, 98
Trd, 258804.300, 119
Trd, 258804.517, 129
Trd, 258804.533, 128
Trd, 258805.267, 130
Trd, 258805.450, 129
Trd, 258805.583, 140
Trd, 258805.600, 139
Trd, 258805.833, 124
Trd, 258806.500, 140
Trd, 258806.517, 140
Trd, 258807.017, 140
Trd, 258807.083, 130
Trd, 258807.517, 130
Trd, 258807.717, 122
Trd, 258808.200, 128
Trd, 258808.217, 127
Trd, 258808.550, 135
Trd, 258808.683, 136
Trd, 258808.800, 121
Trd, 258808.817, 121
Trd, 258808.933, 116
Trd, 258809.383, 122
Trd, 258809.550, 115
Trd, 258809.567, 112
Trd, 258809.900, 129
Trd, 258810.050, 124
Trd, 258810.100, 123
Trd, 258810.617, 129
Trd, 258811.200, 121
Trd, 258811.233, 119
Trd, 258811.283, 111
Trd, 258811.383, 100
Trd, 258811.783, 103
Trd, 258811.917, 129
Trd, 258812.150, 129
Trd, 258812.550, 131
Trd, 258812.633, 131
Trd, 258812.733, 130
Trd, 258813.033, 140
Trd, 258813.517, 135
Trd, 258813.567, 111
Trd, 258813.883, 110
Trd, 258814.433, 115
Trd, 258814.450, 135
Trd, 258814.467, 108
Trd, 258815.100, 109
Trd, 258815.317, 118
Trd, 258815.333, 117
Trd, 258815.417, 102
Trd, 258815.500, 99
Trd, 258815.833, 100
Trd, 258816.133, 129
Trd, 258816.250, 133
Trd, 258816.717, 99
Trd, 258816.833, 127
Trd, 258816.867, 128
Trd, 258816.950, 110
Trd, 258817.717, 117
Trd, 258817.900, 112
Trd, 258818.467, 117
Trd, 258818.617, 109
Trd, 258818.783, 118
Trd, 258818.800, 127
Trd, 258819.317, 117
Trd, 258819.517, 117
Trd, 258819.583, 128
Trd, 258820.233, 129
Trd, 258820.400, 136
Trd, 258820.817, 138
Trd, 258820.850, 137
Trd, 258820.867, 136
Trd, 258821.133, 135
Trd, 258821.283, 125
Trd, 258821.333, 124
Trd, 258821.533, 124
Trd, 258821.633, 112
Trd, 258821.817, 122
Trd, 258821.883, 112
Trd, 258822.717, 102
Trd, 258822.800, 94
Trd, 258822.983, 88
Trd, 258823.067, 85
Trd, 258823.217, 77
Trd, 258823.333, 66
Trd, 258823.417, 112
Trd, 258823.783, 109
Trd, 258824.017, 101
Trd, 258824.283, 100
Trd, 258824.683, 75
Trd, 258825.050, 102
Trd, 258825.167, 107
Trd, 258825.683, 109
Trd, 258825.883, 132
Trd, 258826.283, 140
Trd, 258826.417, 139
Trd, 258826.733, 132
Trd, 258826.800, 131
Trd, 258827.000, 123
Trd, 258827.083, 122
Trd, 258827.150, 118
Trd, 258827.867, 139
Trd, 258828.067, 140
Trd, 258828.167, 139
Trd, 258828.433, 139
Trd, 258828.450, 138
Trd, 258828.633, 133
Trd, 258828.900, 140
Trd, 258829.233, 130
Trd, 258829.400, 127
Trd, 258829.817, 125
Trd, 258830.350, 129
Trd, 258830.517, 130
Trd, 258831.450, 135
Trd, 258831.750, 136
Trd, 258832.133, 139
Trd, 258832.250, 140
Trd, 258832.300, 139
Trd, 258832.333, 137
Trd, 258832.433, 136
Trd, 258832.583, 135
Trd, 258832.650, 128
Trd, 258833.000, 129
Trd, 258833.433, 139
Trd, 258833.483, 124
Trd, 258833.667, 140
Trd, 258833.717, 123
Trd, 258833.883, 120
Trd, 258833.950, 115
Trd, 258834.083, 112
Trd, 258834.300, 140
Trd, 258834.600, 138
Trd, 258835.167, 140
Trd, 258835.317, 122
Trd, 258836.383, 139
Trd, 258836.583, 140
Trd, 258836.733, 139
Trd, 258836.850, 138
Trd, 258836.917, 140
Trd, 258837.283, 140
Trd, 258837.733, 140
Trd, 258837.983, 138
Trd, 258838.483, 140
Trd, 258838.600, 135
Trd, 258838.783, 134
Trd, 258838.900, 133
Trd, 258839.067, 140
Trd, 258839.333, 137
Trd, 258839.417, 123
Trd, 258839.450, 139
Trd, 258839.733, 132
Trd, 258840.250, 107
Trd, 258841.083, 122
Trd, 258841.183, 113
Trd, 258841.250, 111
Trd, 258841.450, 108
Trd, 258841.733, 119
Trd, 258841.750, 123
Trd, 258842.333, 132
Trd, 258842.617, 136
Trd, 258842.833, 140
Trd, 258843.167, 124
Trd, 258843.250, 124
Trd, 258843.267, 118
Trd, 258843.283, 114
Trd, 258843.333, 111
Trd, 258843.400, 105
Trd, 258843.917, 115
Trd, 258844.183, 114
Trd, 258844.567, 114
Trd, 258844.583, 107
Trd, 258844.833, 128
Trd, 258845.000, 126
Trd, 258845.233, 125
Trd, 258845.283, 132
Trd, 258845.583, 88
Trd, 258845.950, 115
Trd, 258846.533, 99
Trd, 258846.683, 94
Trd, 258846.700, 115
Trd, 258847.117, 114
Trd, 258847.150, 115
Trd, 258847.183, 110
Trd, 258847.200, 116
Trd, 258847.517, 116
Trd, 258847.800, 100
Trd, 258848.300, 116
Trd, 258848.450, 124
Trd, 258848.500, 103
Trd, 258848.750, 131
Trd, 258848.917, 127
Trd, 258849.017, 110
Trd, 258849.150, 92
Trd, 258849.383, 129
Trd, 258849.467, 93
Trd, 258849.500, 135
Trd, 258850.067, 89
Trd, 258850.317, 114
Trd, 258850.617, 125
Trd, 258851.400, 125
Trd, 258851.683, 97
Trd, 258852.083, 125
Trd, 258852.267, 115
Trd, 258852.333, 105
Trd, 258852.350, 104
Trd, 258852.533, 102
Trd, 258852.600, 102
Trd, 258852.733, 100
Trd, 258852.750, 91
Trd, 258852.783, 102
Trd, 258853.100, 89
Trd, 258853.233, 88
Trd, 258853.433, 88
Trd, 258854.000, 103
Trd, 258854.233, 107
Trd, 258854.283, 96
Trd, 258854.633, 113
Trd, 258854.917, 108
Trd, 258854.967, 113
Trd, 258855.100, 115
Trd, 258855.167, 107
Trd, 258855.350, 125
Trd, 258855.550, 106
Trd, 258855.633, 97
Trd, 258855.867, 127
Trd, 258856.050, 138
Trd, 258856.150, 99
Trd, 258856.367, 98
Trd, 258856.500, 140
Trd, 258856.700, 98
Trd, 258857.133, 104
Trd, 258857.533, 104
Trd, 258857.700, 95
Trd, 258857.733, 105
Trd, 258858.217, 98
Trd, 258858.467, 94
Trd, 258858.583, 93
Trd, 258858.683, 93
Trd, 258858.800, 127
Trd, 258859.317, 104
Trd, 258859.467, 102
Trd, 258859.633, 90
Trd, 258859.900, 133
Trd, 258859.950, 132
Trd, 258860.567, 119
Trd, 258860.583, 118
Trd, 258860.733, 129
Trd, 258861.567, 137
Trd, 258861.800, 115
Trd, 258861.883, 117
Trd, 258861.967, 114
Trd, 258861.983, 111
Trd, 258862.000, 107
Trd, 258862.433, 117
Trd, 258862.583, 81
Trd, 258862.617, 119
Trd, 258863.167, 121
Trd, 258863.633, 126
Trd, 258863.650, 113
Trd, 258863.717, 127
Trd, 258863.750, 126
Trd, 258863.950, 123
Trd, 258863.967, 138
Trd, 258864.283, 121
Trd, 258865.017, 108
Trd, 258865.033, 107
Trd, 258865.317, 115
Trd, 258865.400, 114
Trd, 258865.533, 124
Trd, 258866.000, 111
Trd, 258866.067, 119
Trd, 258866.300, 124
Trd, 258866.350, 126
Trd, 258866.383, 114
Trd, 258867.150, 128
Trd, 258867.717, 136
Trd, 258867.917, 115
Trd, 258867.950, 110
Trd, 258868.067, 110
Trd, 258868.117, 109
Trd, 258868.350, 103
Trd, 258868.650, 125
Trd, 258869.233, 126
Trd, 258869.350, 126
Trd, 258869.533, 131
Trd, 258869.650, 137
Trd, 258870.200, 126
Trd, 258870.267, 137
Trd, 258870.400, 126
Trd, 258870.633, 125
Trd, 258870.983, 135
Trd, 258871.117, 121
Trd, 258871.500, 120
Trd, 258871.817, 125
Trd, 258872.317, 128
Trd, 258872.450, 109
Trd, 258872.667, 109
Trd, 258873.083, 109
Trd, 258873.100, 131
Trd, 258873.283, 132
Trd, 258873.550, 116
Trd, 258873.683, 108
Trd, 258873.733, 124
Trd, 258873.983, 113
Trd, 258874.617, 140
Trd, 258874.633, 137
Trd, 258874.850, 132
Trd, 258875.233, 138
Trd, 258875.317, 127
Trd, 258875.417, 125
Trd, 258875.433, 111
Trd, 258876.600, 130
Trd, 258876.633, 129
Trd, 258876.933, 121
Trd, 258877.017, 137
Trd, 258877.217, 117
Trd, 258877.233, 116
Trd, 258877.250, 112
Trd, 258877.400, 110
Trd, 258877.800, 139
Trd, 258877.983, 138
Trd, 258878.267, 112
Trd, 258878.767, 134
Trd, 258879.033, 132
Trd, 258879.183, 130
Trd, 258879.283, 125
Trd, 258879.433, 125
Trd, 258879.783, 125
Trd, 258879.933, 124
Trd, 258880.133, 129
Trd, 258880.267, 128
Trd, 258880.333, 127
Trd, 258880.483, 125
Trd, 258880.533, 124
Trd, 258881.683, 118
Trd, 258881.767, 117
Trd, 258881.800, 112
Trd, 258882.450, 111
Trd, 258882.550, 110
Trd, 258882.617, 113
Trd, 258882.717, 112
Trd, 258882.767, 114
Trd, 258882.867, 132
Trd, 258882.917, 109
Trd, 258883.217, 140
Trd, 258883.300, 139
Trd, 258883.317, 108
Trd, 258883.833, 134
Trd, 258884.067, 107
Trd, 258884.833, 133
Trd, 258885.000, 138
Trd, 258885.133, 132
Trd, 258885.717, 135
Trd, 258886.100, 139
Trd, 258886.317, 138
Trd, 258886.433, 123
Trd, 258886.767, 140
Trd, 258887.217, 137
Trd, 258887.250, 136
Trd, 258887.700, 139
Trd, 258887.900, 133
Trd, 258888.067, 132
Trd, 258888.417, 132
Trd, 258888.500, 131
Trd, 258888.600, 133
Trd, 258888.783, 130
Trd, 258888.817, 125
Trd, 258889.383, 121
Trd, 258889.517, 120
Trd, 258890.067, 122
Trd, 258890.317, 140
Trd, 258890.633, 115
Trd, 258891.150, 116
Trd, 258891.533, 116
Trd, 258891.550, 115
Trd, 258891.617, 124
Trd, 258891.700, 123
Trd, 258891.800, 122
Trd, 258891.917, 113
Trd, 258892.233, 126
Trd, 258892.600, 132
Trd, 258893.033, 133
Trd, 258893.083, 131
Trd, 258893.133, 129
Trd, 258893.517, 136
Trd, 258893.850, 133
Trd, 258893.950, 134
Trd, 258893.983, 133
Trd, 258894.167, 125
Trd, 258894.500, 140
Trd, 258894.683, 125
Trd, 258894.900, 130
Trd, 258895.033, 122
Trd, 258895.367, 119
Trd, 258895.467, 139
Trd, 258896.167, 134
Trd, 258896.200, 132
Trd, 258896.317, 139
Trd, 258897.133, 132
Trd, 258897.317, 132
Trd, 258897.900, 135
Trd, 258898.117, 140
Trd, 258898.400, 134
Trd, 258898.483, 131
Trd, 258898.750, 136
Trd, 258898.783, 127
Trd, 258899.000, 125
Trd, 258899.267, 131
Trd, 258899.350, 114
Trd, 258899.383, 111
Trd, 258899.433, 104
Trd, 258899.467, 103
Trd, 258899.900, 131
Trd, 258900.433, 128
Trd, 258900.533, 123
Trd, 258901.350, 103
Trd, 258901.500, 107
Trd, 258901.517, 109
Trd, 258901.550, 116
Trd, 258901.667, 103
Trd, 258902.283, 130
Trd, 258902.317, 129
Trd, 258902.550, 139
Trd, 258902.783, 136
Trd, 258902.933, 118
Trd, 258903.067, 101
Trd, 258903.100, 104
Trd, 258903.250, 101
Trd, 258903.650, 136
Trd, 258904.000, 140
Trd, 258904.050, 139
Trd, 258904.683, 102
Trd, 258905.250, 113
Trd, 258905.433, 107
Trd, 258905.517, 106
Trd, 258905.600, 103
Trd, 258905.983, 127
Trd, 258906.167, 131
Trd, 258906.183, 129
Trd, 258907.517, 134
Trd, 258907.600, 140
Trd, 258907.783, 134
Trd, 258907.800, 132
Trd, 258907.850, 127
Trd, 258907.900, 123
Trd, 258908.450, 137
Trd, 258908.533, 135
Trd, 258909.083, 135
Trd, 258909.283, 134
Trd, 258909.583, 137
Trd, 258910.250, 133
Trd, 258910.367, 130
Trd, 258911.050, 132
Trd, 258911.350, 133
Trd, 258911.600, 133
Trd, 258911.683, 135
Trd, 258911.900, 137
Trd, 258912.017, 132
Trd, 258912.083, 131
Trd, 258912.333, 131
Trd, 258912.533, 132
Trd, 258912.867, 130
Trd, 258913.183, 130
Trd, 258913.200, 129
Trd, 258913.283, 129
Trd, 258913.717, 140
Trd, 258913.817, 138
Trd, 258914.417, 138
Trd, 258914.483, 125
Trd, 258914.933, 135
Trd, 258914.950, 134
Trd, 258915.183, 137
Trd, 258915.217, 132
Trd, 258915.250, 127
Trd, 258915.600, 123
Trd, 258915.650, 122
Trd, 258915.750, 116
Trd, 258916.033, 115
Trd, 258916.233, 114
Trd, 258916.267, 121
Trd, 258916.333, 110
Trd, 258916.467, 108
Trd, 258916.483, 106
Trd, 258917.100, 114
Trd, 258917.217, 111
Trd, 258917.667, 101
Trd, 258917.983, 102
Trd, 258918.033, 100
Trd, 258918.083, 103
Trd, 258918.267, 97
Trd, 258918.517, 105
Trd, 258918.900, 101
Trd, 258919.267, 103
Trd, 258919.300, 130
Trd, 258919.517, 93
Trd, 258919.583, 85
Trd, 258920.417, 71
Trd, 258920.483, 72
Trd, 258920.500, 97
Trd, 258921.533, 133
Trd, 258921.750, 86
Trd, 258922.250, 140
Trd, 258922.400, 140
Trd, 258922.567, 103
Trd, 258922.750, 102
Trd, 258922.967, 101
Trd, 258923.050, 103
Trd, 258923.583, 102
Trd, 258923.633, 101
Trd, 258923.667, 101
Trd, 258923.717, 100
Trd, 258923.833, 116
Trd, 258924.133, 95
Trd, 258924.400, 114
Trd, 258924.500, 115
Trd, 258924.933, 97
Trd, 258924.983, 121
Trd, 258925.300, 97
Trd, 258925.550, 130
Trd, 258925.783, 121
Trd, 258926.150, 121
Trd, 258926.767, 123
Trd, 258926.983, 116
Trd, 258927.000, 115
Trd, 258927.183, 131
Trd, 258927.667, 116
Trd, 258927.800, 113
Trd, 258927.917, 112
Trd, 258927.967, 117
Trd, 258928.117, 119
Trd, 258928.267, 106
Trd, 258928.467, 107
Trd, 258928.550, 128
Trd, 258928.733, 129
Trd, 258929.367, 130
Trd, 258929.383, 118
Trd, 258929.717, 119
Trd, 258929.850, 118
Trd, 258929.883, 117
Trd, 258930.183, 140
Trd, 258930.267, 134
Trd, 258930.333, 125
Trd, 258930.917, 118
Trd, 258931.450, 139
Trd, 258931.583, 135
Trd, 258931.733, 116
Trd, 258931.867, 114
Trd, 258932.117, 138
Trd, 258933.150, 116
Trd, 258933.467, 118
Trd, 258934.017, 120
Trd, 258934.050, 119
Trd, 258934.150, 117
Trd, 258934.217, 116
Trd, 258934.233, 110
Trd, 258934.317, 110
Trd, 258934.683, 137
Trd, 258934.983, 123
Trd, 258935.067, 109
Trd, 258935.367, 124
Trd, 258935.717, 111
Trd, 258935.783, 112
Trd, 258935.800, 113
Trd, 258935.967, 107
Trd, 258936.100, 107
Trd, 258936.233, 108
Trd, 258936.417, 128
Trd, 258936.750, 105
Trd, 258937.350, 114
Trd, 258937.433, 113
Trd, 258937.600, 133
Trd, 258937.883, 99
Trd, 258937.983, 98
Trd, 258938.083, 97
Trd, 258938.267, 91
Trd, 258938.283, 90
Trd, 258938.517, 107
Trd, 258938.667, 87
Trd, 258938.717, 86
Trd, 258939.167, 117
Trd, 258939.183, 136
Trd, 258939.383, 113
Trd, 258939.833, 140
Trd, 258939.933, 138
Trd, 258940.183, 137
Trd, 258940.500, 128
Trd, 258940.617, 112
Trd, 258940.650, 83
Trd, 258941.000, 137
Trd, 258941.617, 103
Trd, 258942.317, 140
Trd, 258942.583, 136
Trd, 258942.650, 134
Trd, 258942.950, 134
Trd, 258943.550, 131
Trd, 258943.633, 130
Trd, 258943.717, 130
Trd, 258943.783, 131
Trd, 258943.917, 129
Trd, 258944.000, 122
Trd, 258944.033, 115
Trd, 258944.167, 107
Trd, 258944.300, 107
Trd, 258945.017, 116
Trd, 258945.117, 115
Trd, 258945.300, 112
Trd, 258945.367, 119
Trd, 258945.400, 120
Trd, 258946.033, 105
Trd, 258946.250, 108
Trd, 258946.283, 106
Trd, 258946.333, 105
Trd, 258946.583, 125
Trd, 258946.700, 104
Trd, 258947.017, 131
Trd, 258947.267, 110
Trd, 258947.583, 104
Trd, 258947.750, 110
Trd, 258947.783, 132
Trd, 258948.117, 92
Trd, 258948.283, 92
Trd, 258949.150, 140
Trd, 258949.533, 138
Trd, 258949.783, 135
Trd, 258949.983, 138
Trd, 258950.967, 129
Trd, 258951.033, 128
Trd, 258951.133, 126
Trd, 258951.667, 128
Trd, 258951.683, 127
Trd, 258951.983, 125
Trd, 258952.183, 132
Trd, 258952.217, 119
Trd, 258952.667, 116
Trd, 258953.100, 116
Trd, 258953.150, 115
Trd, 258953.483, 126
Trd, 258953.833, 108
Trd, 258953.933, 106
Trd, 258954.033, 103
Trd, 258954.150, 102
Trd, 258954.217, 130
Trd, 258954.267, 101
Trd, 258955.033, 118
Trd, 258955.267, 123
Trd, 258955.333, 117
Trd, 258955.483, 114
Trd, 258955.650, 110
Trd, 258955.683, 124
Trd, 258956.250, 82
Trd, 258956.733, 114
Trd, 258956.950, 98
Trd, 258957.050, 115
Trd, 258957.583, 98
Trd, 258957.617, 115
Trd, 258957.967, 126
Trd, 258958.117, 97
Trd, 258958.350, 97
Trd, 258958.367, 115
Trd, 258958.883, 111
Trd, 258959.267, 126
Trd, 258959.283, 111
Trd, 258959.617, 103
Trd, 258959.700, 102
Trd, 258959.833, 102
Trd, 258959.867, 106
Trd, 258959.917, 101
Trd, 258959.933, 107
Trd, 258960.000, 97
Trd, 258960.150, 95
Trd, 258960.400, 104
Trd, 258960.483, 122
Trd, 258960.967, 116
Trd, 258961.050, 117
Trd, 258961.133, 123
Trd, 258961.350, 111
Trd, 258962.083, 122
Trd, 258962.483, 131
Trd, 258962.650, 131
Trd, 258962.667, 127
Trd, 258962.967, 125
Trd, 258963.000, 122
Trd, 258963.183, 129
Trd, 258963.450, 123
Trd, 258963.533, 122
Trd, 258964.350, 123
Trd, 258964.517, 122
Trd, 258964.917, 121
Trd, 258965.067, 120
Trd, 258965.133, 121
Trd, 258965.267, 119
Trd, 258965.283, 124
Trd, 258965.550, 126
Trd, 258965.833, 117
Trd, 258965.917, 115
Trd, 258965.983, 115
Trd, 258966.283, 111
Trd, 258966.383, 111
Trd, 258966.467, 106
Trd, 258967.133, 106
Trd, 258967.400, 110
Trd, 258967.600, 105
Trd, 258968.150, 116
Trd, 258968.500, 117
Trd, 258968.917, 119
Trd, 258968.950, 118
Trd, 258968.983, 120
Trd, 258969.133, 118
Trd, 258969.150, 121
Trd, 258969.167, 114
Trd, 258969.200, 107
Trd, 258969.283, 124
Trd, 258969.300, 106
Trd, 258969.600, 104
Trd, 258969.633, 129
Trd, 258969.833, 131
Trd, 258969.850, 103
Trd, 258970.033, 103
Trd, 258970.300, 127
Trd, 258970.633, 116
Trd, 258970.817, 115
Trd, 258971.067, 105
Trd, 258971.217, 102
Trd, 258971.250, 101
Trd, 258971.950, 106
Trd, 258972.317, 129
Trd, 258972.483, 105
Trd, 258972.850, 99
Trd, 258972.967, 133
Trd, 258973.267, 133
Trd, 258973.667, 129
Trd, 258973.950, 130
Trd, 258974.367, 132
Trd, 258974.533, 134
Trd, 258974.917, 135
Trd, 258975.033, 135
Trd, 258975.383, 135
Trd, 258975.733, 133
Trd, 258975.833, 138
Trd, 258975.850, 129
Trd, 258976.033, 123
Trd, 258976.867, 130
Trd, 258976.917, 129
Trd, 258976.950, 128
Trd, 258977.283, 128
Trd, 258977.750, 127
Trd, 258978.150, 132
Trd, 258978.350, 131
Trd, 258978.450, 135
Trd, 258978.467, 126
Trd, 258978.867, 117
Trd, 258979.017, 112
Trd, 258979.050, 110
Trd, 258979.317, 122
Trd, 258979.533, 121
Trd, 258979.817, 124
Trd, 258979.900, 133
Trd, 258980.217, 128
Trd, 258980.233, 112
Trd, 258980.883, 124
Trd, 258981.067, 120
Trd, 258981.100, 132
Trd, 258981.250, 119
Trd, 258981.583, 133
Trd, 258981.817, 118
Trd, 258982.017, 118
Trd, 258982.150, 133
Trd, 258982.167, 117
Trd, 258982.283, 126
Trd, 258982.400, 134
Trd, 258982.700, 139
Trd, 258982.850, 126
Trd, 258982.933, 111
Trd, 258983.467, 140
Trd, 258983.533, 140
Trd, 258983.850, 130
Trd, 258983.967, 129
Trd, 258984.000, 119
Trd, 258984.433, 120
Trd, 258985.033, 114
Trd, 258985.200, 114
Trd, 258985.583, 121
Trd, 258985.683, 114
Trd, 258985.817, 113
Trd, 258985.900, 105
Trd, 258986.017, 139
Trd, 258986.367, 136
Trd, 258987.300, 138
Trd, 258987.850, 139
Trd, 258988.600, 140
Trd, 258988.667, 140
Trd, 258988.733, 133
Trd, 258988.767, 121
Trd, 258989.117, 131
Trd, 258989.217, 120
Trd, 258989.283, 112
Trd, 258989.567, 112
Trd, 258989.583, 111
Trd, 258989.750, 110
Trd, 258989.800, 109
Trd, 258990.300, 109
Trd, 258990.500, 103
Trd, 258990.567, 102
Trd, 258990.767, 109
Trd, 258990.833, 105
Trd, 258990.850, 110
Trd, 258991.067, 101
Trd, 258991.200, 101
Trd, 258991.317, 100
Trd, 258991.733, 91
Trd, 258992.133, 96
Trd, 258992.383, 111
Trd, 258992.550, 113
Trd, 258992.683, 121
Trd, 258992.750, 96
Trd, 258992.833, 92
Trd, 258993.100, 109
Trd, 258993.300, 88
Trd, 258993.350, 86
Trd, 258993.600, 77
Trd, 258993.683, 78
Trd, 258993.883, 67
Trd, 258994.017, 93
Trd, 258994.533, 87
Trd, 258994.733, 123
Trd, 258995.017, 139
Trd, 258995.417, 140
Trd, 258995.533, 139
Trd, 258995.767, 128
Trd, 258996.583, 131
Trd, 258996.633, 121
Trd, 258996.650, 120
Trd, 258996.733, 133
Trd, 258997.067, 107
Trd, 258997.833, 137
Trd, 258997.983, 127
Trd, 258998.033, 123
Trd, 258998.300, 110
Trd, 258998.483, 112
Trd, 258998.717, 129
Trd, 258998.767, 133
Trd, 258999.000, 99
Trd, 258999.050, 136
Trd, 258999.200, 136
Trd, 259000.383, 139
Trd, 259000.467, 138
Trd, 259000.733, 138
Trd, 259000.867, 137
Trd, 259001.133, 135
Trd, 259001.750, 127
Trd, 259002.033, 125
Trd, 259002.250, 140
Trd, 259002.483, 129
Trd, 259002.500, 128
Trd, 259003.767, 139
Trd, 259003.850, 140
Trd, 259003.917, 129
Trd, 259004.133, 140
Trd, 259004.233, 140
Trd, 259004.300, 138
Trd, 259004.467, 128
Trd, 259004.850, 130
Trd, 259004.950, 135
Trd, 259004.983, 125
Trd, 259005.017, 117
Trd, 259005.067, 137
Trd, 259005.200, 111
Trd, 259005.317, 119
Trd, 259005.583, 123
Trd, 259005.633, 110
Trd, 259006.050, 112
Trd, 259006.400, 139
Trd, 259006.650, 101
Trd, 259007.717, 123
Trd, 259007.783, 119
Trd, 259008.133, 109
Trd, 259008.400, 101
Trd, 259008.600, 108
Trd, 259008.650, 91
Trd, 259008.700, 87
Trd, 259008.750, 130
Trd, 259008.883, 87
Trd, 259008.950, 130
Trd, 259009.150, 121
Trd, 259009.700, 123
Trd, 259009.800, 121
Trd, 259009.900, 126
Trd, 259009.950, 120
Trd, 259010.150, 131
Trd, 259010.317, 130
Trd, 259010.433, 130
Trd, 259010.717, 130
Trd, 259011.133, 133
Trd, 259011.383, 137
Trd, 259011.567, 137
Trd, 259011.683, 137
Trd, 259011.917, 136
Trd, 259012.767, 140
Trd, 259012.983, 140
Trd, 259013.350, 140
Trd, 259013.400, 136
Trd, 259013.533, 133
Trd, 259013.550, 128
Trd, 259013.933, 131
Trd, 259014.100, 133
Trd, 259014.217, 135
Trd, 259014.233, 132
Trd, 259014.350, 127
Trd, 259014.800, 126
Trd, 259015.117, 126
Trd, 259015.133, 139
Trd, 259015.183, 125
Trd, 259015.483, 135
Trd, 259015.500, 132
Trd, 259015.950, 126
Trd, 259016.417, 131
Trd, 259016.783, 130
Trd, 259016.800, 125
Trd, 259016.817, 131
Trd, 259017.383, 124
Trd, 259017.617, 123
Trd, 259017.683, 121
Trd, 259017.733, 119
Trd, 259018.100, 132
Trd, 259018.383, 132
Trd, 259018.633, 133
Trd, 259018.650, 132
Trd, 259018.700, 130
Trd, 259019.167, 129
Trd, 259019.400, 136
Trd, 259019.650, 129
Trd, 259019.950, 126
Trd, 259020.183, 114
Trd, 259020.233, 108
Trd, 259020.467, 118
Trd, 259020.633, 104
Trd, 259020.667, 100
Trd, 259020.900, 94
Trd, 259021.033, 106
Trd, 259021.417, 95
Trd, 259021.750, 94
Trd, 259022.100, 109
Trd, 259022.183, 107
Trd, 259022.400, 130
Trd, 259022.667, 94
Trd, 259022.900, 93
Trd, 259023.000, 102
Trd, 259023.083, 112
Trd, 259023.133, 130
Trd, 259023.217, 107
Trd, 259024.000, 140
Trd, 259024.250, 140
Trd, 259024.567, 139
Trd, 259024.700, 134
Trd, 259024.950, 128
Trd, 259025.117, 121
Trd, 259025.617, 113
Trd, 259026.250, 126
Trd, 259026.317, 112
Trd, 259026.333, 111
Trd, 259026.450, 111
Trd, 259027.033, 137
Trd, 259027.217, 125
Trd, 259027.450, 124
Trd, 259027.800, 117
Trd, 259028.033, 112
Trd, 259028.150, 128
Trd, 259028.717, 129
Trd, 259028.817, 128
Trd, 259028.850, 124
Trd, 259028.917, 123
Trd, 259029.133, 125
Trd, 259029.200, 126
Trd, 259029.333, 128
Trd, 259029.400, 124
Trd, 259029.817, 118
Trd, 259029.883, 117
Trd, 259029.950, 131
Trd, 259030.200, 116
Trd, 259030.850, 131
Trd, 259031.000, 125
Trd, 259031.067, 115
Trd, 259031.167, 115
Trd, 259032.017, 104
Trd, 259032.117, 94
Trd, 259032.133, 108
Trd, 259032.417, 99
Trd, 259032.917, 107
Trd, 259032.933, 100
Trd, 259032.967, 114
Trd, 259033.300, 109
Trd, 259033.333, 113
Trd, 259033.467, 108
Trd, 259033.517, 122
Trd, 259033.567, 103
Trd, 259033.717, 136
Trd, 259033.783, 101
Trd, 259034.000, 128
Trd, 259034.300, 78
Trd, 259035.067, 76
Trd, 259035.083, 89
Trd, 259035.333, 75
Trd, 259035.433, 109
Trd, 259035.583, 113
Trd, 259035.750, 82
Trd, 259035.817, 66
Trd, 259036.283, 66
Trd, 259036.617, 70
Trd, 259036.650, 76
Trd, 259036.950, 83
Trd, 259037.683, 114
Trd, 259037.783, 67
Trd, 259037.983, 135
Trd, 259038.050, 136
Trd, 259038.350, 86
Trd, 259038.583, 67
Trd, 259039.100, 81
Trd, 259039.150, 81
Trd, 259039.233, 81
Trd, 259039.350, 88
Trd, 259039.600, 135
Trd, 259039.850, 128
Trd, 259040.033, 135
Trd, 259040.650, 131
Trd, 259040.917, 130
Trd, 259041.200, 132
Trd, 259041.517, 134
Trd, 259041.667, 131
Trd, 259042.317, 133
Trd, 259042.567, 124
Trd, 259042.800, 123
Trd, 259043.517, 132
Trd, 259043.583, 117
Trd, 259043.667, 117
Trd, 259043.783, 115
Trd, 259044.283, 130
Trd, 259044.300, 133
Trd, 259044.483, 129
Trd, 259044.650, 128
Trd, 259044.800, 119
Trd, 259044.867, 118
Trd, 259045.117, 119
Trd, 259045.400, 99
Trd, 259045.667, 125
Trd, 259046.083, 97
Trd, 259046.667, 126
Trd, 259046.883, 103
Trd, 259047.100, 130
Trd, 259047.200, 96
Trd, 259047.333, 97
Trd, 259047.483, 110
Trd, 259047.817, 103
Trd, 259047.967, 94
Trd, 259048.017, 108
Trd, 259048.400, 123
Trd, 259048.533, 103
Trd, 259048.700, 129
Trd, 259048.717, 131
Trd, 259048.900, 99
Trd, 259049.400, 105
Trd, 259049.617, 105
Trd, 259050.150, 107
Trd, 259050.267, 129
Trd, 259050.483, 119
Trd, 259051.083, 109
Trd, 259051.117, 108
Trd, 259051.833, 125
Trd, 259051.933, 113
Trd, 259052.167, 126
Trd, 259052.383, 114
Trd, 259052.483, 132
Trd, 259052.633, 111
Trd, 259053.050, 109
Trd, 259053.233, 110
Trd, 259053.517, 135
Trd, 259053.717, 134
Trd, 259053.817, 132
Trd, 259054.150, 109
Trd, 259054.350, 115
Trd, 259054.450, 116
Trd, 259055.017, 106
Trd, 259055.067, 117
Trd, 259055.083, 118
Trd, 259055.167, 104
Trd, 259055.350, 100
Trd, 259055.917, 115
Trd, 259056.117, 115
Trd, 259056.267, 116
Trd, 259056.300, 118
Trd, 259056.817, 127
Trd, 259057.083, 115
Trd, 259057.200, 124
Trd, 259057.417, 114
Trd, 259057.500, 131
Trd, 259057.767, 124
Trd, 259057.850, 118
Trd, 259058.017, 113
Trd, 259058.800, 84
Trd, 259058.933, 123
Trd, 259058.967, 137
Trd, 259059.217, 122
Trd, 259059.300, 121
Trd, 259059.533, 101
Trd, 259060.183, 122
Trd, 259060.200, 120
Trd, 259060.267, 87
Trd, 259060.850, 91
Trd, 259061.317, 135
Trd, 259061.383, 133
Trd, 259062.117, 140
Trd, 259062.400, 140
Trd, 259062.533, 140
Trd, 259063.200, 140
Trd, 259063.350, 140
Trd, 259063.400, 140
Trd, 259063.467, 138
Trd, 259063.550, 136
Trd, 259063.833, 139
Trd, 259064.050, 139
Trd, 259064.317, 128
Trd, 259064.567, 114
Trd, 259064.733, 124
Trd, 259064.817, 109
Trd, 259064.867, 109
Trd, 259065.517, 129
Trd, 259065.817, 133
Trd, 259066.117, 102
Trd, 259066.333, 130
Trd, 259066.400, 131
Trd, 259066.700, 129
Trd, 259067.150, 135
Trd, 259067.467, 136
Trd, 259067.817, 135
Trd, 259068.000, 135
Trd, 259068.083, 127
Trd, 259068.300, 123
Trd, 259068.483, 112
Trd, 259069.200, 140
Trd, 259069.250, 140
Trd, 259069.717, 140
Trd, 259069.883, 140
Trd, 259070.083, 139
Trd, 259070.433, 138
Trd, 259070.767, 138
Trd, 259070.917, 140
Trd, 259071.067, 138
Trd, 259071.350, 129
Trd, 259071.700, 119
Trd, 259071.833, 114
Trd, 259072.017, 138
Trd, 259072.133, 137
Trd, 259072.233, 136
Trd, 259072.467, 120
Trd, 259072.950, 124
Trd, 259073.167, 138
Trd, 259073.200, 130
Trd, 259073.400, 121
Trd, 259073.450, 137
Trd, 259073.983, 113
Trd, 259074.617, 131
Trd, 259074.733, 129
Trd, 259075.117, 125
Trd, 259075.167, 140
Trd, 259075.483, 125
Trd, 259075.900, 140
Trd, 259076.167, 124
Trd, 259076.267, 120
Trd, 259076.450, 119
Trd, 259076.750, 137
Trd, 259076.783, 134
Trd, 259077.133, 133
Trd, 259077.150, 131
Trd, 259077.383, 116
Trd, 259077.450, 116
Trd, 259077.850, 117
Trd, 259078.350, 137
Trd, 259078.583, 131
Trd, 259078.600, 126
Trd, 259078.800, 115
Trd, 259078.933, 122
Trd, 259079.383, 116
Trd, 259079.433, 110
Trd, 259079.500, 131
Trd, 259080.417, 140
Trd, 259080.617, 140
Trd, 259080.867, 140
Trd, 259080.950, 140
Trd, 259081.033, 140
Trd, 259081.467, 138
Trd, 259081.500, 121
Trd, 259081.567, 119
Trd, 259082.033, 131
Trd, 259082.633, 126
Trd, 259082.783, 135
Trd, 259082.933, 126
Trd, 259083.033, 119
Trd, 259083.317, 140
Trd, 259083.967, 140
Trd, 259084.400, 140
Trd, 259084.450, 140
Trd, 259084.567, 132
Trd, 259084.850, 132
Trd, 259085.300, 135
Trd, 259085.750, 120
Trd, 259085.800, 129
Trd, 259086.050, 127
Trd, 259086.083, 117
Trd, 259086.200, 112
Trd, 259086.267, 105
Trd, 259086.350, 127
Trd, 259087.250, 127
Trd, 259087.467, 120
Trd, 259087.583, 119
Trd, 259087.650, 125
Trd, 259087.733, 131
Trd, 259087.767, 115
Trd, 259088.100, 108
Trd, 259088.233, 107
Trd, 259088.267, 106
Trd, 259088.383, 103
Trd, 259089.167, 134
Trd, 259089.667, 124
Trd, 259089.767, 124
Trd, 259090.150, 122
Trd, 259090.483, 140
Trd, 259090.567, 140
Trd, 259090.633, 140
Trd, 259090.933, 128
Trd, 259091.450, 133
Trd, 259091.467, 132
Trd, 259091.750, 132
Trd, 259092.083, 134
Trd, 259092.183, 133
Trd, 259092.533, 130
Trd, 259092.600, 129
Trd, 259093.150, 130
Trd, 259093.200, 131
Trd, 259093.267, 128
Trd, 259093.783, 121
Trd, 259093.833, 138
Trd, 259093.867, 116
Trd, 259094.167, 113
Trd, 259094.233, 124
Trd, 259094.450, 92
Trd, 259094.467, 139
Trd, 259094.483, 89
Trd, 259094.650, 85
Trd, 259094.983, 79
Trd, 259095.133, 140
Trd, 259095.517, 126
Trd, 259096.017, 138
Trd, 259096.100, 137
Trd, 259096.367, 126
Trd, 259097.017, 128
Trd, 259097.350, 124
Trd, 259097.633, 105
Trd, 259097.683, 129
Trd, 259098.017, 111
Trd, 259098.150, 123
Trd, 259098.300, 133
Trd, 259098.333, 109
Trd, 259098.783, 136
Trd, 259098.933, 135
Trd, 259098.983, 134
Trd, 259099.033, 136
Trd, 259099.083, 124
Trd, 259099.133, 116
Trd, 259099.800, 137
Trd, 259099.850, 104
Trd, 259100.617, 106
Trd, 259100.700, 105
Trd, 259100.717, 128
Trd, 259100.850, 104
Trd, 259101.200, 102
Trd, 259102.100, 125
Trd, 259102.350, 125
Trd, 259102.417, 133
Trd, 259102.850, 136
Trd, 259103.100, 135
Trd, 259103.667, 123
Trd, 259103.717, 122
Trd, 259103.750, 120
Trd, 259103.800, 112
Trd, 259103.883, 91
Trd, 259104.100, 132
Trd, 259104.167, 133
Trd, 259104.200, 84
Trd, 259104.500, 96
Trd, 259104.683, 92
Trd, 259105.333, 121
Trd, 259105.517, 121
Trd, 259105.733, 121
Trd, 259105.933, 119
Trd, 259105.983, 134
Trd, 259106.583, 133
Trd, 259106.917, 137
Trd, 259106.933, 133
Trd, 259107.700, 137
Trd, 259108.067, 140
Trd, 259108.250, 139
Trd, 259108.450, 136
Trd, 259108.567, 135
Trd, 259108.667, 132
Trd, 259109.100, 134
Trd, 259109.333, 132
Trd, 259109.550, 130
Trd, 259109.567, 133
Trd, 259109.633, 129
Trd, 259109.750, 128
Trd, 259109.850, 127
Trd, 259110.500, 124
Trd, 259110.683, 123
Trd, 259110.800, 120
Trd, 259111.017, 126
Trd, 259111.083, 132
Trd, 259111.233, 120
Trd, 259111.483, 129
Trd, 259111.533, 119
Trd, 259111.633, 135
Trd, 259111.850, 129
Trd, 259111.883, 119
Trd, 259112.050, 107
Trd, 259112.917, 115
Trd, 259113.483, 128
Trd, 259113.700, 135
Trd, 259113.767, 134
Trd, 259113.817, 126
Trd, 259113.900, 122
Trd, 259114.383, 122
Trd, 259114.950, 105
Trd, 259115.150, 124
Trd, 259115.333, 118
Trd, 259115.483, 117
Trd, 259115.617, 123
Trd, 259115.850, 132
Trd, 259115.917, 120
Trd, 259115.933, 133
Trd, 259116.300, 116
Trd, 259116.617, 132
Trd, 259116.833, 114
Trd, 259117.167, 140
Trd, 259117.717, 109
Trd, 259117.867, 107
Trd, 259118.217, 99
Trd, 259118.317, 98
Trd, 259118.350, 125
Trd, 259118.617, 85
Trd, 259118.767, 98
Trd, 259118.817, 80
Trd, 259119.100, 99
Trd, 259119.233, 85
Trd, 259119.300, 83
Trd, 259119.333, 109
Trd, 259119.533, 83
Trd, 259120.033, 106
Trd, 259120.133, 87
Trd, 259120.417, 114
Trd, 259120.683, 86
Trd, 259120.750, 85
Trd, 259120.850, 100
Trd, 259121.067, 81
Trd, 259121.133, 89
Trd, 259121.700, 101
Trd, 259122.117, 113
Trd, 259122.150, 89
Trd, 259122.550, 128
Trd, 259122.700, 127
Trd, 259123.083, 139
Trd, 259123.800, 140
Trd, 259124.150, 140
Trd, 259124.700, 140
Trd, 259124.717, 138
Trd, 259124.817, 138
Trd, 259125.017, 136
Trd, 259125.383, 127
Trd, 259125.700, 137
Trd, 259125.950, 137
Trd, 259126.150, 135
Trd, 259126.250, 128
Trd, 259126.350, 124
Trd, 259126.567, 139
Trd, 259127.067, 126
Trd, 259127.083, 125
Trd, 259127.483, 119
Trd, 259127.717, 128
Trd, 259127.783, 119
Trd, 259127.867, 118
Trd, 259128.000, 133
Trd, 259128.850, 131
Trd, 259128.883, 126
Trd, 259129.250, 133
Trd, 259129.267, 119
Trd, 259129.400, 118
Trd, 259129.733, 117
Trd, 259129.900, 115
Trd, 259129.967, 119
Trd, 259130.333, 123
Trd, 259130.400, 116
Trd, 259130.467, 115
Trd, 259130.550, 115
Trd, 259130.583, 124
Trd, 259130.650, 108
Trd, 259130.967, 110
Trd, 259130.983, 109
Trd, 259131.050, 106
Trd, 259131.550, 115
Trd, 259132.217, 109
Trd, 259132.250, 107
Trd, 259132.383, 118
Trd, 259132.517, 79
Trd, 259132.750, 88
Trd, 259133.033, 107
Trd, 259133.150, 86
Trd, 259133.233, 108
Trd, 259133.267, 79
Trd, 259133.517, 102
Trd, 259133.817, 81
Trd, 259134.450, 131
Trd, 259134.600, 130
Trd, 259135.117, 137
Trd, 259135.133, 135
Trd, 259135.333, 137
Trd, 259135.483, 136
Trd, 259135.833, 137
Trd, 259135.933, 137
Trd, 259136.217, 137
Trd, 259136.367, 135
Trd, 259136.467, 132
Trd, 259137.250, 134
Trd, 259137.283, 125
Trd, 259137.450, 125
Trd, 259137.783, 125
Trd, 259138.083, 139
Trd, 259138.450, 133
Trd, 259138.683, 134
Trd, 259138.717, 138
Trd, 259139.533, 135
Trd, 259139.883, 136
Trd, 259140.133, 134
Trd, 259140.217, 137
Trd, 259140.883, 139
Trd, 259140.950, 130
Trd, 259141.233, 128
Trd, 259142.017, 124
Trd, 259142.117, 123
Trd, 259142.300, 107
Trd, 259142.333, 106
Trd, 259142.383, 108
Trd, 259142.583, 99
Trd, 259143.317, 118
Trd, 259143.800, 117
Trd, 259143.917, 115
Trd, 259144.067, 114
Trd, 259144.467, 109
Trd, 259144.550, 100
Trd, 259144.567, 120
Trd, 259144.900, 100
Trd, 259145.050, 139
Trd, 259145.417, 138
Trd, 259145.517, 134
Trd, 259145.883, 130
Trd, 259146.017, 128
Trd, 259146.633, 133
Trd, 259146.733, 138
Trd, 259147.017, 134
Trd, 259147.167, 139
Trd, 259147.517, 140
Trd, 259147.650, 139
Trd, 259148.217, 133
Trd, 259148.650, 140
Trd, 259149.083, 140
Trd, 259149.183, 140
Trd, 259149.417, 140
Trd, 259149.667, 135
Trd, 259149.683, 118
Trd, 259150.167, 128
Trd, 259150.267, 127
Trd, 259150.483, 122
Trd, 259150.767, 137
Trd, 259150.917, 136
Trd, 259151.000, 123
Trd, 259151.267, 140
Trd, 259151.467, 115
Trd, 259151.700, 136
Trd, 259152.150, 130
Trd, 259152.583, 133
Trd, 259152.667, 131
Trd, 259152.717, 114
Trd, 259152.733, 111
Trd, 259152.783, 132
Trd, 259152.817, 132
Trd, 259153.217, 127
Trd, 259153.283, 129
Trd, 259153.367, 118
Trd, 259153.633, 131
Trd, 259153.683, 130
Trd, 259153.783, 115
Trd, 259153.833, 104
Trd, 259154.517, 133
Trd, 259154.533, 132
Trd, 259154.700, 106
Trd, 259155.000, 104
Trd, 259155.600, 129
Trd, 259156.150, 129
Trd, 259156.233, 128
Trd, 259156.700, 134
Trd, 259156.750, 131
Trd, 259156.850, 115
Trd, 259156.983, 91
Trd, 259157.133, 89
Trd, 259157.383, 89
Trd, 259157.633, 135
Trd, 259157.917, 134
Trd, 259158.050, 122
Trd, 259158.217, 101
Trd, 259158.583, 128
Trd, 259158.650, 117
Trd, 259158.967, 100
Trd, 259159.367, 99
Trd, 259159.750, 112
Trd, 259159.833, 98
Trd, 259159.917, 112
Trd, 259159.950, 118
Trd, 259160.300, 138
Trd, 259160.350, 137
Trd, 259160.667, 140
Trd, 259160.733, 140
Trd, 259161.167, 139
Trd, 259161.250, 139
Trd, 259161.617, 138
Trd, 259161.900, 137
Trd, 259162.850, 119
Trd, 259163.183, 132
Trd, 259163.250, 117
Trd, 259163.367, 112
Trd, 259163.633, 140
Trd, 259164.283, 140
Trd, 259164.833, 140
Trd, 259165.017, 140
Trd, 259165.317, 139
Trd, 259165.650, 138
Trd, 259165.733, 129
Trd, 259165.900, 128
Trd, 259166.783, 137
Trd, 259167.067, 138
Trd, 259167.117, 138
Trd, 259167.267, 137
Trd, 259167.333, 136
Trd, 259167.517, 134
Trd, 259167.650, 138
Trd, 259167.850, 128
Trd, 259168.500, 140
Trd, 259168.683, 139
Trd, 259168.750, 128
Trd, 259168.783, 126
Trd, 259169.167, 121
Trd, 259169.317, 137
Trd, 259169.417, 120
Trd, 259169.917, 120
Trd, 259170.283, 119
Trd, 259170.383, 125
Trd, 259170.633, 118
Trd, 259171.000, 122
Trd, 259171.583, 130
Trd, 259171.633, 129
Trd, 259171.683, 128
Trd, 259171.850, 129
Trd, 259172.000, 114
Trd, 259172.133, 114
Trd, 259172.267, 113
Trd, 259172.617, 127
Trd, 259172.750, 113
Trd, 259173.300, 125
Trd, 259173.467, 123
Trd, 259174.267, 112
Trd, 259174.400, 113
Trd, 259174.550, 128
Trd, 259174.817, 132
Trd, 259174.967, 122
Trd, 259175.167, 139
Trd, 259175.200, 121
Trd, 259175.267, 113
Trd, 259175.283, 112
Trd, 259175.350, 140
Trd, 259175.567, 137
Trd, 259175.767, 115
Trd, 259175.833, 115
Trd, 259176.067, 115
Trd, 259176.133, 114
Trd, 259176.717, 129
Trd, 259176.850, 110
Trd, 259177.250, 137
Trd, 259177.283, 132
Trd, 259177.483, 121
Trd, 259177.983, 131
Trd, 259178.017, 121
Trd, 259178.483, 120
Trd, 259179.067, 112
Trd, 259179.633, 127
Trd, 259179.950, 111
Trd, 259179.967, 110
Trd, 259179.983, 109
Trd, 259180.200, 125
Trd, 259180.283, 127
Trd, 259180.300, 129
Trd, 259180.367, 95
Trd, 259180.617, 96
Trd, 259180.867, 115
Trd, 259181.250, 113
Trd, 259181.433, 117
Trd, 259181.450, 126
Trd, 259181.600, 124
Trd, 259181.650, 128
Trd, 259181.850, 123
Trd, 259181.950, 126
Trd, 259182.217, 127
Trd, 259182.417, 106
Trd, 259182.467, 100
Trd, 259182.517, 100
Trd, 259183.367, 139
Trd, 259183.417, 138
Trd, 259183.567, 132
Trd, 259184.167, 124
Trd, 259184.283, 123
Trd, 259184.767, 126
Trd, 259185.567, 124
Trd, 259185.633, 123
Trd, 259186.150, 122
Trd, 259186.267, 120
Trd, 259186.317, 118
Trd, 259186.467, 116
Trd, 259186.600, 126
Trd, 259186.650, 128
Trd, 259186.700, 115
Trd, 259187.150, 131
Trd, 259187.167, 125
Trd, 259187.433, 130
Trd, 259187.450, 125
Trd, 259187.733, 124
Trd, 259187.950, 136
Trd, 259188.650, 140
Trd, 259188.683, 135
Trd, 259188.750, 134
Trd, 259189.433, 135
Trd, 259189.817, 134
Trd, 259189.833, 133
Trd, 259190.150, 133
Trd, 259190.283, 135
Trd, 259190.350, 126
Trd, 259190.583, 125
Trd, 259190.883, 110
Trd, 259191.000, 106
Trd, 259191.317, 119
Trd, 259191.567, 114
Trd, 259191.783, 129
Trd, 259192.133, 113
Trd, 259192.200, 111
Trd, 259192.350, 105
Trd, 259193.167, 127
Trd, 259193.183, 126
Trd, 259193.650, 132
Trd, 259193.900, 126
Trd, 259194.067, 130
Trd, 259194.167, 124
Trd, 259194.350, 135
Trd, 259194.400, 114
Trd, 259194.483, 113
Trd, 259194.650, 110
Trd, 259194.933, 111
Trd, 259195.600, 128
Trd, 259195.667, 135
Trd, 259195.867, 127
Trd, 259196.050, 132
Trd, 259196.083, 121
Trd, 259196.150, 119
Trd, 259196.300, 96
Trd, 259196.750, 140
Trd, 259196.900, 120
Trd, 259197.150, 121
Trd, 259197.250, 120
Trd, 259197.667, 111
Trd, 259197.717, 110
Trd, 259197.867, 125
Trd, 259197.950, 111
Trd, 259197.967, 110
Trd, 259198.133, 109
Trd, 259198.183, 124
Trd, 259199.400, 139
Trd, 259199.517, 138
